1913 2417
665 172 1153 213 ORAT10.·;
1556 174 1608 216 2⁷}

119 272 311 307 violentiore
346 270 455 303 renisu
486 268 646 313 erumpit,
677 269 761 301 sicut
788 276 911 301 torrens
926 292 936 305 ‚
967 268 1025 311 qui
1055 271 1145 298 aucta
1172 265 1207 296 in
1235 265 1381 309 singulos
1409 265 1476 297 dies
1510 266 1602 297 mole,

121 341 281 375 aquarum
321 339 434 361 omnes
467 338 596 370 aggeres
639 327 830 370 impotenter
865 325 1057 369 perfringit,
1088 324 1326 366 humanamque
1362 325 1429 354 vim
1461 321 1596 354 eludens

121 389 157 420 in
190 398 287 419 omne
319 384 471 418 volubilis
503 394 617 416 aevum
657 383 785 414 labitur.
840 382 1141 423 Quoniodocunque
1174 380 1271 422 igitur
1302 378 1342 411 de
1363 378 1499 422 singulis
1521 379 1595 422 qui·

119 444 258 476 busdam
296 441 534 473 narrationibus
568 441 747 483 Scripturae
775 450 881 470 sacrae
917 439 957 469 ab
987 438 1048 469 hoc
1076 436 1126 467 vel
1152 436 1207 467 illo
1234 442 1389 467 statuatur
1418 443 1513 479 atque
1542 437 1593 478 ju-

118 500 260 539 dicetur,
292 505 437 538 aeternus
463 497 567 529 Libris
589 498 686 528 sacris
712 507 889 540 eorumque
911 494 1095 527 auctoribus
1118 493 1212 524 etiam
1236 492 1276 524 ab
1303 493 1362 524 hac
1381 499 1470 536 parte
1492 493 1595 524 honos

119 563 375 600 perpetuumque
397 554 537 598 pretium
562 553 732 586 constabit.

163 612 289 652 Quibus
320 611 472 643 historica
508 612 615 643 minus
647 611 792 654 placent,
824 609 876 640 his
908 617 1058 651 generose
1082 608 1169 639 Deus
1198 606 1339 650 providit
1369 606 1440 638 aliis
1469 605 1593 645 modis,

118 675 156 700 ut
177 675 209 700 et
231 668 292 710 ipsi
319 669 482 711 Scriptura
506 679 593 700 sacra
625 668 776 710 magistra
806 667 854 698 uti
885 666 1019 709 possint.
1079 665 1161 695 Nam
1193 670 1279 694 tanta
1311 670 1359 694 est
1391 664 1461 705 ejus
1497 661 1596 694 uber-⁴

120 731 186 763 tas,
209 731 244 755 ut
271 725 299 755 si
331 725 440 755 omnia
470 723 550 755 faeta
582 736 621 755 ex
649 735 684 755 ea
715 723 928 760 tollerentur,
959 721 1121 752 neminem
1159 726 1267 751 tamen
1295 729 1365 750 eam
1397 719 1596 750 consuluisse

124 781 296 824 poeniteat.
358 781 486 823 Spernis
519 780 669 811 narrandi
695 779 850 816 modum,
881 788 977 821 quem
1001 778 1174 819 antiquitas
1206 782 1312 807 secuta
1336 776 1405 806 est?
1449 776 1598 808 Carmina

120 844 152 869 te
175 836 307 869 forsitan
331 836 488 868 delectant
505 862 514 876 ‚
545 844 576 869 et
596 848 647 868 ars
677 836 732 872 illa,
756 834 940 867 reconditae
965 834 1140 866 venustatis
1156 856 1165 872 ‚
1199 833 1324 876 poesis,
1355 843 1452 875 quam
1486 839 1598 865 vatum

120 895 387 925 Germanicorum
409 895 558 937 princeps
582 894 719 936 Spiritus
745 893 848 924 sancti
878 892 1080 923 imitatricem
1103 889 1251 926 vocavit,
1273 900 1433 921 accessum
1457 889 1518 920 sibi
1543 900 1598 932 pa·

119 950 203 982 rabit
226 951 266 982 ad
290 952 436 982 animum
458 958 552 982 tuum
577 949 795 987 movendum,
821 959 933 981 sensus
955 950 1026 991 pios
1047 945 1266 985 immutandos,
1289 945 1484 977 desiderium
1510 956 1599 978 sum·

119 1008 166 1038 mi
194 1007 273 1038 boni
295 1007 500 1039 excitandum
517 1031 526 1046 ,
557 1014 589 1039 et
619 1010 837 1042 sanctitatem,
871 1017 936 1048 qua
968 1015 1098 1036 summo
1122 1014 1230 1034 rerum
1271 1001 1392 1034 arbitro
1415 1002 1596 1045 placeatur,

120 1062 181 1094 tibi
209 1064 510 1096 commendandam.
557 1065 625 1096 Hac
644 1065 731 1095 enim
758 1071 823 1093 arte
846 1069 883 1093 ut
906 1061 995 1093 nulla
1019 1061 1201 1102 antiquior,
1225 1060 1268 1090 ita
1292 1059 1380 1090 nulla
1405 1058 1597 1100 jucundior,

118 1119 239 1162 quippe
258 1131 339 1163 quae
357 1121 443 1164 apud
456 1120 552 1153 rudes
572 1121 689 1163 pariter
707 1125 803 1163 atque
822 1118 954 1159 doctos,
970 1117 1057 1162 apud
1074 1116 1223 1148 remissos
1248 1126 1348 1158 aeque
1370 1121 1466 1158 atque
1481 1125 1594 1158 graves

119 1174 231 1207 laudes
259 1183 289 1208 et
319 1178 453 1220 gratiam
482 1184 530 1210 est
565 1183 756 1216 consecuta3
789 1187 872 1220 quae
901 1176 1046 1207 animum
1084 1173 1243 1206 defessum
1269 1178 1403 1207 recreat,
1430 1171 1598 1205 turbatum

119 1230 216 1271 lenit,
245 1244 434 1276 oppressum
458 1235 574 1276 erigit,
606 1235 763 1267 virtutum
787 1231 946 1276 igniculos
979 1230 1066 1263 fovet
1089 1241 1126 1261 ac
1153 1229 1274 1267 nutrit,
1305 1227 1537 1273 hominemque
1558 1228 1600 1261 ad

117 1288 272 1331 pulchra,
294 1289 426 1328 decora,
449 1290 609 1329 sublima,
633 1291 744 1323 diviua
769 1290 886 1322 evehit.
943 1287 1028 1320 Talia
1053 1288 1081 1318 si
1104 1297 1237 1330 quaeras
1266 1286 1302 1317 in
1334 1287 1365 1319 S.
1380 1287 1432 1324 S.‚
1467 1287 1597 1328 amplis·

118 1344 240 1375 simum
265 1347 428 1388 quendam
455 1354 488 1379 et
513 1346 779 1379 florentissimum
801 1356 952 1389 campum
982 1343 1171 1387 ingredieris
1193 1343 1374 1374 carminum
1400 1340 1597 1373 sublimitate

118 1407 151 1433 et
175 1404 323 1434 varietate
349 1404 538 1446 insignium.
583 1404 646 1436 Sed
674 1404 777 1445 absit,
807 1410 844 1435 ut
870 1403 923 1434 hic
950 1401 1134 1446 pertractari
1158 1410 1249 1442 posse
1274 1403 1401 1440 putem,
1429 1397 1518 1440 quod
1550 1404 1599 1430 at·

120 1458 230 1500 tigisse
262 1459 380 1492 sufficit
399 1485 409 1499 ‚
439 1461 593 1504 quodque
627 1460 669 1492 ad
702 1461 840 1503 ingeniis
877 1457 1157 1504 praestantissimis
1186 1455 1332 1498 agnitum
1376 1461 1471 1496 atque
1503 1453 1598 1487 intel-

122 1512 262 1553 lectum,
297 1517 386 1559 quod
407 1528 423 1547 a
449 1519 525 1549 viris
550 1518 753 1556 clarissimis,
787 1516 927 1559 Anglis,
957 1516 1101 1552 Batavis,
1132 1514 1304 1545 Germanis
1341 1512 1485 1542 certatim
1520 1522 1598 1543 cum

120 1579 246 1602 summa
275 1579 306 1603 et
335 1575 488 1615 gravitate
520 1581 552 1605 et
580 1575 736 1616 elegantia
768 1580 814 1604 est
849 1579 1015 1604 ostensum
1047 1578 1144 1613 atque
1173 1571 1365 1611 expositum.
1419 1569 1506 1600 Num
1535 1568 1596 1600 du.

122 1625 214 1657 bium
236 1628 342 1660 adhuc
367 1630 469 1661 videri
498 1637 629 1673 potest,
659 1631 739 1673 quin
769 1632 854 1660 Deus·
879 1629 938 1660 hac
963 1626 1309 1672 praestantissimorum
1332 1626 1514 1656 carminum
1538 1637 1594 1657 co·

121 1685 176 1727 pia
197 1695 272 1715 cum
302 1686 455 1718 omnibus
483 1686 670 1718 hominibus
693 1687 912 1722 consuluerit,
948 1692 1018 1717 tum
1040 1683 1229 1727 praesertim
1252 1683 1291 1713 iis
1315 1683 1513 1725 providerit,
1537 1683 1595 1726 qui

119 1740 271 1773 dictionis
303 1743 393 1774 cultu
431 1751 527 1786 atque
557 1743 752 1775 sublimitate
780 1744 970 1779 ducuntur,
998 1748 1029 1773 et
1062 1740 1205 1772 carmina
1237 1739 1270 1770 in
1306 1738 1427 1771 deliciis
1455 1741 1596 1773 habent?

123 1797 205 1829 Nam
241 1806 277 1830 ut
303 1799 439 1842 largiar,
469 1811 537 1831 non
566 1801 676 1831 omnia
702 1806 734 1830 et
766 1799 892 1842 singula
925 1798 979 1829 illa
1008 1798 1144 1841 singulis
1172 1803 1204 1826 et
1230 1795 1383 1827 omnibus
1409 1796 1596 1830 hominibus

123 1855 240 1896 quovis
274 1856 373 1886 animi
403 1863 436 1887 et
460 1858 544 1887 vitae
571 1863 655 1888 statu
685 1856 924 1887 accommodata
956 1865 1052 1886 esse:
1082 1854 1142 1885 alia
1168 1853 1255 1884 enim
1282 1853 1408 1896 placent
1440 1855 1595 1894 rudibus,

123 1910 184 1941 alia
207 1910 328 1951 doctis;
350 1912 408 1944 alia
431 1914 548 1956 juvant
568 1923 734 1948 summm,
757 1912 817 1944 alia
844 1910 990 1952 infimos;
1012 1911 1072 1942 alia
1097 1917 1203 1942 amant
1230 1911 1386 1953 juvenes,
1410 1910 1470 1942 alia
1491 1923 1598 1951 senes;

123 1965 193 1999 aliis
221 1967 418 2003 delectantur
446 1970 559 2015 populi
595 1970 783 2010 orientales,
813 1970 883 2002 aliis
913 1968 1142 2002 occidentales:
1173 1979 1402 2012 unusquisque
1423 1975 1526 2000 tamen
1551 1969 1597 1999 sa·

897 2028 924 2056 D
949 2037 967 2060 2
1557 2024 1600 2053 ci·
