1913 2417
307 153 691 195 COMMENTATio
716 171 764 193 »ι
794 159 1104 193 ΑΡΜΝΙΤΑΤἘ
1131 151 1373 194 cunnum.
1562 157 1611 192 η’

92 247 227 285 oxygenii
250 249 423 284 compositis
448 248 627 283 acciderent,
648 247 793 276 conclusit
817 247 906 276 Doct.
924 247 1072 282 Falcner,
1094 252 1231 282 azotum,
1253 246 1331 282 quod
1352 254 1460 282 corpus
1478 244 1601 280 simplex

93 300 142 328 diu
166 299 222 328 fuit
250 300 398 334 habitum,
421 307 483 328 esse
504 300 700 335 compositum
724 307 758 327 ex
775 299 919 336 oxygenio
945 305 971 326 et
996 298 1057 327 basi
1078 298 1200 334 quadam
1225 298 1333 326 uitrico
1355 297 1388 325 ab
1416 297 1484 332 ipso
1502 298 1600 333 dicta,

92 351 174 387 quod
195 352 251 388 jam
277 358 358 380 antea
381 351 513 380 nonnulli
541 350 680 386 suspicati
707 350 836 379 Fuerunt.
878 350 908 378 Si
931 350 998 379 haec
1022 350 1124 386 opinio
1151 358 1216 380 vera
1239 349 1298 384 sit,
1327 349 1424 384 plures
1447 348 1535 385 hujus
1557 349 1603 376 m·-

91 405 164 432 trici
191 402 420 431 combinationes
450 402 600 437 adessent,
629 408 656 430 et
681 402 796 438 quidem
829 402 868 430 ita
892 408 924 429 ut
956 401 987 430 in
1012 408 1099 430 azoto
1121 410 1135 437 3
1160 406 1235 436 part;
1265 399 1361 428 nitrici
1389 400 1604 436 conjungantur

88 462 158 484 eum
180 463 198 492 4
219 460 292 490 part.
320 453 471 490 oxygenii:
494 453 524 482 in
548 453 608 481 aere
627 454 856 489 atmosphaerico
880 461 944 481 cum
972 453 989 481 6
1009 458 1082 488 part.
1109 460 1185 489 oxyg
1206 461 1218 481 τ
1236 451 1273 480 in‘
1289 451 1417 487 oxydulo
1438 450 1515 479 azoti
1532 458 1600 479 cum

88 505 110 534 8·
126 511 221 541 paru:
243 504 272 532 in
297 512 346 540 gas
372 505 492 533 nitroso·
518 512 582 532 cum
616 512 674 540 ια,
702 505 731 533 in
763 504 846 533 acido
883 504 1046 540 pernitroso
1077 503 1278 541 (pernitreux
1305 504 1351 531 lll·.
1387 501 1451 538 Gay
1481 502 1600 538 Lusac)

89 560 157 585 cum
187 556 221 585 16
243 561 334 591 part.:
357 555 386 584 in
412 555 493 584 acido
516 555 629 584 nitroso
658 564 725 584 cum
749 564 785 585 20
809 562 837 584 et
859 555 982 591 denique
1011 556 1039 583 in
1065 555 1151 583 acido·
1179 555 1284 583 uitrico
1309 563 1380 582 cum'
1407 562 1443 590 24
1464 552 1600 589 exygenii

87 614 191 644 part.;
222 607 296 635 unde
320 606 415 642 quoad
448 606 542 635 nitrici
574 615 638 635 cum
672 607 815 644 oxygonio
850 606 1081 635 combinationes
1112 606 1167 635 hoc
1199 605 1452 639 concludendum,
1482 604 1598 640 ponjus

89 664 108 697 3
131 664 204 695 part.
231 657 326 686 nitrici
349 664 399 686 aut
421 658 548 694 multipli
569 666 584 695 3
604 665 700 695 part.,
725 658 862 694 componi
883 666 949 686 cum
978 658 1102 693 pondere
1124 666 1139 685 2
1164 663 1239 693 part.
1265 664 1314 685 aut
1337 657 1465 692 nrultipli
1488 665 1504 684 Ω
1523 663 1601 699 part.

89 709 254 747 exygeniis
278 708 358 738 Patet
381 709 462 738 etiam
487 709 623 746 oxygem‘i
651 710 845 745 quantitates,
875 710 968 737 eadem
1003 715 1132 737 manente
1153 707 1200 736 illa
1225 707 1321 736 uitrici
1344 716 1406 736 esse
1427 717 1463 734 z
1486 717 1501 735 2
1523 717 1533 734 τ
1553 716 1568 743 3
1590 716 1600 737 z

88 769 107 800 4
129 771 136 788 ι
157 762 174 789 6
195 770 204 787 z
225 761 239 789 8
263 769 270 786 ε
294 769 327 789 10
348 768 356 786 ε
380 767 412 789 12
440 760 469 789 in
498 769 557 796 quo
591 760 689 795 itaque
718 760 884 789 confirmata
917 760 1046 788 videmus
1076 768 1108 788 ea
1133 761 1204 795 qua‘e
1231 749 1282 787 ad'
1302 759 1479 787 metallorum
1510 758 1603 795 oxyda

94 812 170 841 dicta
198 815 277 840 sunt.
327 810 534 840 Desiderantur
555 810 623 839 Vero
650 818 677 839 et
702 811 748 839 hic
774 812 887 847 quidam
915 811 1043 845 numeri,
1075 819 1134 846 quo
1160 811 1254 838 minus
1278 810 1363 838 series
1398 809 1521 844 perfecta
1545 808 1604 837 dici

92 868 214 900 posset,
236 862 287 897 qui
317 869 410 890 tamen
432 861 532 890 forsan
558 862 691 897 deinceps
721 862 913 891 invenientur.
955 861 1134 898 Hydrogenii
1158 869 1223 890 cum
1248 861 1392 898 oxygenio
1414 860 1604 890 combinatio·

87 921 141 944 nes
164 915 278 942 eandem
301 913 391 949 legem
412 914 554 950 produnt.
1478 920 1481 923 ⁴

116 964 225 1001 *Leges
246 964 312 993 illae
332 972 404 1000 quas
428 964 637 1000 proposuimus
651 986 660 1001 ,
682 965 787 994 directe
807 973 840 993 ex
863 964 1129 993 combinationibus
1153 964 1293 993 chemicis
1322 963 1539 999 conficiuntur,
1561 969 1604 992 at·-

92 1015 150 1052 ifue
176 1016 245 1044 tales
279 1022 367 1050 sunt,
395 1021 430 1044 ut
456 1016 573 1052 cognita
600 1016 759 1052 quantitate
794 1017 918 1053 alicujus
951 1016 1084 1050 corporis
1117 1016 1145 1044 in
1169 1016 1259 1051 prima
1289 1023 1340 1043 sua
1372 1015 1606 1051 combinatione,

91 1072 122 1096 v.
145 1075 174 1103 g.
197 1067 331 1103 oxygenii
357 1066 387 1095 in
410 1068 594 1104 protoxydo,
623 1067 697 1096 viam
727 1073 852 1095 sternant
876 1067 910 1095 ad
932 1067 1160 1102 cognoscendam
1186 1075 1244 1095 eam
1271 1066 1457 1101 quantitatem
1484 1066 1513 1095 in
1538 1068 1608 1095 deu·

89 1118 200 1154 toxydo
227 1123 254 1145 et
275 1117 304 1145 in
329 1118 467 1155 gradibus
490 1117 672 1155 oxydationis
694 1117 964 1154 subsequentibus3
996 1117 1069 1145 nihil
1093 1125 1160 1145 vero
1180 1126 1235 1146 nos
1258 1119 1362 1147 docent
1383 1120 1417 1147 de
1439 1118 1529 1154 prima
1553 1118 1601 1147 illa

98 1168 260 1205 quantitate
282 1169 312 1196 in
336 1169 474 1198 omnibus
496 1168 555 1198 fere
574 1169 700 1198 diversa:
723 1170 790 1198 hinc
814 1167 944 1204 quamvis
962 1168 1076 1196 maximi
1096 1169 1230 1197 momenti
1248 1170 1308 1198 sint
1329 1170 1380 1198 hae
1397 1170 1490 1206 leges,
1508 1175 1604 1198 tamen

95 1221 286 1248 universalem
312 1225 340 1248 et
362 1220 520 1249 absolutam
542 1220 767 1250 combinationis
785 1220 993 1256 principiorum
1017 1219 1153 1248 rationem
1180 1228 1239 1248 non
1261 1221 1393 1249 reddunt.
1435 1221 1504 1249 Non
1531 1220 1606 1249 indi·

93 1278 179 1305 cant,
199 1279 250 1298 cur
273 1279 303 1298 in
328 1270 374 1298 his
400 1270 522 1299 metallis
544 1271 631 1306 haec,
662 1271 701 1299 in·
717 1270 781 1299 aliis
808 1272 861 1298 alia
884 1271 921 1298 sit
947 1271 1093 1305 quantitas
1121 1270 1215 1305 ipsius
1241 1271 1363 1306 metalli,
1395 1278 1427 1299 ut
1450 1278 1476 1300 et
1500 1279 1607 1308 oxyge·

91 1321 134 1350 nii
158 1320 187 1348 in
211 1321 304 1354 primo
326 1321 510 1357 oxydationis
535 1322 623 1358 gradu
651 1323 828 1358 praesenti53
860 1328 917 1349 non
954 1321 1098 1356 explicant
1132 1329 1185 1348 cur
1207 1322 1413 1350 nonnullorum
1446 1322 1609 1358 principio.

90 1379 152 1400 rum
180 1379 313 1399 numerus
339 1378 477 1400 constans
499 1373 680 1402 observetur.
724 1373 786 1409 Jam
817 1380 888 1401 vero
911 1372 1055 1407 quaeritur
1076 1380 1111 1400 an
1139 1380 1200 1401 non
1228 1379 1256 1400 et
1280 1372 1368 1410 hujus
1391 1373 1429 1402 rei
1454 1373 1525 1402 ratio
1550 1373 1601 1402 ali-

91 1431 148 1460 qua
171 1422 230 1450 dari
255 1422 372 1458 possit?
415 1422 479 1451 Hoc
499 1423 593 1459 itaque
614 1432 692 1452 nunc
712 1423 930 1459 investigemus.

89 1487 91 1489 ·
129 1473 251 1502 Plurimi
271 1474 335 1510 jam<
356 1473 478 1502 chemici
510 1474 544 1502 inr
570 1474 643 1503 hanc
668 1481 726 1502 rem
759 1474 993 1509 inquisiverunt,
1021 1481 1120 1502 verum
1155 1482 1214 1503 non
1243 1475 1300 1503 nisi
1328 1475 1476 1504 recentiori
1505 1475 1604 1512 paullo

92 1530 223 1560 tempore
245 1524 318 1560 ipsis
341 1524 424 1552 licuit
456 1525 614 1561 probabilia
641 1525 777 1561 quaedam
806 1524 945 1560 proferre.
987 1524 1064 1554 Dum
1091 1534 1198 1561 corpus
1228 1527 1371 1561 quoddam
1401 1526 1511 1562 analysi
1537 1525 1608 1554 sub-

91 1576 241 1610 mittatur,
270 1581 303 1602 ut
328 1576 362 1604 de
395 1575 582 1611 proportione
613 1576 822 1612 principiorum
864 1581 1029 1610 constaret,
1059 1576 1097 1604 ita
1132 1584 1351 1612 processerunt,
1382 1584 1414 1605 ut
1447 1585 1501 1606 ico
1522 1585 1551 1605 v.
1578 1584 1606 1613 g.

92 1632 187 1662 partes
214 1627 302 1663 hujus
323 1627 482 1662 compositi
510 1627 687 1662 sumserint,
718 1634 804 1663 atque
827 1627 1057 1663 exploraverint,
1089 1635 1208 1662 quanam
1241 1628 1432 1664 proportione
1461 1627 1604 1664 priricipia

90 1675 121 1706 fn
147 1677 191 1705 his
221 1685 275 1706 100
299 1676 428 1712 partibus
449 1678 691 1707 continerentur:
721 1686 776 1713 qua
805 1678 938 1712 inventa,
967 1686 1060 1706 revera
1097 1686 1219 1713 corpora
1254 1687 1287 1707 ex
1317 1679 1415 1707 eotlem
1448 1679 1604 1714 utriusque

91 1727 228 1764 principii
250 1727 374 1763 partium
400 1737 520 1757 numero
541 1736 675 1757 constare
692 1729 907 1764 perhibuerint:
928 1735 1014 1764 atque
1032 1737 1066 1757 ex
1083 1728 1130 1756 his
1148 1736 1175 1756 et
1198 1729 1344 1758 similibus
1367 1730 1401 1758 de
1424 1730 1523 1765 primis
1541 1737 1606 1758 cor-

91 1784 199 1815 porum
218 1779 371 1808 moleculis
398 1781 526 1814 cogitare
549 1787 727 1815 coeperunt;
756 1786 784 1809 et
811 1780 875 1809 inde
900 1786 965 1808 nata
995 1787 1038 1808 est
1066 1779 1186 1808 celebris
1212 1779 1259 1808 illa
1289 1787 1451 1809 atomorum
1477 1780 1606 1815 theoria,

87 1830 173 1865 cujus
197 1836 299 1859 rectam
325 1831 412 1859 nobis
442 1832 531 1860 ideam
569 1831 680 1867 primus
705 1831 820 1860 tradidit
844 1830 990 1859 Daltotms
1012 1831 1094 1868 (6).
1139 1830 1200 1868 Jam
1234 1831 1447 1867 antiquissimis
1471 1832 1607 1867 tempori-

90 1878 150 1909 bus
174 1880 208 1909 de
230 1881 335 1911 atomis
356 1883 439 1919 plura
464 1883 615 1919 proposita
632 1888 702 1911 sunt
723 1889 813 1918 eaque
831 1882 913 1911 valde
936 1882 1059 1912 absurda
1087 1890 1120 1911 ac
1145 1890 1279 1919 erronea,
1310 1882 1385 1912 unde
1416 1881 1522 1912 factum
1544 1889 1609 1918 est,

1580 1938 1613 1961 ut

113 1993 166 2023 (ί)
185 1995 238 2021 Ἧι
263 1995 297 2022 Ei.
318 1996 377 2019 Neu
397 1998 484 2024 system
505 1996 535 2019 os
550 1997 631 2022 Chem-
650 1996 708 2021 ml.

82 2040 86 2044 .
848 2036 874 2066 C
895 2043 912 2074 ⁸
