1913 2417
295 197 334 231 16
752 199 781 232 J.
846 199 879 231 P.
945 180 1301 230 EJVOUTE

294 291 390 323 dibus
416 302 518 334 usque
540 291 580 323 ad
601 301 758 323 summam
782 290 961 329 doctrinae,
993 301 1074 334 quae
1094 291 1243 333 [rationes
1270 289 1416 322 omnium
1451 290 1593 323 continet
1611 311 1621 328 ,
1653 302 1762 325 ascen-

295 348 370 379 dere
392 348 568 380 videamur.

341 406 380 435 11.
411 407 493 435 Haec
519 412 623 436 autem
649 405 726 436 dum
754 414 991 439 commemoro,
1026 414 1092 434 non
1119 410 1183 434 tam
1214 413 1400 434 enumerare
1434 405 1563 437 inventa
1588 415 1685 447 quam
1711 405 1783 438 inu

296 461 401 492 dicare
433 461 520 492 volui
549 461 731 503 praecipuas
761 471 813 490 eas
837 461 926 498 vias,
960 471 1041 502 quae
1071 459 1110 490 ad
1148 470 1272 490 summa
1302 471 1448 502 quaeque
1484 467 1666 502 patuerunt.
1719 461 1759 492 lu

298 517 416 559 quibus
451 516 585 559 proinde
619 516 701 547 nihil
738 517 954 559 requiremus,
987 517 1015 546 si
1047 515 1171 547 accedat
1201 515 1254 546 illa
1284 517 1406 558 optima
1442 517 1523 547 ratio
1558 517 1759 557 inveniendi,

296 584 359 614 qua
383 579 416 603 et
447 573 514 614 ipsa
536 573 666 604 inventa
690 573 800 603 omnia
825 573 1082 610 concluduntur,
1106 578 1138 603 et
1162 571 1221 602 alia
1246 582 1284 602 ex
1309 571 1380 602 aliis
1403 579 1557 614 perpetuo
1580 579 1759 606 nectantur.

297 629 385 668 Quae
411 628 541 671 quidem
569 639 637 659 non
660 628 721 660 hoc
744 635 887 672 tempore
913 627 1110 671 postulamus
1134 639 1175 658 ne
1196 627 1289 670 plane
1315 627 1562 666 desideraretur,
1586 629 1659 666 sed,
1684 641 1758 661 cum

298 691 346 716 tot
381 685 543 728 proposita
576 685 640 716 sint
672 685 834 727 exempla,
873 695 913 715 ne
942 685 975 715 in
1002 691 1122 715 veteres
1147 694 1270 715 errores
1299 690 1424 714 notatos
1448 685 1513 726 jam
1542 691 1573 715 et
1602 686 1762 727 expositos

298 752 442 784 unquam
465 740 673 773 delaberetur.
719 741 820 772 Multa
846 740 976 783 quidem
1014 747 1089 771 sunt
1115 751 1230 783 genera
1256 740 1389 770 erroris:
1422 739 1488 770 duo
1511 740 1590 771 mihi
1612 740 1652 771 ad
1678 741 1761 773 banc

299 798 517 841 quaestionem
539 789 712 829 reservavi:
735 807 859 835 unum,
879 797 918 828 de
936 798 1038 828 causis
1064 807 1196 835 rerum3
1226 795 1359 826 alterum
1374 818 1384 834 ‚
1408 795 1447 826 de
1472 795 1594 838 legibus
1616 802 1758 830 naturae.

345 856 383 884 Et
416 854 555 896 primum
585 853 735 895 quidem,
770 860 880 884 utrum
916 864 1027 884 causae
1061 852 1244 890 naturales,
1274 851 1383 894 quales
1422 852 1486 883 sint
1520 853 1762 893 existimandae,

301 920 507 952 quonamque
534 909 630 940 modo
663 909 888 952 reperiendae,
921 920 1009 940 nunc
1038 909 1117 940 adeo
1144 908 1258 940 clarius
1286 907 1531 950 intelliguntur?
1555 919 1620 939 non
1645 919 1764 951 quaero

303 965 356 996 hic
377 977 455 996 num
478 966 583 1008 pluxes
611 972 749 1009 repertae
772 968 836 997 sint
846 971 858 1001 ,’
878 965 932 997 sed
958 975 1037 996 num
1063 965 1175 1007 opinio
1199 964 1239 995 de
1257 974 1366 995 earum
1394 970 1505 994 natura
1534 971 1565 994 et
1597 964 1765 1007 investiga·

303 1023 390 1052 tione
414 1032 523 1052 vacare
548 1028 652 1052 vetere
685 1022 930 1064 reprehensione
956 1023 997 1052 sit
1022 1020 1242 1052 existimanda.
1294 1019 1500 1051 Levissimam
1529 1030 1596 1050 esse
1619 1020 1766 1052 videlicet

303 1088 415 1108 omnes
442 1076 599 1116 clamant,
627 1084 658 1108 et
686 1077 809 1120 jamdiu
839 1078 1000 1121 explosam
1029 1078 1219 1108 sententiam
1244 1075 1392 1113 Cartesn,
1423 1074 1565 1106 docentis
1591 1086 1657 1106 non
1682 1075 1767 1106 mul·

292 1139 373 1175 ⁴tum
404 1135 554 1164 interesse
577 1140 680 1164 utram
717 1145 843 1165 causam
874 1136 1040 1174 sumseris,
1073 1134 1170 1165 modo
1203 1143 1239 1163 ea
1269 1131 1309 1162 ad
1342 1141 1409 1162 rem
1440 1130 1659 1173 explicandam
1693 1132 1768 1164 satis

304 1190 419 1220 idonea
446 1190 545 1231 possit
563 1189 711 1232 judicari.
764 1190 825 1221 Sed
855 1190 1018 1222 videamus
1051 1201 1092 1222 ne
1124 1200 1236 1221 omnes
1262 1189 1296 1220 in
1320 1188 1410 1219 omni
1431 1189 1667 1230 conquisitione
1688 1187 1768 1219 adeo

306 1246 401 1288 longe
425 1245 465 1276 ab
497 1245 556 1276 hac
578 1247 701 1277 ratione
724 1246 943 1283 discedamus,
976 1256 1017 1277 ne
1042 1245 1136 1276 multi
1166 1256 1243 1276 vero
1272 1245 1405 1288 propius
1434 1244 1474 1274 ad
1502 1255 1571 1274 eam
1598 1244 1767 1283 accedant,

305 1310 337 1334 at
362 1304 424 1344 jam
448 1312 514 1332 non
539 1302 676 1333 multum
701 1302 806 1333 absint
831 1303 912 1345 quin
940 1303 1000 1345 ipsi
1026 1303 1059 1333 in
1091 1301 1256 1332 subtiliore
1290 1311 1404 1343 genere
1433 1300 1670 1332 Cartesianismi
1696 1310 1768 1331 ver-

307 1365 428 1391 sentur.
471 1359 609 1397 Causas,
643 1359 816 1402 inquiunt,
845 1369 883 1389 ex
911 1359 988 1401 ipsis
1019 1357 1113 1388 rebus
1138 1356 1342 1388 solummodo
1366 1357 1518 1388 eruimus.
1573 1358 1655 1388 Haec
1671 1366 1770 1399 quam

307 1417 373 1447 vim
397 1414 555 1454 habeant,
578 1416 718 1457 primum
742 1414 988 1446 consideremus.
1034 1415 1208 1445 Causarum
1233 1413 1426 1444 naturalium
1445 1413 1512 1444 duo
1534 1419 1610 1444 sunt
1634 1422 1768 1455 genera:

307 1483 359 1503 eas
390 1478 443 1502 aut
480 1471 597 1513 positas
633 1471 694 1502 sub
732 1470 859 1508 oculis,
890 1471 1085 1513 reperimus,
1116 1476 1170 1506 aut
1204 1469 1394 1512 excogitatas
1428 1469 1550 1500 ratione
1584 1468 1768 1510 probamus.

307 1528 450 1559 Dicimus
475 1537 601 1557 causam
626 1528 697 1558 soni
722 1538 790 1558 esse
821 1526 1014 1557 vibrationes
1041 1527 1138 1564 aeris,
1166 1525 1273 1569 quod,
1302 1536 1371 1557 aere
1397 1532 1539 1564 semoto,
1569 1525 1678 1555 nullus
1699 1523 1770 1554 red·

307 1584 414 1622 ditur;
438 1585 512 1614 item
541 1583 704 1614 fremitum
729 1593 902 1614 nervorum
933 1582 1047 1613 fidium
1076 1591 1143 1613 esse
1169 1592 1295 1612 causam
1326 1587 1474 1611 motuum
1502 1582 1599 1619 aeris,
1628 1583 1720 1624 quia,
1742 1581 1769 1612 εἰ

309 1640 552 1682 impediuntur,
582 1639 662 1670 nulli
693 1646 818 1670 sonant.
875 1639 960 1671 Haec
989 1644 1037 1669 est
1067 1638 1162 1668 series
1186 1647 1353 1668 causarum
1384 1644 1448 1668 tam
1477 1644 1609 1680 aperta,
1640 1643 1676 1668 ut
1701 1646 1770 1667 non

311 1697 379 1726 erui
404 1707 442 1725 ex
471 1695 582 1732 rebus,
607 1694 662 1725 sed
692 1696 832 1737 ipsarum
856 1705 963 1725 rerum
990 1693 1134 1725 ordinem
1159 1694 1351 1724 constituere
1376 1693 1529 1724 videatur.
1583 1692 1673 1723 Tales
1697 1701 1772 1723 vere

310 1762 375 1782 non
405 1762 495 1793 saepe
512 1757 640 1784 extant:
664 1750 852 1792 plerumque
883 1760 951 1780 non
981 1757 1115 1792 possunt
1146 1749 1214 1780 ullo
1242 1748 1376 1779 arnficio
1402 1749 1503 1780 oculis
1526 1748 1685 1785 discerni,
1715 1745 1772 1779 sed

312 1807 491 1849 probabiles
521 1806 701 1837 redduntur
737 1806 854 1836 idcirco
888 1805 975 1848 quod
1001 1816 1056 1848 per
1085 1815 1136 1835 eas
1170 1815 1218 1835 res
1245 1804 1448 1847 explicandae
1475 1805 1596 1846 optime
1621 1802 1772 1835 declarari

310 1863 471 1894 videntur.
516 1863 601 1902 Quid
633 1863 719 1893 euim
750 1863 930 1904 Copernico
959 1862 1083 1892 consilii
1107 1863 1230 1898 extitit,
1265 1872 1362 1904 quare
1395 1860 1436 1891 ab
1469 1860 1678 1903 explicatione
1700 1861 1773 1890 Pto.

314 1918 423 1948 lemaei
451 1918 666 1949 dissidendum
691 1918 752 1948 sibi
777 1925 922 1960 putaret,
948 1919 1009 1948 nisi
1035 1918 1123 1961 quod
1152 1918 1321 1960 judicasset
1344 1927 1399 1959 per
1423 1923 1547 1947 motum
1571 1916 1769 1959 planetarum

311 1975 393 2005 circa
423 1974 521 2005 solem
550 1986 582 2005 se
609 1973 730 2005 facilius
751 1974 899 2017 expedire
925 1984 1017 2017 posse
1037 1985 1149 2006 eorum
1181 1983 1365 2018 progressus
1390 1980 1421 2004 et
1448 1982 1605 2014 recessus,
1627 1972 1684 2014 qui
1706 1979 1773 2001 sen·

1708 2031 1778 2058 ten·
