1913 2417
323 243 343 274 ὅ
786 241 813 272 J.
879 240 914 270 P.
980 235 1345 269 E.vottTE

335 335 492 369 naturae?
537 333 578 366 At
611 333 719 365 eadem
753 332 836 374 cogit
869 329 1068 373 disciplinam
1101 330 1252 362 adhibere
1290 329 1478 369 difficilem,
1521 329 1648 374 plenam
1688 341 1804 375 operae

337 393 427 425 omni
458 390 656 434 jucunditate
687 389 842 425 carentis,
881 394 1008 429 tamque
1039 386 1159 418 alienae
1196 398 1432 429 nonnunquam
1463 387 1504 418 ab
1540 389 1639 430 ipsius
1674 395 1807 421 naturae

334 449 504 492 adspectu,
536 453 572 478 ut
604 455 762 476 summam
795 442 967 486 aliquando
999 443 1249 475 moderationem
1274 443 1431 487 postulet,
1463 444 1490 475 si
1514 445 1691 475 necessitati
1717 456 1805 488 pare-

337 517 388 543 re,
421 515 488 536 non
526 503 566 534 ad
601 501 767 533 libidinem
798 510 965 531 excurrere
1003 499 1152 534 velimus,

377 563 424 593 Ex
454 559 572 603 quibus
605 564 754 602 apparet,
788 559 821 588 in
857 555 964 587 studio
997 555 1160 587 doctrinae
1194 556 1330 587 maxime
1358 556 1442 586 viam
1470 567 1537 588 esse
1567 558 1839 600 reperiendam;‹

331 628 392 650 nos
424 623 548 653 autem,
587 615 636 645 uti
672 621 810 645 caeteros
844 613 942 644 animi
976 618 1082 643 motus
1115 614 1290 655 praeceptis
1312 612 1463 650 virtutis,
1496 613 1538 643 ita
1563 613 1614 644 vel
1642 613 1811 645 honestam

339 674 426 705 illam
457 671 706 704 commotionem
738 670 878 702 veritatis
912 667 1020 700 officio
1054 668 1195 712 quodam
1222 669 1304 699 tueri
1328 675 1485 712 oportere.
1555 670 1628 700 Non
1656 669 1707 700 illa
1743 670 1812 701 lau-

332 731 405 762 data
440 736 504 760 tam
540 738 632 770 saepe
668 726 824 770 cupiditas
850 726 915 757 veri
944 726 1111 769 proprium
1138 731 1208 763 est,
1239 732 1293 756 aut
1315 727 1523 768 praecipuum
1547 725 1645 757 decus
1668 717 1812 768 philoso-

332 787 494 830 phorum,
534 785 653 827 quippe
687 795 750 826 qua
783 789 815 814 et
849 782 948 813 animi
979 781 1150 812 infantium
1183 792 1314 824 quoque
1341 781 1527 812 mirabiliter
1557 781 1719 824 flagrant,
1751 782 1810 814 sed

334 844 442 887 potius
473 840 559 872 illam
582 841 746 871 continere
770 841 853 870 intra
887 849 941 871 eos
978 838 1153 879 terminos,
1183 848 1265 881 quos
1299 848 1368 870 non
1401 837 1541 870 delectus
1573 845 1629 871 aut
1663 839 1813 879 satietas,

335 899 390 931 sed
422 899 488 941 ipsa
519 903 633 928 natura
667 896 879 930 constituerit.

379 958 447 986 Hoc
478 955 564 985 enim
598 954 659 985 nisi
692 954 736 984 ita
769 960 871 993 esset,
903 964 961 984 cur
990 953 1024 984 in
1054 951 1208 984 doctrinis
1232 952 1355 985 ratione
1384 950 1607 997 philosophiae
1639 957 1805 995 tantopere

333 1011 573 1054 indigeremus?
616 1010 831 1041 Maximarum
871 1020 978 1040 rerum
1013 1016 1089 1041 sunt
1122 1010 1240 1042 multae
1271 1020 1346 1041 casu
1380 1010 1557 1049 inventae;
1587 1009 1662 1041 alias
1701 1009 1807 1041 attulit

331 1068 555 1111 opportunitas
583 1066 729 1099 Iocorum
755 1071 787 1096 et
813 1066 987 1108 temporis,
1018 1066 1074 1096 vel
1093 1066 1259 1098 inclinatio
1285 1065 1443 1109 quaedam
1470 1073 1502 1097 et
1538 1076 1715 1097 consensus
1738 1073 1808 1096 stu·-

335 1124 484 1163 diorum;
521 1122 699 1155 nonnullas
724 1122 923 1165 exprompsit:
954 1123 1121 1164 ingenium
1148 1121 1304 1153 excellens
1331 1133 1506 1165 paucorum
1536 1121 1728 1160 hominum,
1758 1120 1808 1152 di-

334 1181 450 1213 vinum
486 1179 677 1224 appellatum
709 1185 895 1223 propterea,
928 1178 1038 1222 quod,
1071 1178 1161 1210 nulla
1193 1178 1341 1209 adbibita.
1368 1179 1515 1215 ratione,
1549 1189 1600 1209 eas
1631 1177 1697 1209 sibi
1722 1176 1819 1221 quasi

337 1243 452 1282 sponte
475 1235 595 1269 oblatas
621 1237 754 1268 invenit.
817 1236 854 1265 ln
886 1234 936 1265 his
971 1235 1069 1276 igitur
1094 1236 1171 1278 quis
1193 1235 1321 1265 tandem
1349 1242 1430 1266 esset
1459 1235 1547 1266 focus
1571 1234 1803 1277 philosophiae·
1802 1257 1821 1273 ,⁷

337 1293 366 1326 si
398 1292 560 1324 doctrinae
588 1294 728 1323 inventis
760 1291 835 1322 solis
874 1291 1088 1322 constarent?
1128 1293 1178 1323 An
1212 1300 1287 1322 vero
1318 1301 1397 1321 cum·
1425 1291 1520 1333 vulgo
1545 1289 1750 1333 putabimus,
1782 1290 1818 1321 ei.

339 1354 411 1381 tum
440 1349 569 1381 demum
602 1359 669 1379 esse
697 1348 823 1384 socum,
853 1347 911 1379 ubi
935 1347 1056 1391 reliqua
1082 1348 1191 1378 omnia
1214 1346 1391 1388 deficimt,
1422 1347 1573 1389 illiusque
1596 1354 1670 1378 satis
1694 1345 1824 1377 humile*

340 1415 408 1436 esse
437 1415 556 1436 munus
581 1404 755 1448 recipiendi
783 1404 879 1446 quod‘
904 1404 944 1435 ab
968 1404 1037 1435 aliis
1063 1402 1158 1435 fuerit
1183 1403 1398 1447 susceptum?
1443 1403 1483 1435 At
1506 1404 1533 1434 si
1560 1403 1620 1434 hoc
1641 1404 1683 1433 sit
1708 1404 1823 1445 pinio--

343 1461 474 1504 sophiae
506 1471 670 1492 summum
709 1459 873 1500 officium,
907 1471 1038 1503 operam
1068 1471 1104 1491 ac
1135 1461 1337 1503 quaestiones
1362 1459 1579 1490 doctrinarum
1602 1460 1738 1499 dirigere
1763 1470 1814 1489 ra·

342 1517 431 1548 tione
464 1518 601 1547 veritatis
630 1524 660 1548 et
694 1524 846 1553 naturae,
881 1516 1008 1547 errandi
1045 1520 1112 1547 vias
1136 1524 1268 1556 notare,
1300 1527 1453 1559 campumv
1475 1527 1571 1547 suum
1599 1515 1817 1556 simulatque

345 1574 556 1604 instrumenta
587 1583 781 1615 prospmere,
810 1573 996 1603 auctoritate
1020 1582 1077 1603 sna
1102 1572 1251 1604 cohibere
1277 1573 1442 1615 quidquid
1462 1574 1559 1603 nimia
1585 1571 1710 1602 licentia
1733 1569 1819 1601 exul·

346 1636 409 1667 tet,
444 1640 584 1660 amorem
616 1630 681 1659 veri
707 1629 933 1660 exercitatione
965 1628 1065 1667 alere,
1103 1630 1275 1672 praeceptis
1300 1630 1488 1667 continere;
1517 1627 1658 1671 profecto
1681 1628 1710 1658 ei
1737 1627 1820 1657 inter

344 1685 505 1716 doctrinas
549 1686 655 1715 locum
700 1686 877 1716 tribuemus
915 1695 1039 1728 quem,
1081 1685 1163 1716 inter
1202 1685 1341 1727 reliquas
1374 1685 1528 1723 virtutes,
1569 1683 1818 1727 temperantiae3

346 1752 428 1785 quae
455 1742 513 1772 etsi
545 1752 612 1771 non
644 1739 849 1783 splendorem
875 1747 1092 1782 consequatur
1113 1742 1284 1784 singularis
1309 1743 1443 1783 alicujus
1466 1747 1498 1771 et
1527 1740 1687 1780 magnifici
1715 1738 1814 1778 facti,

351 1799 443 1839 cujus
479 1804 546 1828 tum
580 1807 649 1827 rara
678 1797 772 1827 datur
806 1798 952 1836 occasio,
993 1796 1183 1839 praeclarior
1215 1805 1262 1829 est
1295 1797 1456 1834 habenda,
1489 1796 1578 1838 quod
1605 1795 1753 1826 defendat
1777 1794 1818 1826 ab

353 1854 391 1884 iis
422 1853 529 1890 malis,
563 1843 648 1895 quae
668 1852 820 1884 omnibus
849 1853 934 1883 horis
964 1852 1167 1894 impendent:
1202 1856 1236 1886 in
1262 1864 1396 1896 eamque
1423 1853 1613 1883 senteutiam
1642 1851 1817 1882 necessario

352 1909 567 1946 adducemur,
607 1920 672 1940 non
707 1919 776 1940 esse
804 1908 964 1940 doctrinas
995 1910 1204 1941 aestimandas
1233 1921 1272 1941 ex
1307 1910 1445 1940 inventis
1476 1909 1552 1939 solis
1572 1932 1581 1948 ‚
1613 1907 1666 1939 sed
1701 1914 1815 1945 etiam,

352 1973 384 1996 et
417 1965 519 1995 multo
554 1967 676 2007 magis,
715 1976 753 1995 ex
787 1965 910 1996 ratione
943 1966 1156 2009 investigandi
1190 1967 1278 2003 veri,
1316 1972 1346 1996 et
1375 1965 1566 2003 disserendi,
1597 1975 1660 2007 qua
1688 1962 1818 2007 potissi·

353 2032 441 2053 mum
475 2027 613 2052 utantur.
673 2020 821 2065 Vidimus
853 2021 978 2054 laudem
1016 2025 1050 2056 in
1080 2022 1220 2056 'inventis
1243 2031 1310 2053 esse
1335 2022 1457 2065 ingenii
1482 2021 1687 2064 aliquorum,
1721 2021 1819 2051 inter·

1744 2075 1826 2107 dum
