1913 2417
363 121 867 152 COMMENTATIO
926 120 1282 153 BOTANICA.
1542 128 1577 157 23

770 205 798 240 §—
840 206 867 234 6.

755 281 869 312 Cor-rcx.

99 360 246 389 Corticcm
277 361 388 396 plantas
419 359 554 388 investire
572 379 582 394 ,
615 359 672 396 jani
705 367 720 387 a
748 359 838 395 longo
872 358 937 387 inde
966 365 1095 393 tempore
1122 357 1294 395 Piiysioiogi
1327 356 1571 390 observaverunt,

59 419 203 447 eumque,
230 411 278 447 qui
304 412 332 439 in
358 411 437 439 caule
457 411 646 439 descendente
669 416 695 438 et
722 410 910 438 adscendente
933 409 1096 444 invenitur,
1124 417 1226 445 magua
1256 408 1327 437 satis
1357 417 1425 437 cura
1448 409 1576 444 descrip-

64 469 182 498 serunt3
206 462 352 491 Corticetn
378 471 445 490 vero
473 461 503 490 in
526 461 607 490 foliis
630 462 791 497 florumque
813 461 917 497 petalis
939 462 1036 490 adesse
1061 461 1089 489 in
1113 466 1322 496 syngramrnate
1346 467 1431 494 supra
1453 458 1571 487 laudato

62 514 174 550 primus
200 514 328 542 ostendit
353 514 402 543 cl.
429 513 463 542 dc
488 513 651 548 Sam-sure,
672 520 736 542 ante
757 521 838 548 quem
863 513 918 541 hoc
940 512 1078 542 foliorum
1104 513 1286 540 involucrum
1312 510 1506 546 Epidermidis
1523 518 1576 539 no-

61 565 136 593 mine
165 565 384 601 insigniebatur.
434 564 561 593 Breviter
590 572 667 592 nunc
698 563 787 600 igitur
816 564 963 592 videamus
996 564 1072 599 iila,
1102 571 1173 599 quae
1202 563 1248 591 hic
1278 562 1342 592 Vir.
1371 561 1419 591 Cl.
1452 562 1486 590 de
1513 562 1574 597 ejus

59 623 203 645 structura
227 616 393 652 annotavit,
425 622 452 644 et
474 616 568 644 tribus
594 615 690 644 verbis
712 616 773 652 ejus
797 624 880 644 usum
905 615 1076 644 indicemus.

98 668 174 696 Folii
202 667 301 703 digitis
323 668 452 696 laciniati
478 667 632 703 marginem
661 666 912 702 conspicientibus
939 674 1000 694 sese
1025 665 1112 694 nobis
1138 664 1223 693 offert
1245 664 1426 698 membrana,
1449 663 1492 691 vel
1519 663 1580 699 pei-

60 718 168 754 licuh,
188 719 297 747 coloris
324 727 339 747 e
364 718 565 755 griseo-albi,
587 719 668 747 valde
691 717 785 747 tenuis
811 724 838 745 et
861 717 1096 753 semspeHucida,
1118 716 1187 744 haec
1213 714 1374 743 membrana
1400 722 1492 742 revera
1517 722 1581 742 cor-

61 775 110 798 tex
133 777 197 806 est,
228 778 289 805 quo
310 771 402 798 totius
430 770 493 798 folii
525 777 624 798 omnes
648 775 743 805 partes
769 775 906 805 teguntur
930 770 992 805 (25
1003 769 1028 805 ).
1071 769 1105 796 In
1127 766 1209 795 foiiis
1234 766 1312 795 sanis
1349 765 1403 802 (in
1430 764 1582 793 nonnullis

62 821 136 849 enim
161 821 270 850 morbis
295 828 422 848 mutatur
444 821 558 857 (26>)
587 820 696 849 Cortex
727 828 841 856 semper
866 819 999 856 griseus,
1024 826 1143 855 excepto
1177 816 1348 854 Cyclamine
1373 816 1462 853 (27)
1495 823 1583 851 appa·

59 878 121 908 ret3
150 872 175 901 si
197 873 271 900 euim
293 880 402 908 opacus
428 878 455 899 et
486 871 586 900 viridis
609 872 779 900 observetur
797 892 809 907 ,
838 871 885 899 hic
911 872 992 900 color
1018 877 1062 899 est
1083 879 1097 898 e
1127 870 1350 906 par-enchymate
1377 867 1400 896 ei
1431 867 1583 895 adhaeren-

62 929 92 951 te
115 923 213 961 (28).
254 923 310 951 Hic
332 923 462 951 Corticis
486 924 569 951 color
590 922 700 959 griseus
724 930 752 952 et
773 922 1009 960 semipellucidus
1042 922 1169 950 colorem
1201 920 1319 949 viridem
1345 917 1576 955 patenc'nymatis

61 974 160 1003 minus
182 974 273 1003 reddit
300 976 467 1008 intensum,
488 981 531 1008 et,
559 981 649 1009 quum
672 975 742 1003 semi
768 974 807 1003 sit
829 974 1014 1010 pellucidus⁷
1035 971 1115 1001 foliis
1135 973 1318 1008 splendorem
1337 970 1463 1006 praebet.

97 1026 317 1054 Nonnullorum
341 1025 476 1053 foliorum
504 1025 634 1060 Cortex,
663 1033 749 1061 quam
777 1026 895 1054 maxime
920 1024 1022 1053 ceteris
1044 1023 1177 1060 partibus
1199 1022 1352 1056 adhaeret,
1374 1021 1496 1049 aliorum
1512 1026 1585 1046 vero

59 1076 145 1105 facile
164 1077 198 1104 de
215 1077 434 1113 parenchymate
459 1077 582 1113 separati
604 1082 721 1113 potest:
749 1077 784 1106 ad
809 1077 933 1113 primum
961 1075 1087 1104 ordinem
1114 1075 1285 1111 pierumque
1318 1071 1461 1108 pertinent
1485 1068 1581 1103 folia,

60 1135 76 1155 e
97 1135 198 1157 natura
219 1136 274 1157 sua
291 1128 379 1164 dura,
407 1129 618 1157 membranacea
642 1135 670 1156 et
694 1128 771 1156 sicca
787 1148 798 1163 ‚
829 1128 864 1156 ad
885 1127 1004 1156 alterum
1034 1126 1106 1156 folia
1133 1126 1249 1160 tenuia,
1284 1124 1408 1160 pulposa
1429 1127 1456 1150 et
1477 1128 1583 1149 succu-

60 1178 137 1206 lenta
168 1180 265 1216 (29).
306 1180 353 1207 Ad
379 1179 451 1208 hanc
489 1179 618 1208 Corticis
647 1179 848 1208 cohaesionem
881 1179 1038 1207 notandum
1063 1183 1105 1206 est
1133 1183 1297 1215 praeterea,
1323 1182 1381 1203 eam
1410 1173 1580 1208 plerumque.

60 1229 198 1258 minorem
224 1237 286 1258 esse
308 1229 337 1257 in
363 1229 437 1258 facie
459 1229 596 1259 foliorum
618 1230 765 1265 inferiori,
794 1238 881 1266 quam
907 1230 941 1258 in=
962 1230 1064 1266 pagina
1095 1229 1161 1264 illa,
1186 1235 1260 1264 quae
1283 1226 1366 1255 coelo
1391 1223 1573 1258 obvertitur3

61 1281 148 1317 eujus
171 1287 239 1307 vero
264 1279 440 1307 contrarium
462 1280 491 1308 in
511 1280 684 1315 quibusdam
708 1280 789 1309 foliis
808 1280 974 1309 observavit
997 1280 1171 1309 Saussarius
1190 1280 1252 1316 (30
1264 1279 1292 1314 ).

101 1330 136 1359 In
151 1329 259 1358 cortice
280 1328 417 1358 foliorum
435 1337 538 1359 notatu
556 1331 639 1359 etiam
656 1331 824 1368 dignissima
839 1338 882 1361 est
900 1331 1055 1368 singularis
1071 1330 1118 1359 illa
1136 1329 1314 1366 proprietas,
1336 1336 1394 1364 qua
1416 1334 1447 1356 se
1460 1324 1581 1355 convol-

56 1390 123 1412 vere
138 1381 261 1410 nititur=
287 1380 398 1411 Cortex
420 1381 514 1417 enim,
534 1390 601 1411 cum
622 1383 656 1411 de
678 1382 743 1412 folii
762 1384 836 1412 faeie
851 1383 1013 1419 superiori,
1037 1389 1098 1410 tum
1116 1382 1150 1410 de
1171 1381 1232 1417 ejus
1259 1378 1408 1412 inferiori,
1430 1378 1583 1406 desumtus-

56 1440 87 1463 et
108 1433 166 1462 sibiv
179 1432 316 1467 relictus,
340 1441 406 1461 mox
423 1439 491 1468 post
507 1434 622 1469 aliquot
644 1434 784 1470 temporis
800 1439 944 1462 momenta
960 1441 991 1461 se
1013 1432 1139 1461 involvit
1164 1431 1270 1468 (mule
1294 1431 1328 1458 de
1348 1429 1451 1458 dehors
1474 1433 1508 1453 en
1533 1425 1581 1453 de-

57 1484 174 1520 dant),
205 1489 233 1512 et
265 1483 426 1520 cylindrum
455 1484 583 1520 format,
609 1486 694 1523 cujus
724 1492 830 1522 partem
854 1484 1022 1514 exteriorem
1054 1482 1213 1511 constitnit
1243 1489 1309 1517 pars
1337 1477 1458 1507 exterior
1482 1475 1582 1505 Corti-

57 1535 102 1564 cis
125 1534 230 1572 (31):
257 1535 326 1564 haec
348 1536 504 1572 singularis
527 1537 687 1573 proprietas
703 1557 713 1571 ,
740 1536 769 1565 in
792 1535 925 1572 pluribus
952 1534 1126 1571 speciebus,
1159 1540 1251 1567 neque
1275 1539 1289 1559 a
1311 1529 1448 1558 foliorum
1470 1527 1589 1562 costis„

56 1593 151 1620 neque
167 1585 203 1612 ab
230 1594 330 1614 eorum
354 1588 593 1623 par-enchymate‚
625 1588 787 1624 dependet⁷
815 1596 830 1615 a
856 1586 963 1622 quibus
978 1607 987 1621 ,
1015 1584 1040 1613 si
1064 1583 1179 1614 Cortici
1203 1583 1389 1616 adhaereant,
1412 1588 1504 1617 magis
1522 1585 1586 1608 tur-

54 1637 141 1666 batur
163 1636 272 1673 (32),
292 1635 414 1666 maxime
439 1646 506 1667 vero
529 1647 544 1667 a
565 1638 658 1667 calore
680 1638 800 1674 pendere
825 1638 938 1666 videtur
961 1638 1059 1674 (33).

97 1687 271 1716 Saussurius
298 1687 446 1718 Corticetn
479 1688 619 1720 foliorum
662 1689 741 1719 oculi
773 1688 878 1718 armati:
908 1687 1036 1717 examini
1065 1686 1258 1721 submittens,
1289 1692 1352 1713 eum
1374 1689 1505 1712 constare
1528 1680 1588 1708 ob*

1523 1739 1583 1760 Sil*-

86 1804 154 1833 (25)
175 1803 281 1826 samm
303 1806 317 1829 1.
334 1813 353 1829 c.
374 1814 424 1834 pag.
443 1814 461 1833 3.
747 1807 811 1835 (263
836 1807 942 1826 Sausrare
965 1806 980 1828 1,
994 1812 1012 1828 c.
1036 1811 1085 1833 pag.
1103 1810 1117 1831 4
1133 1804 1197 1825 infra,

88 1847 153 1875 (27)
175 1847 279 1867 Saussun
301 1847 316 1870 Ι,
332 1853 350 1870 ε,
375 1855 424 1875 pag,
438 1849 460 1872 6,
749 1848 817 1877 (28)
839 1849 944 1868 sarman
966 1847 981 1868 1.
997 1852 1016 1868 c.
1037 1851 1087 1873 pag.
1103 1851 1126 1871 4.

88 1886 156 1916 (29)
177 1887 282 1907 Sannum
303 1888 318 1910 Ι,
336 1895 347 1908 c
376 1895 425 1916 pag,
442 1890 464 1914 6,
749 1890 812 1916 (30)
837 1889 940 1908 Sannum
963 1887 978 1909 Ι.
996 1893 1015 1909 c.
1038 1892 1088 1914 pag.
1105 1891 1126 1911 7.

86 1927 152 1954 (31)
177 1928 283 1948 sautiare
306 1930 320 1953 l,
337 1936 355 1952 c,
376 1937 426 1958 pag.
442 1937 456 1957 9
475 1937 498 1953 ez
519 1937 551 1955 10.
744 1930 811 1959 (32)
832 1929 941 1950 Sarrum-a
959 1927 978 1951 Ι.
994 1933 1016 1952 c.
1035 1934 1086 1956 pag,
1103 1932 1133 1949 ιο
1144 1930 1166 1949 et
1184 1931 1219 1949 u.

89 1967 159 1997 (3³2
176 1969 281 1990 Sannum
297 1966 315 1993 Ἰ,
328 1977 346 1992 c.
369 1978 418 1999 pag.
437 1977 472 1999 14.
