1913 2417
715 155 1108 189 ORATIO.
1610 154 1652 186 13

177 252 299 285 etiamsi
327 251 413 283 aliud
437 250 518 282 nihil
546 249 684 282 efficeret
711 252 774 281 nisi
800 257 835 281 ut
866 251 992 281 inanem
1021 249 1106 281 illam
1133 260 1199 280 esse
1229 247 1408 280 ostenderet
1431 256 1512 291 quae
1542 247 1648 280 adhuc

174 308 252 347 fuit,
276 319 339 351 qua
366 319 423 350 per
443 308 526 339 vires
550 307 703 351 quasdam
726 307 876 338 obscuras
905 307 1036 337 nominc
1066 306 1182 349 tegitur
1208 306 1315 348 potius
1343 315 1440 348 quam
1468 303 1643 348 explicatur

171 364 330 408 quidquid
363 365 397 395 in
426 364 625 407 physiologia
657 364 714 402 sit,
746 364 839 405 cujus
869 374 961 394 causa
1001 362 1165 394 nonalia
1191 363 1365 407 reperitur,
1394 368 1501 392 tamen
1537 361 1650 403 magn&

176 428 256 452 esset
280 420 499 452 existimanda.
552 420 614 452 Sed
639 420 704 463 jam
738 420 928 451 certissimas
959 421 1027 450 vias
1060 419 1200 462 reperit,
1232 418 1331 449 veluti
1362 418 1395 448 in
1431 417 1645 460 descriptione

171 477 310 519 partium
348 477 590 519 crystallorum,
623 477 658 508 in
693 476 938 508 adhaesionibus
975 476 1140 519 liquorum
1167 474 1206 506 ad
1245 476 1334 506 tubos
1362 474 1526 517 capc'llares
1558 476 1639 514 (2),

174 533 209 562 iu
238 532 470 574 polarisatz'one
501 532 645 565 luminis.
698 535 786 573 Quas
818 532 942 564 easdem
973 534 1000 564 si
1033 532 1073 563 ad
1107 542 1219 563 omnes
1251 532 1453 574 quaestiones
1486 529 1649 561 naturales

172 588 426 620 accommodatas
454 588 600 621 nondum
630 589 800 628 habemus,
831 595 878 620 est
911 589 972 620 hoc
1005 589 1120 620 vitium
1150 600 1218 621 non
1246 588 1382 627 erroris,
1411 587 1466 619 sed
1504 587 1651 618 inchoati»

177 644 276 675 modo
303 645 424 688 operis,
446 645 487 676 ad
510 644 599 688 quod
623 644 855 677 absolvendum
879 652 1000 688 praeter
1022 652 1148 688 tempus
1170 651 1201 675 et
1234 644 1498 687 perseverantiam
1529 642 1646 674 laboris

174 700 257 732 nihil
277 711 469 744 magnopere
493 702 615 744 requiri
638 701 774 733 videtur.
822 704 1024 744 Quamquam
1050 702 1148 743 igitur
1182 699 1280 731 finem
1318 699 1437 730 horum
1463 698 1648 731 studiorum

175 764 261 788 certo
286 765 422 790 statuere
450 768 662 801 nequeamus,
697 764 803 789 tamen
829 757 1034 800 probandum
1073 757 1133 788 erit
1159 757 1266 788 verius
1297 755 1377 787 illud
1407 766 1508 798 genus
1540 756 1648 798 physi-

175 824 231 845 cae
266 814 462 854 subtilioris,
496 825 531 846 ac
567 815 683 846 merito
716 813 995 845 annumerandum
1026 814 1165 845 inventis
1198 814 1297 857 hujus
1332 813 1416 852 aevi,
1448 811 1538 855 quod
1566 810 1648 843 illud

175 869 346 913 perfectius
372 871 480 914 paullo
504 871 645 915 reliquit.

218 928 268 958 At
288 938 356 958 non
383 928 517 959 minima
535 929 658 968 solum,
682 928 739 960 sed
767 929 910 972 ingentes
936 928 1035 960 moles
1063 935 1194 960 naturae
1216 939 1301 961 nova
1324 928 1446 960 ratione
1475 925 1646 969 explorari·

179 989 241 1016 tur.
295 984 457 1016 Min-abilis
484 985 601 1016 fabrica
630 985 753 1017 telluris
781 987 847 1028 jam
888 985 1143 1016 olimhomines
1175 984 1306 1027 impulit
1343 991 1379 1016 ut
1412 984 1552 1015 rationes
1578 985 1648 1025 ejus

175 1040 305 1082 penitus
330 1040 447 1072 vellent
469 1053 636 1084 exponere.
683 1042 784 1084 Cujus
809 1043 941 1085 antiqua
962 1042 1063 1073 forma
1085 1048 1117 1072 et
1139 1042 1352 1078 mutationes,
1382 1040 1472 1083 quod
1497 1047 1562 1070 tam
1594 1049 1649 1070 va-

176 1097 223 1127 rie
251 1102 284 1127 et
315 1102 432 1139 temere
452 1108 482 1135 *a
511 1098 622 1129 multis
643 1097 814 1140 explicatae
842 1097 985 1136 fuerant,
1016 1097 1071 1128 sed
1093 1099 1135 1128 ita
1159 1105 1194 1129 ut
1222 1097 1344 1129 nemini
1370 1107 1566 1139 magnopere
1584 1107 1647 1127 un-

180 1162 277 1195 quam
294 1151 535 1195 probarentur,
558 1165 626 1185 non
650 1153 753 1185 multo
780 1160 852 1185 ante
876 1154 1043 1185 videbatur
1073 1153 1140 1184 fore
1157 1177 1166 1192 ‚
1191 1160 1225 1185 ut
1253 1159 1416 1196 suspectae
1441 1152 1581 1195 physicis
1609 1151 1651 1183 ab

180 1208 220 1239 iis
247 1207 372 1238 tandem
404 1208 498 1251 plane
523 1209 790 1252 relinquerentur.
836 1210 958 1240 Tamen
989 1210 1063 1252 quis
1091 1210 1280 1252 cogitaverit
1304 1208 1530 1241 similitudines
1557 1207 1650 1239 fossi·

177 1263 258 1295 lium
290 1273 365 1293 cum
401 1264 664 1307 crystallisatione
693 1265 829 1304 salium,
855 1266 971 1298 viderit
1005 1265 1131 1296 metalla
1160 1266 1195 1296 in
1221 1265 1324 1308 lapide
1347 1266 1520 1309 pellucenti
1549 1265 1655 1296 iuclu-

176 1331 228 1360 sa,
259 1321 415 1363 aspexerit
445 1321 508 1352 ista
540 1321 733 1353 lineamenta
764 1323 856 1365 quasi
884 1323 1036 1365 impressa
1067 1322 1202 1366 vestigia
1233 1323 1446 1353 animantium
1472 1328 1503 1353 et
1528 1322 1650 1365 planta·

176 1388 249 1409 rum
269 1378 394 1419 generis
409 1378 525 1420 prisci,
556 1377 774 1410 observaverit
801 1379 834 1409 in
864 1378 950 1410 hisce
979 1378 1132 1409 omnibus
1157 1378 1296 1421 aliquem
1322 1386 1474 1421 tanquam
1502 1378 1649 1410 ordinem

176 1439 376 1477 temporum,
400 1440 453 1472 ut,
478 1433 551 1465 licet
574 1435 685 1465 omnia
710 1436 775 1465 sint
800 1435 1040 1477 antiquissima,
1064 1434 1219 1477 quaedam
1251 1442 1357 1467 tamen
1382 1442 1486 1467 essent
1512 1435 1649 1478 prioris,

180 1489 240 1521 alia
268 1490 453 1532 posterioris
485 1497 598 1529 ortu33.
622 1490 737 1522 deinde
764 1491 909 1521 animum
939 1491 978 1522 ab
1007 1491 1046 1522 iis
1072 1491 1155 1522 ultra
1178 1491 1405 1534 investigandis
1437 1498 1468 1522 et
1499 1491 1652 1533 colligen-

180 1544 230 1576 dis
258 1546 399 1588 potuerit
427 1547 597 1577 cohihere?
640 1549 809 1589 Postquam
839 1557 917 1577 vero
948 1547 1129 1578 recedentes
1157 1546 1197 1577 ab
1226 1547 1437 1589 explicatione
1460 1558 1646 1585 causarum,

180 1600 220 1632 ad
254 1607 402 1632 naturam
432 1601 711 1644 contemplandam
755 1604 887 1645 regressi
919 1610 1025 1641 sunt,
1060 1605 1273 1635 constantiam
1317 1605 1511 1635 invenerunt
1551 1614 1648 1647 quam

177 1656 302 1689 nullam
325 1658 358 1687 in
387 1657 444 1688 hac
465 1667 500 1692 re
520 1657 692 1700 putabant.
732 1659 955 1690 scrutantibus
983 1666 1101 1690 terram
1134 1660 1167 1690 in
1202 1660 1299 1690 variis
1325 1659 1527 1702 regionibus,
1553 1671 1651 1703 appa-

184 1719 320 1746 ruerunt
344 1723 412 1744 non
436 1720 560 1744 tantum
581 1714 682 1748 moles
706 1714 878 1754 informes,
903 1716 1102 1759 insertaeque
1125 1716 1164 1746 iis
1191 1726 1288 1747 venae
1302 1738 1310 1754 ,
1330 1714 1385 1745 scd
1404 1726 1522 1746 massae
1538 1720 1654 1758 quam·

183 1770 339 1813 plurimae
362 1768 490 1811 planam
516 1781 618 1814 prope
642 1777 673 1802 et
703 1772 884 1814 parallelam
915 1773 997 1803 inter
1024 1783 1058 1804 se
1084 1772 1291 1804 directionem
1327 1772 1496 1811 babentes,
1528 1779 1559 1804 et
1585 1773 1661 1816 lege·

183 1825 288 1868 aliqua
313 1824 391 1856 aliae
418 1836 514 1870 super
547 1826 624 1858 alias
655 1835 826 1860 acervatae.
878 1828 972 1860 Unde
996 1827 1049 1859 illa
1075 1829 1207 1872 opinio,
1236 1838 1387 1859 saxorum
1419 1831 1505 1859 varia
1535 1840 1651 1872 genera

183 1887 286 1912 totum
313 1880 424 1912 orbem
459 1882 580 1914 telluris
604 1883 713 1916 eadem
740 1887 863 1917 ratione
885 1884 1099 1924 circumdare,
1122 1884 1327 1928 eundemque
1353 1885 1498 1916 ordinem
1513 1908 1530 1924 ‚.
1544 1887 1652 1928 paucis

188 1938 373 1981 'mter-ruptis
393 1939 522 1979 massis,
542 1939 663 1984 ubique
690 1941 865 1975 observari.
912 1943 1003 1986 Quae
1031 1941 1162 1985 opinio,
1193 1943 1252 1974 etsi
1275 1942 1309 1972 in
1337 1941 1444 1985 aliquo
1470 1941 1654 1974 discrimine

977 1999 1000 2027 Β
1025 1996 1044 2028 3
1600 1998 1664 2030 ado-
