1913 2417
672 142 1060 179 ORAT1o.
1558 149 1596 187 η

123 249 179 282 dio
212 247 451 286 defenderunt,
489 245 570 286 hos,
606 246 739 289 inquam
759 268 769 284 ‚
798 247 883 288 ipsos
920 256 989 276 eam
1023 245 1121 276 animi
1155 242 1417 287 tranquillitatem
1453 249 1486 274 et
1514 244 1597 275 vitae

127 305 326 344 beatitatem,
356 305 449 348 cujus
474 303 715 347 consequendae
747 301 904 334 desiderio
933 301 1143 342 tenebantur,
1174 300 1307 332 minime
1336 306 1525 332 consecutos
1549 310 1597 330 es·

125 371 180 400 se,
202 372 242 393 ex
269 362 412 404 ipsorum
439 360 628 393 testimoniis
652 365 684 391 et
707 358 961 391 confessionibus
987 360 1061 390 satis
1089 365 1175 390 certo
1206 357 1445 400 cognoscimus.
1501 355 1598 387 Nulla

126 428 203 449 vero
239 419 341 460 major
375 418 493 460 injuria
520 427 649 449 summo
677 417 827 447 omnium
860 426 967 446 rerum
999 415 1119 446 arbitro
1147 421 1251 457 potest
1288 413 1419 451 inferri,
1450 422 1546 455 quam
1571 412 1599 442 si

121 476 197 517 quis
223 473 382 506 affirmare
415 473 548 512 audeat,
581 472 730 504 homines
759 472 799 502 ab
829 482 868 504 eo
894 483 976 504 vana
1007 482 1063 514 spe
1094 471 1221 509 lactari,
1255 469 1406 501 inanibus
1434 468 1599 499 desideriis

124 531 319 570 excruciari,
350 537 381 562 et
414 533 574 574 spatium,
603 528 692 573 quod
724 527 918 567 decurrant,
950 529 1093 571 angustis
1121 525 1321 570 imperfectae
1349 531 1381 557 et
1412 526 1466 556 vix
1493 523 1599 556 vitalis

125 587 208 618 vitae
235 588 378 618 terminis
406 588 586 625 contineri,
616 586 708 626 quasi
732 591 850 617 temere
881 591 913 616 et
942 584 1030 616 nulla
1056 583 1177 614 ratione
1205 583 1264 613 sati
1289 592 1453 620 essemus,
1487 581 1597 624 quasi,

128 649 163 673 ut
188 643 232 674 ait
256 642 453 686 Sophocles}
483 650 594 674 natum
621 654 689 674 non
723 652 808 679 esse,
841 648 940 673 sortes
974 646 1137 684 superaret
1166 649 1288 670 omnes.
1342 640 1408 670 Aut
1435 638 1520 668 enim
1546 648 1599 668 ex—

130 705 267 731 tremum
295 699 425 742 aliquod
451 707 481 730 et
509 699 549 730 ab
574 699 664 730 omni
686 706 775 741 parte
802 697 977 741 perfectum
1003 695 1126 727 bonum
1153 702 1220 732 est,
1246 693 1334 737 quod
1369 705 1437 725 non
1470 694 1599 725 alterius

129 755 175 785 rei
203 756 316 797 gratia,
342 755 396 786 sed
423 765 479 786 sua
507 756 609 798 ipsius
631 765 725 786 causa
745 761 929 798 expetatur,
952 752 1104 795 quodque
1129 757 1261 782 naturae
1292 750 1452 782 humanae
1476 749 1601 792 assequi

127 809 238 849 detur,
264 817 318 841 aut
345 814 477 843 omnino
511 811 602 843 Deus
630 822 698 843 non
728 820 792 849 est,
823 816 854 841 et
882 819 1092 852 quaecunque
1120 813 1196 838 sunt
1225 817 1261 838 ac
1289 813 1476 845 moventur,
1506 816 1601 836 caeco

127 876 203 897 casu
225 877 351 898 sursum
373 867 522 900 deorsum
547 867 704 900 feruntur.
750 869 788 898 Et
806 876 980 910 quaenam,
1006 864 1156 901 obsecro,
1184 863 1364 905 indagatio,
1388 874 1469 907 quae
1490 862 1603 906 dispu-

128 923 206 953 tatio
231 933 374 966 unquam
401 925 583 968 sapientum
606 936 681 957 cum
712 924 941 966 antiquorum,
966 928 1035 952 tum
1066 921 1244 952 recentium
1273 921 1401 963 ingenia
1430 920 1531 962 magis
1554 930 1603 950 oc-

127 979 256 1021 cupavit
286 987 381 1023 atque
413 982 573 1021 exercuit,
609 991 707 1024 quam
744 978 910 1023 quomodo
945 978 986 1009 ad
1021 987 1186 1009 summum
1220 976 1345 1008 bonum
1377 974 1606 1020 perveniatur?

127 1034 340 1079 Philosophus
372 1037 424 1068 ille
443 1040 665 1069 Romanorum
697 1036 847 1079 idemque
873 1041 980 1066 orator
999 1033 1247 1065 celeberrimus:
1277 1033 1356 1076 quid
1383 1040 1451 1072 est,
1476 1032 1605 1073 inquit,

130 1088 223 1128 finis,
247 1092 325 1134 quid
352 1099 547 1131 extremum,
571 1093 651 1136 quid
679 1092 852 1129 ultimum,
876 1101 944 1134 quo
967 1091 1034 1121 sint
1060 1089 1171 1121 omnia
1198 1088 1281 1120 bene
1303 1087 1434 1121 vivendi
1454 1094 1602 1130 recteque

131 1143 267 1178 faciendi
290 1148 423 1179 consilia
446 1148 630 1180 referenda?
675 1147 763 1188 Quid
784 1153 935 1191 sequatur
955 1152 1090 1184 natura,
1115 1152 1152 1177 ut
1177 1155 1341 1177 summum
1362 1156 1402 1177 ex
1426 1143 1523 1176 rebus
1547 1153 1603 1174 ex-

129 1202 294 1242 petendis,
312 1214 343 1237 et
382 1207 501 1249 fugiat,
532 1212 569 1237 ut
602 1212 781 1236 extremum
809 1202 993 1234 malorum?
1036 1201 1125 1235 Idem
1153 1201 1229 1234 alibi
1253 1201 1443 1244 profitetur,
1467 1201 1502 1231 in
1527 1198 1604 1232 fini-

127 1255 189 1287 bus
214 1257 376 1291 bonorum
401 1267 434 1291 et
456 1260 616 1292 malorum
642 1260 785 1304 positum
813 1269 881 1291 esse
904 1257 1129 1302 philosophiae
1153 1256 1411 1290 fundamentum.

170 1313 232 1345 Sed
259 1315 332 1357 quis
364 1315 479 1347 ducere
511 1316 591 1348 alios
621 1315 737 1348 melius
769 1321 893 1359 potest,
924 1314 997 1357 quis
1024 1315 1132 1346 verius
1154 1313 1194 1346 de
1221 1315 1328 1358 aliqua
1356 1326 1392 1347 re
1417 1317 1600 1353 insumere,

126 1379 224 1411 quam
247 1371 304 1412 qui
336 1382 406 1402 eam
435 1372 614 1412 invenerit,
643 1372 777 1411 viderit,
803 1376 953 1415 expertus
977 1369 1089 1401 fuerit!
1113 1372 1188 1414 quis
1219 1378 1334 1403 terr-211¹
1359 1366 1428 1399 aliis
1455 1368 1602 1412 incogni-

127 1430 192 1455 tam
218 1425 396 1459 describere
423 1429 507 1461 valet
536 1436 568 1462 et
593 1430 663 1472 ejus
693 1428 900 1460 amoenitates
929 1437 1096 1462 enarrare,
1127 1428 1190 1454 uisi
1222 1425 1278 1466 qui
1313 1423 1400 1454 illam
1434 1425 1599 1464 inviserit»

126 1486 158 1510 et
185 1481 242 1513 has
265 1494 327 1514 usu
349 1486 560 1527 cognoverit?
603 1486 683 1526 Quis
711 1495 789 1527 ergo
809 1483 1019 1524 praestantior
1042 1478 1178 1510 humani
1203 1480 1329 1522 generis
1354 1479 1467 1512 doctor
1483 1488 1601 1519 exstat,

129 1545 224 1578 quam
258 1540 315 1581 qui
349 1541 389 1571 ad
422 1541 502 1572 illud
534 1543 640 1572 omnis
679 1536 901 1581 philosophiae
930 1535 1177 1567 fundamentum
1209 1535 1407 1569 descenderit
1439 1544 1470 1569 et
1503 1546 1601 1579 pene·

127 1594 276 1624 traverit?

172 1650 346 1692 Scriptores
371 1663 447 1685 vero
468 1655 566 1692 sacri,
591 1661 627 1685 ut
655 1652 774 1689 redeat,
804 1648 891 1682 unde
917 1648 1058 1692 digressa
1080 1655 1128 1681 est
1145 1649 1247 1681 oratio
1265 1659 1354 1688 mea,
1379 1649 1460 1683 illud
1475 1650 1599 1683 bonum

129 1712 195 1734 sese
221 1716 285 1736 non
317 1709 421 1739 solum
448 1712 640 1753 quaesivisse
667 1709 799 1747 dicunt,
831 1706 887 1738 sed
918 1706 1014 1737 etiam
1043 1705 1222 1744 invenisse3
1245 1717 1313 1738 non
1340 1707 1445 1739 solum
1471 1707 1600 1750 indaga*

129 1759 229 1799 visse,
253 1773 320 1805 quo
347 1764 417 1808 lege
445 1767 531 1805 nati,
565 1778 631 1809 quo
661 1764 796 1797 consilio
819 1759 976 1804 procreati
1001 1767 1122 1800 essent,
1152 1761 1208 1793 sed
1236 1769 1323 1795 certo
1343 1774 1375 1795 se
1395 1764 1475 1795 scire
1502 1762 1600 1807 profi-

130 1819 253 1854 tentur,
275 1825 306 1848 et
332 1822 391 1851 hoc
413 1823 456 1851 ita
483 1822 694 1863 profitentur,
715 1824 753 1849 ut
777 1816 902 1848 animos
925 1815 1078 1848 candidos
1103 1824 1134 1849 et
1159 1818 1363 1862 incorruptos
1380 1821 1600 1863 potentissime

129 1873 298 1906 moverint.
353 1877 601 1919 Expendainus,
631 1874 745 1919 quanti
769 1871 921 1916 ponderis
955 1872 997 1902 sit
1030 1883 1143 1904 eorum
1176 1873 1375 1916 declaratio,
1407 1877 1463 1920 qui
1493 1878 1599 1908 Deum

124 1924 278 1961 dixerunt
306 1931 367 1963 sibi
402 1943 469 1965 esse
498 1934 646 1978 clypeum
674 1938 704 1963 et
737 1929 915 1974 praemium
941 1928 1205 1972 amplissimum,
1240 1940 1346 1963 arcem
1377 1939 1408 1964 et
1441 1932 1598 1972 salutem,

905 1986 930 2014 C
1547 1998 1599 2024 re·⁴
