1913 2417
330 226 369 251 ια
779 218 806 250 J.
858 214 892 247 Τ.
943 212 1333 257 lausonam

327 319 457 354 operam
490 305 654 338 navavisse
682 304 763 336 mihi
791 304 935 336 videbor.
988 306 1026 335 Et
1058 305 1085 335 si
1118 306 1197 348 quid
1235 306 1414 338 titubavero
1434 328 1444 343 ‚
1474 307 1602 338 veniam
1635 309 1798 350 Vestram:

327 368 442 404 a.A.‚
475 364 554 395 mihi
579 373 617 393 eo
644 363 833 404 paratiorem
872 360 940 391 fore
970 360 1126 398 confido,
1155 373 1221 404 quo
1252 364 1350 405 magis
1390 366 1571 407 argumenti
1601 366 1738 406 gravitas
1771 371 1804 397 et

328 422 486 455 subtilitas
513 418 637 463 judices
667 427 784 460 aequos
816 427 852 448 ac
881 416 1055 449 benevolos
1091 418 1210 451 dicenti
1248 426 1351 462 potest
1388 430 1424 452 ac
1465 432 1542 453 vero
1575 423 1671 464 etiam
1707 421 1801 454 debet

329 478 508 511 conciliare.

369 595 485 636 Magna
508 591 578 623 laus
603 597 633 623 et
659 591 795 634 insignis
819 597 882 630 est,
903 591 1062 634 appellare
1084 591 1223 635 aliquem
1246 603 1312 624 non
1337 593 1436 624 unius
1466 593 1611 631 scholae,
1641 592 1697 624 sed
1721 603 1798 625 suae

328 649 431 692 gentis
464 649 651 690 magistrum
689 655 743 678 aut
774 655 1020 691 praeceptorem.
1083 649 1217 680 Nemini
1251 649 1312 680 hoc
1342 649 1464 680 illustre
1501 660 1621 680 nomen
1651 660 1797 692 unquam

328 705 436 748 aliquo
458 705 530 746 jure
551 704 661 735 datum
687 711 752 743 est,
784 705 846 736 nisi
868 706 924 748 qui
948 704 987 736 de
1011 704 1106 736 rebus
1137 705 1233 748 longe
1256 706 1450 748 gravissimis
1478 706 1625 737 homines
1650 706 1796 737 institue-

327 768 396 800 ret,
419 768 450 792 et
475 772 513 793 eo
537 761 637 792 modo
662 761 861 800 institueret,
892 762 948 804 qui
969 769 1050 793 esset
1082 762 1120 793 ad
1149 762 1346 794 movendum
1379 763 1524 793 animum
1548 762 1728 794 humanum
1752 773 1794 793 eo

328 822 472 860 tempore
506 823 536 848 et
569 819 602 848 in
636 828 670 849 ea
696 825 790 860 gente
816 818 1062 851 efficacissimus.
1120 819 1254 851 Constat
1281 819 1365 850 inter
1395 829 1525 857 omues,
1557 829 1654 862 quam
1683 819 1797 863 paucis

324 874 514 916 contigerit,
545 872 585 904 ab
616 874 724 916 aliquo
754 875 875 918 populo
903 878 1140 919 praeceptoris,
1171 876 1204 907 id
1229 887 1305 908 vero
1330 883 1394 915 est,
1424 877 1525 907 sancti
1559 876 1698 919 parentis
1722 875 1796 906 loco

323 928 444 960 haberi.
490 930 613 969 Quanti
642 930 740 972 igitur
764 933 885 962 censeri
906 931 1023 970 debet,
1060 943 1127 963 esse
1154 931 1294 975 aliquem
1328 934 1470 964 universi
1504 933 1630 975 generis
1662 931 1796 963 humani

325 987 516 1029 magistrum
546 997 582 1016 ac
604 985 780 1019 doctorem.
825 990 924 1020 Tanta
947 995 994 1020 est
1018 989 1104 1020 enim
1127 988 1298 1021 hominum
1330 990 1427 1021 unius
1456 991 1568 1032 regni,
1600 990 1667 1020 imo
1699 988 1798 1019 unius

320 1041 413 1073 urbis
447 1041 631 1081 diversitas,
656 1049 742 1074 tanta
773 1044 967 1086 opinionum
994 1047 1288 1089 sententiarumque
1325 1046 1554 1088 discrepantia,
1578 1051 1665 1076 tanta
1691 1043 1797 1075 consi-

323 1097 445 1134 liorum
474 1098 720 1142 studiorumque
752 1099 980 1132 dissimilitudo
995 1124 1005 1139 ,
1038 1108 1074 1133 ut
1105 1103 1242 1134 maxime
1273 1101 1411 1133 arduum
1441 1102 1482 1132 sit
1514 1099 1702 1143 prudentiae
1733 1099 1795 1130 hu·

329 1164 442 1186 manae
469 1166 552 1199 opus
568 1179 578 1195 ,
605 1155 757 1187 omnibus
783 1156 906 1199 placere
930 1168 966 1189 ac
995 1157 1172 1190 satisfacere
1187 1182 1197 1198 ‚
1230 1168 1406 1201 omnesque
1440 1156 1491 1189 vel
1521 1157 1555 1187 in
1581 1166 1648 1187 una
1674 1166 1709 1187 re
1732 1156 1802 1188 sive

324 1211 435 1253 magni
455 1212 521 1243 sive
550 1213 640 1255 parvi
663 1214 818 1244 momenti
846 1213 887 1244 ad
912 1215 1117 1247 concordiam
1149 1217 1400 1259 unanimemque
1419 1223 1613 1246 consensum
1639 1223 1796 1244 revocare.

324 1266 421 1307 Quod
449 1267 506 1298 ubi
532 1269 636 1301 nihilo
657 1270 759 1300 secius
784 1270 842 1300 uni
866 1270 992 1302 homini
1019 1273 1208 1315 contingit,
1229 1279 1294 1303 tam
1322 1270 1520 1302 admirabilis
1543 1271 1578 1301 in
1607 1280 1648 1300 eo
1667 1275 1800 1301 naturae

312 1322 486 1355 humanae
507 1326 556 1356 vis
578 1336 618 1356 ac
636 1326 826 1368 praestantia
851 1326 972 1365 elucet,
999 1334 1035 1360 ut
1060 1328 1171 1361 divina
1198 1328 1344 1361 videatur
1372 1338 1410 1359 ac
1433 1325 1668 1371 prodemodum
1693 1325 1799 1357 omni-

325 1386 449 1421 potens.
504 1383 620 1413 Totum
651 1389 756 1413 autem
790 1394 891 1426 genus
925 1391 1072 1416 nostrum
1104 1386 1240 1417 consilio
1275 1396 1311 1416 ae
1340 1386 1475 1416 numine
1511 1394 1572 1415 suo
1607 1393 1736 1425 regere,
1766 1379 1799 1411 id

322 1435 383 1465 Dei
405 1441 472 1473 est,
498 1449 565 1468 non
594 1438 744 1471 hominis.
802 1440 1020 1480 Quamobrem
1056 1442 1084 1473 si
1111 1443 1184 1486 quis
1212 1443 1432 1474 demonstrare
1460 1435 1580 1484 possst,
1603 1439 1799 1480 scripturam

323 1500 444 1522 sacram
476 1491 663 1524 hominibus
696 1496 842 1527 omnium
874 1503 1056 1539 temporum
1075 1522 1084 1536 ‚
1118 1506 1150 1530 et
1181 1511 1249 1530 non
1281 1506 1463 1542 temporum
1498 1502 1652 1532 tantum,
1684 1502 1798 1525 verum

320 1549 415 1579 etiam
442 1547 607 1591 locorum,
631 1560 690 1580 nec
713 1549 859 1581 locorum
883 1557 1009 1583 tantum
1024 1576 1034 1592 ,
1065 1566 1178 1586 verum
1202 1556 1296 1586 etiam
1327 1561 1486 1589 aetatum,
1510 1559 1541 1584 et
1565 1561 1632 1580 non
1661 1554 1800 1580 afflatum

321 1610 466 1643 tantum,
489 1616 603 1636 verum
622 1606 718 1636 etiam
745 1607 892 1638 omnium
921 1607 1124 1641 fortunarum
1153 1609 1301 1641 idoneam
1331 1618 1399 1640 esse
1430 1608 1630 1650 magistram,
1653 1604 1705 1636 vel
1732 1614 1800 1644 cer·¹

324 1665 357 1690 te
379 1660 418 1691 ad
444 1661 525 1692 hanc
550 1661 737 1703 dignitatem
761 1664 894 1706 propius
920 1665 1091 1706 accedere,
1121 1676 1218 1709 quam
1244 1665 1348 1696 ullum
1373 1665 1472 1696 alium
1494 1664 1678 1701 doctorem,
1702 1661 1730 1693 is
1754 1671 1793 1693 eo

324 1715 395 1757 ipso
424 1716 566 1748 divinam
593 1719 663 1760 ejus
696 1719 762 1749 vim
797 1725 892 1762 atque
924 1722 1081 1763 originem
1115 1722 1351 1754 evidentissime
1382 1721 1630 1752 demonstratam
1670 1717 1794 1748 dedisse

324 1772 502 1805 censendus
537 1776 588 1808 sit.
650 1774 699 1806 Ad
729 1786 825 1818 quam
857 1776 1048 1807 evidentiam
1081 1779 1204 1808 tametsi
1233 1789 1299 1821 ego⁴
1328 1777 1493 1821 pervenire
1526 1774 1663 1806 dicendo
1701 1782 1792 1813 posse

322 1827 506 1870 desperem,
532 1837 594 1862 tres
623 1838 728 1862 tamen
753 1834 893 1863 rationes
919 1820 1050 1863 eximias
1075 1833 1108 1863 in
1138 1833 1199 1865 hue
1230 1839 1419 1876 argumento
1443 1839 1615 1873 agnoscere
1639 1827 1720 1859 mihi
1745 1828 1795 1860 vi.

325 1880 420 1920 deor,
448 1886 567 1926 quibus
591 1886 769 1928 efficiatur,
800 1896 836 1922 ut
868 1890 1031 1933 Scriptura
1061 1901 1147 1922 saera
1177 1890 1343 1933 postulatis
1372 1888 1434 1921 illis
1461 1885 1651 1930 respondeat
1680 1895 1716 1918 ac
1748 1894 1796 1917 sa-

325 1937 468 1972 tisfaciat.
519 1944 665 1976 videlicet

1739 2052 1799 2095 Rei
