1913 2417
272 126 548 162 RESPONSIO
575 138 622 160 AD
649 129 1022 169 QUAESTIONEM
1047 130 1500 168 HYDROSTATICAM.
1608 145 1642 177 57

176 216 223 248 20.
252 215 378 254 Qualem
399 213 559 250 intelligant
577 213 826 251 gravitationem,
855 222 939 251 quam
961 216 991 245 in
1012 215 1070 244 illis
1093 216 1165 245 locis
1190 219 1369 249 naturalibus
1395 228 1520 250 exserere
1544 220 1641 251 ferun-

132 277 193 300 tur.
233 268 318 298 Unde
341 266 461 295 tandem'

175 319 217 357 30.
245 321 289 349 De
312 326 379 347 vero
397 317 545 346 dissensus
570 321 666 351 statu,
695 322 723 344 et
742 316 776 345 de
798 318 935 347 methodo
960 318 1041 346 illum
1065 319 1205 355 tollendi,
1227 321 1311 350 nobis
1333 329 1466 352 constare
1490 324 1606 359 poterit.

174 370 377 400 Definitionem
393 367 545 397 verborum
558 386 568 400 ,
587 367 649 395 loca
668 369 825 396 naturalia
845 368 1003 405 fluidorum
1015 390 1025 405 ,
1045 370 1146 398 nullus
1169 371 1412 408 philosophorum
1436 375 1645 411 disputantium

135 432 170 452 ex
199 421 333 458 professo
356 420 453 449 dedit:
483 418 567 454 pauci
599 425 711 447 tantum
735 419 805 455 quid
830 419 900 455 ipsis
926 429 956 449 ea
980 421 1042 449 loca
1068 429 1132 450 esse
1155 422 1339 460 viderentur,
1360 425 1423 454 aliis
1450 425 1545 453 verbis
1572 426 1645 454 levi·

135 480 179 503 ter
201 474 371 502 indicarunt.
412 471 446 500 In
468 471 520 498 hac
546 469 643 504 itaque
663 470 833 505 quaestione
856 472 1021 507 tractanda,
1046 480 1097 507 ea,
1126 481 1199 508 quae
1225 475 1301 510 apud
1333 476 1414 513 ipsos
1446 482 1580 505 auctores
1605 485 1647 505 re-

135 526 191 554 lata
214 524 395 560 invenimus,
417 522 537 551 fideliter
557 520 742 550 notabimus:
767 523 816 558 qui
836 528 929 551 autem
955 523 1030 551 nihil
1050 523 1102 552 hac
1124 524 1158 552 de
1180 533 1207 553 re
1235 527 1436 562 scripserunt,
1456 534 1554 555 eorum
1581 534 1646 556 sen-

134 576 253 605 tentiam
277 573 421 611 probabili
457 573 583 608 ratione,
614 573 662 601 vel
692 581 725 602 ex
755 573 886 609 ipsorum
916 575 1110 612 argumentis,
1138 577 1184 604 vel
1213 577 1416 614 experimentis
1452 578 1571 614 petitam
1595 578 1645 607 ad-

128 627 275 665 iiciernus.

175 677 264 715 Quod
280 677 315 705 ad
331 676 525 706 definitionem
550 677 673 714 attinet,
696 677 848 714 locorum,
872 678 917 707 uti
940 677 1059 715 dicunt,
1080 680 1252 708 naturalium
1266 700 1276 715 ,
1305 687 1364 709 uno
1387 680 1539 717 praecipue
1561 680 1648 709 titulo

136 728 307 766 philosophi
334 730 480 756 memorati
511 729 582 757 inter
611 737 642 757 se
673 729 858 759 dissentiunt.
896 729 942 758 Ab
977 731 1064 760 altera
1092 738 1172 766 parte
1202 738 1270 760 sunt
1301 731 1474 760 Aristoteles
1493 751 1503 766 ,
1531 732 1652 768 ejusque

134 786 397 814 commentatores,
419 779 565 816 Magnan,
587 779 732 816 BoyleuS,
754 780 900 816 ceterique
920 787 992 817 post
1017 781 1094 810 hunc
1122 782 1359 818 praestantissimi
1377 782 1506 818 Physici.
1548 783 1594 811 Ab
1609 783 1651 811 al-

135 838 197 860 tera
227 839 294 860 vero
326 837 405 866 parte
436 838 512 858 unus
541 837 653 859 tantum
681 836 725 859 est
760 832 913 861 Schottus.
958 832 1070 860 Ptiores
1097 832 1139 860 illi
1166 833 1231 861 loca
1259 833 1399 861 naturalia
1431 832 1592 861 habuerunt
1617 841 1649 861 ea

139 884 220 917 loca,
242 890 314 918 quae
335 881 420 910 fluida
445 890 504 909 non
528 888 639 910 tantum
664 882 692 910 vi
715 891 782 911 suae
801 889 935 918 naturae,
966 891 1033 912 suae
1054 883 1179 918 indolis,
1210 890 1355 920 peterent,
1385 884 1435 912 sed
1459 883 1542 912 etiam
1564 891 1652 919 quae-

134 942 251 970 cunque
271 936 301 962 in
324 933 397 969 ipsis
423 933 519 961 fluidis
545 933 629 968 loca,
652 933 714 962 sive
735 934 901 969 superiora,
922 935 984 963 sive
1000 933 1154 970 inferiora,
1175 935 1237 963 sive
1262 935 1443 963 intermedia:
1465 935 1544 963 nulla
1563 934 1648 963 etiam

135 985 248 1014 ratione
268 985 381 1020 habita,
412 984 527 1013 ubinam
554 991 677 1013 ceterum
701 990 763 1013 tota
793 985 874 1013 fluidi
902 993 995 1014 massa
1025 991 1103 1014 esset
1128 986 1310 1020 constituta,
1339 994 1375 1014 an
1404 986 1451 1016 alii
1473 986 1653 1014 incumberet

135 1036 271 1072 corpori,
292 1044 381 1072 aeque
404 1036 449 1064 vel
466 1036 560 1064 minus
585 1036 696 1070 denso,
717 1044 753 1064 an
771 1044 839 1064 vero
858 1036 1034 1072 pressionem
1057 1037 1206 1072 quamdam
1227 1037 1423 1073 experiretur,
1443 1045 1495 1065 nec
1517 1044 1564 1065 ne.
1605 1035 1655 1064 Sic

136 1086 309 1116 Aristoteles
335 1087 403 1123 (1)
431 1087 465 1115 de
489 1092 614 1123 quatuor
634 1086 781 1115 elementis
814 1094 919 1124 agens,
950 1093 978 1116 et
997 1088 1031 1116 de
1054 1095 1141 1116 causa
1165 1096 1264 1116 corum
1291 1087 1321 1116 in
1352 1093 1454 1117 natura
1484 1086 1656 1123 dispositio-

136 1138 201 1173 nis,
223 1138 269 1166 his
297 1137 392 1166 utitur
413 1137 528 1167 verbis:
558 1158 582 1174 ,‚
601 1138 642 1168 Ut
661 1145 690 1167 et
714 1138 808 1174 ignem
833 1137 897 1166 ideo
919 1137 986 1167 ferri
1007 1147 1121 1167 sursum
1152 1146 1269 1167 necesse
1288 1145 1349 1173 est,
1372 1138 1440 1174 quia
1464 1138 1519 1167 hoc
1540 1138 1649 1174 habet,

135 1196 259 1219 vacuum
286 1189 422 1225 inquam3
445 1195 537 1218 cetera
560 1196 627 1218 vero
648 1197 728 1225 non;
760 1195 788 1217 et
811 1195 912 1218 terram
944 1188 1008 1217 ideo
1039 1189 1172 1218 deorsum
1203 1189 1291 1224 ferri,
1320 1189 1388 1224 quia
1415 1190 1531 1225 plenum
1555 1189 1653 1219 habet.

136 1240 184 1269 Sic
209 1246 236 1269 et
260 1243 350 1269 aerem
377 1239 442 1268 ideo
465 1241 497 1268 in
518 1248 599 1268 suum
623 1240 714 1269 locum
739 1239 806 1268 ferri
835 1248 868 1268 ac
898 1247 987 1275 super
1010 1247 1113 1275 aquam
1134 1239 1293 1274 collocari,
1322 1240 1392 1275 quia
1410 1240 1466 1268 hoc
1489 1240 1595 1276 habet3
1626 1245 1656 1268 et

135 1299 239 1329 aquam
262 1291 325 1320 ideo
345 1291 478 1319 deorsum
506 1290 591 1326 ferri,
615 1299 647 1319 ac
667 1290 720 1319 sub
740 1290 806 1327 ipso
821 1292 885 1319 aere
899 1290 1057 1326 collocari,
1087 1290 1154 1326 quia
1178 1290 1234 1319 hoc
1253 1290 1351 1319 habet.
1363 1290 1384 1303 ”
1424 1291 1501 1320 Tum
1525 1299 1558 1320 ex
1584 1292 1651 1320 loco

139 1341 319 1380 praecedenti
337 1350 404 1379 cap.
432 1342 519 1370 allato
539 1342 628 1378 (2),
649 1342 700 1370 ubi
723 1348 801 1370 utres
823 1344 886 1371 aere
909 1342 1012 1378 plenos
1038 1341 1181 1378 graviores
1206 1340 1277 1369 dicit
1302 1350 1386 1377 quam
1412 1351 1541 1378 vacuos,
1562 1343 1656 1370 illius-

135 1403 194 1431 que
215 1394 405 1431 phaenomeni
428 1401 542 1422 causam
570 1401 632 1422 esse
656 1393 791 1429 affirmat,
821 1393 903 1428 quod
927 1394 971 1421 aer
1000 1393 1133 1421 deorsum
1167 1392 1276 1428 tendit,
1305 1392 1487 1422 manifestum
1513 1399 1576 1428 est,
1605 1393 1652 1421 hic

137 1444 203 1475 loca
226 1446 364 1475 naturalia
390 1445 452 1481 ipsa
483 1450 592 1481 partem
620 1444 706 1480 spatii
730 1443 923 1479 constituere,
953 1444 1035 1479 quod
1060 1449 1140 1471 totus
1161 1444 1207 1471 aer
1237 1443 1506 1479 athmosphaericus
1532 1443 1645 1479 implet.

135 1497 187 1526 Sic
208 1504 242 1525 ex
271 1497 336 1524 loco
367 1496 427 1532 ejus
453 1501 710 1523 commentatorum
732 1495 802 1531 (3)
826 1495 969 1529 adducto,
999 1500 1101 1530 patet,
1128 1494 1196 1522 illos
1218 1494 1314 1522 eodem
1340 1495 1446 1529 modo,
1476 1502 1564 1530 atque
1587 1494 1657 1523 Ari·

137 1548 292 1583 stotelem,
313 1546 497 1581 definivisse,
520 1546 571 1574 ubi
594 1546 694 1581 ajunt,
724 1565 749 1579 ,‚
766 1545 878 1573 nullum
896 1546 1065 1573 elementum
1091 1544 1209 1572 in·loco
1231 1553 1285 1573 suo
1311 1546 1433 1573 naturali
1457 1546 1653 1575 constitutum

136 1599 263 1635 gravitat
292 1604 341 1627 aut
376 1597 493 1632 levitat‚
522 1597 547 1625 si
570 1595 655 1624 modo
678 1595 793 1632 gravius
822 1595 987 1631 subsideat,
1018 1595 1110 1624 levius
1134 1595 1266 1624 emineat.
1313 1596 1474 1632 Probatur,
1497 1598 1564 1633 quia
1587 1597 1652 1625 idco

135 1650 282 1678 ‘elementa
300 1654 380 1677 tanto
395 1655 510 1677 naturae
525 1647 634 1684 impetu
646 1648 862 1686 praescriptam
878 1646 932 1674 sihi
952 1656 971 1675 a
986 1653 1099 1675 natura
1122 1645 1213 1674 sedem
1235 1646 1366 1684 petu11t”
1384 1654 1439 1677 etc.
1467 1648 1557 1676 Porro
1569 1668 1578 1682 ,
1602 1647 1656 1682 „si

143 1703 193 1730 aer
206 1707 232 1729 et
248 1707 320 1736 aqua
336 1701 368 1727 in
380 1701 487 1737 patria
504 1700 618 1736 regione
634 1698 767 1726 deorsum
792 1698 968 1733 niterentur,
989 1698 1151 1734 degravaret
1166 1703 1265 1726 nostra
1282 1698 1376 1734 capita
1400 1699 1474 1727 aeris
1498 1697 1653 1735 pondus.”

142 1751 251 1782 Eodem
281 1751 368 1780 modo
400 1759 434 1779 ex
460 1749 661 1786 experimentis
701 1749 839 1785 Magnani
868 1755 896 1777 et
924 1748 1026 1785 Boylei
1061 1748 1173 1777 abunde
1201 1754 1298 1784 patet,
1333 1748 1415 1777 etiam
1447 1749 1482 1777 ab
1515 1749 1561 1778 his
1591 1749 1656 1778 loca

142 1803 284 1833 naturalia
306 1810 338 1830 ea
357 1801 450 1830 fuisse
474 1802 570 1837 dicta,
593 1809 665 1837 quae
687 1802 732 1830 vel
757 1806 816 1829 tota
838 1800 873 1828 ab
897 1800 970 1836 ipsis
998 1800 1093 1828 fluidis
1118 1806 1318 1835 occupantur,
1341 1801 1386 1828 vel
1409 1807 1515 1837 partem
1540 1806 1653 1829 tantum

144 1854 232 1891 spatii
255 1854 290 1882 ab
317 1853 354 1881 iis
377 1853 489 1889 impleti
519 1859 675 1889 occupant,
713 1852 790 1881 Idem
821 1851 996 1882 sufficienter
1025 1851 1199 1888 intelligitur
1221 1859 1257 1879 ex
1282 1850 1425 1880 institutis
1455 1850 1653 1888 experimentis

1625 1899 1660 1929 ab

169 1979 222 2008 (ι)
243 1981 276 2004 De
297 1982 365 2004 coelo
385 1982 460 2006 L.1v.
479 1987 501 2004 e.
514 1986 535 2010 ς.
713 1978 765 2009 (2)
785 1979 846 2004 conf.
869 1987 935 2010 supra
955 1988 978 2009 p.
993 1987 1032 2006 ω.
1068 1995 1070 1998 >
1105 1987 1107 1990 ⁴
1230 1979 1285 2008 (3)
1305 1984 1371 2009 supra
1393 1986 1415 2008 p.
1432 1983 1466 2001 αι.

942 2022 971 2052 Η
