1913 2417
317 157 355 214 ἐς
658 173 1486 215 P.J.UYLENBROEK

619 498 952 542 CAPUT
1040 501 1531 541 TERTIUM·

350 631 578 659 RATIONES,
606 632 728 661 Monl,
757 634 803 654 ET
832 632 1113 660 DISCRIMINA‚
1143 633 1291 662 QUIBUS
1317 630 1380 653 L‘ls
1408 632 1458 653 DE
1488 633 1810 658 GRAVITATIONE

455 684 701 706 FLUIDORUM
731 686 771 706 IN
799 684 992 707 PROFRIIS
1019 685 1137 706 LOCIS
1165 684 1348 706 PENITUS
1374 684 1519 706 DIRIMI
1548 685 1699 708 POSSIT.

323 798 434 860 Tota
457 831 507 859 lite
532 831 575 860 sic
602 832 672 861 satis
697 832 846 867 exposita,
876 832 915 862 ita
934 832 1032 860 saltem
1054 837 1086 860 ut
1110 832 1252 869 cujusque
1278 830 1452 866 litigantium
1478 832 1637 867 sententia,
1670 838 1697 861 et
1719 832 1834 860 ratioci-

325 882 457 910 nationes
484 888 511 909 et
536 884 746 919 experimenta,
777 883 881 918 quibus
917 883 1041 918 quisquc
1069 891 1148 911 suam
1179 883 1299 919 probare
1324 889 1445 911 conatus
1469 890 1532 918 est,
1560 884 1671 911 abunde
1700 888 1830 918 pateant,

321 932 377 969 J'am
400 933 488 960 altero
512 933 577 962 loco
602 934 746 969 rationes,
776 935 873 969 modi,
896 942 923 962 ct
945 934 1126 968 discrimina,
1158 935 1264 969 quibus
1291 934 1326 961 lis
1355 933 1401 961 illa
1426 934 1539 969 penitus
1569 933 1661 962 dirimi
1686 934 1798 970 possit,
1818 941 1833 961 a

326 983 412 1011 nobis
434 989 502 1011 sunt
524 984 689 1013 exhibenda.
729 985 839 1013 Idcirco
866 985 988 1020 primum
1011 994 1045 1012 ex
1069 985 1124 1019 iis,
1149 993 1219 1021 quae
1241 984 1271 1012 in
1296 992 1360 1019 cap.
1385 991 1451 1018 sup.
1475 984 1644 1019 retulimus,
1672 993 1767 1012 eruere
1785 992 1835 1012 co-

321 1033 472 1067 nabimur,
502 1034 609 1068 quibus
640 1035 753 1069 titulis,
778 1042 806 1063 et
831 1044 982 1070 quousque
1008 1043 1061 1063 una
1086 1044 1151 1070 pars
1174 1035 1208 1063 ab
1234 1035 1318 1061 altera
1342 1034 1517 1063 dissenserit.
1561 1034 1674 1071 Quodsi
1697 1042 1834 1071 apparue-

325 1083 380 1119 rit,
406 1083 588 1112 indicandum
611 1085 681 1120 erit,
703 1094 759 1120 qua
782 1087 892 1115 ratione
907 1086 1058 1114 dissensus
1075 1086 1123 1114 ille
1144 1085 1229 1114 nobis
1247 1085 1463 1121 componendus
1487 1085 1624 1115 videatur.

364 1135 410 1163 Ex
433 1143 521 1171 supra
550 1136 712 1164 memoratis
746 1137 815 1165 satis
840 1143 977 1173 apparet,
1005 1137 1121 1172 proprie
1140 1137 1210 1165 duas
1230 1144 1292 1164 esse
1318 1136 1518 1171 quaestiones,
1549 1137 1582 1164 de
1609 1136 1716 1172 quibus
1738 1136 1767 1165 in
1791 1136 1833 1165 di-

327 1194 425 1215 versas
449 1186 580 1215 abierunt
601 1188 757 1216 sententias
778 1188 843 1217 VV.
863 1187 929 1217 DD.
971 1188 1064 1217 Prima
1086 1187 1234 1223 quaestio,
1257 1195 1327 1223 quae
1352 1187 1418 1215 inde
1443 1187 1477 1215 ab
1503 1187 1657 1216 Aristotele
1681 1189 1717 1216 ad
1739 1195 1838 1217 nostra

325 1245 424 1273 usque
456 1244 583 1274 tempora
611 1238 640 1266 in
675 1238 794 1267 dubium
826 1245 926 1267 vocata
957 1239 1033 1274 fuit,
1066 1246 1130 1274 est,
1160 1246 1255 1267 utrum
1283 1239 1370 1267 fluida
1401 1240 1430 1267 in
1461 1238 1533 1267 locis
1571 1240 1631 1268 suis
1655 1239 1833 1268 naturalibus

324 1289 486 1326 gravitent,
508 1288 619 1317 necne?
661 1289 759 1317 Altera
786 1290 937 1325 quaestio,
967 1297 1035 1326 post
1059 1290 1199 1326 Boyleum
1227 1291 1338 1318 demum
1366 1296 1446 1324 orta,
1473 1296 1499 1318 et
1521 1290 1610 1325 priori
1630 1290 1742 1325 addita,
1770 1296 1838 1325 est,

324 1347 360 1367 an
378 1339 599 1374 experimentum
623 1347 638 1366 a
662 1347 728 1368 vero
764 1340 815 1368 illo
840 1340 901 1369 Cel.
936 1341 1122 1376 institutum,
1153 1348 1184 1369 ut
1217 1341 1350 1376 probaret
1382 1340 1596 1376 gravitationem
1629 1340 1782 1369 fluidorum
1807 1341 1839 1368 in

329 1390 401 1418 locis
425 1390 573 1425 propriis,
601 1390 722 1426 ejusque
743 1390 927 1426 quantitatem
951 1391 1129 1427 aestimaret,
1157 1400 1250 1420 revera
1276 1392 1346 1420 hanc
1360 1391 1462 1426 probet
1486 1397 1511 1418 et
1530 1391 1678 1426 aestimet,
1703 1399 1755 1420 nec
1778 1389 1838 1420 ne?

364 1440 492 1468 Primum
517 1441 613 1475 itaque
637 1441 671 1468 de
692 1439 781 1476 priori
806 1444 973 1476 quaestione
996 1443 1153 1472 videamus.
1755 1462 1757 1466 ι

365 1491 598 1520 Gravitationem
625 1491 778 1520 fluidorum
805 1492 833 1520 in
857 1493 983 1528 propriis
1008 1494 1080 1522 locis
1102 1493 1264 1522 defendisse
1283 1492 1410 1521 vidimus
1432 1493 1639 1528 Aristotelem,
1666 1493 1730 1523 Em.
1756 1492 1840 1529 Mag-

326 1551 453 1577 nauum,
477 1542 634 1577 ssoyleum‚
657 1550 711 1570 van
739 1542 874 1577 Marum,
897 1545 1024 1579 Aeneae,
1052 1546 1086 1572 de
1110 1545 1196 1578 Beer,
1229 1544 1372 1579 aliosque.
1414 1544 1461 1571 Ab
1485 1544 1569 1572 altera
1594 1553 1660 1572 vero
1684 1550 1763 1580 parte
1785 1550 1841 1571 ste-

327 1601 422 1622 terunt
448 1593 653 1628 Ptolemaeus,
677 1593 928 1622 Commentatores
952 1595 1123 1624 Aristotelis
1145 1595 1320 1630 antiquiores
1345 1595 1478 1630 quidem,
1500 1594 1686 1630 Simplicius,
1707 1593 1841 1623 Themis·

328 1644 408 1678 tius,
430 1644 589 1679 syrianus,
613 1644 790 1679 Alexander,
813 1644 982 1674 recentiores
1006 1655 1073 1675 vero
1099 1646 1173 1676 socii
1197 1646 1474 1681 Conimbricenses‚
1503 1645 1664 1680 Scliottus,
1697 1643 1841 1673 Hesselin-

328 1695 412 1731 gius,
434 1695 628 1730 Anonymus,
650 1702 677 1722 et
704 1704 758 1723 van
785 1696 962 1731 Coppenaal.

368 1746 443 1773 Cum
468 1752 560 1773 autem
585 1753 716 1774 nostrum
743 1747 796 1776 lioc
826 1747 854 1774 in
878 1755 943 1782 cap.
970 1754 1013 1775 est
1038 1747 1195 1776 consilium
1211 1769 1222 1783 ,
1252 1748 1349 1776 harum
1367 1748 1510 1784 partium,
1532 1753 1670 1783 quantum
1691 1745 1748 1774 fieri
1772 1754 1840 1782 pos-

331 1795 388 1829 sit,
410 1797 535 1823 diversas
561 1805 734 1832 componere
760 1799 934 1833 sententias,
955 1805 1041 1833 atque
1065 1798 1152 1835 hujus
1176 1799 1268 1835 magni
1290 1800 1424 1834 interest,
1455 1806 1648 1833 cognoscere,
1671 1805 1729 1832 quo
1755 1804 1843 1825 sensu

331 1847 456 1881 quisquc
481 1847 552 1874 illud
585 1848 789 1883 enunciatum,
818 1849 905 1877 fluida
934 1849 964 1877 in
989 1849 1061 1878 locis
1097 1851 1159 1879 suis
1193 1849 1371 1879 naturalibus
1404 1849 1564 1885 gravitant,
1591 1848 1748 1884 acceperit,
1777 1844 1857 1876 ante'

327 1897 423 1927 omnia
449 1897 645 1932 inquirentium
675 1900 760 1927 nobis
783 1906 826 1927 est

377 1948 417 1977 10.
448 1948 524 1985 Qui]
548 1950 652 1984 cuique
674 1950 838 1986 significent
863 1950 925 1980 loca
949 1959 1002 1980 sua
1026 1952 1199 1987 naturalia,
1228 1951 1256 1980 in
1279 1951 1387 1987 quibus
1415 1951 1553 1988 gravitate
1581 1951 1717 1979 dicuntur
1740 1948 1842 1983 fluida,

331 2005 360 2026 et
381 1999 462 2036 dein,

1801 2047 1845 2078 α’.
