1913 2417
363 166 643 206 RES-PONSIO
673 179 721 202 AD
751 171 1120 210 QUAESTIONEM
1146 179 1477 218 LITERARIAM.
1661 198 1700 231 32

163 250 274 279 caasses
297 254 348 277 aut
368 252 484 288 nullae,
514 259 564 282 aut
585 262 662 284 certe
689 264 753 284 cum
780 256 909 292 ipsorum
932 260 1078 290 classibus
1101 263 1183 292 nullo
1208 266 1304 295 modor
1325 272 1532 305 comparandae
1558 281 1676 312 essent,

161 308 256 329 revera
281 300 429 338 imperium
459 304 544 333 maris
567 312 740 342 tenuerunt,
769 308 798 336 in
823 317 882 344 quo
914 310 1014 340 invitis
1039 314 1112 348 ipsis
1142 324 1226 345 nemo
1254 318 1387 354 navigare
1409 324 1532 354 auderet.
1582 327 1680 364 Cuius

165 353 400 390 Oanawcnaoerlaq
426 363 531 391 quanta
558 357 644 386 fuerit
669 359 779 388 utilitas
802 360 836 388 ad
860 361 956 390 socios
981 364 1172 402 coercendos,
1203 376 1386 400 mercaturam
1411 372 1583 412 faciendam,
1611 379 1679 408 alia-

163 411 219 438 que
240 404 349 440 multa,
378 404 463 435 Facile
484 407 666 446 intelligitur.
707 402 846 440 'Profecto
868 420 957 442 unum
981 416 1088 451 modo,
1116 425 1146 446 ut
1178 419 1217 447 ait
1239 420 1394 459 Xenophon
1415 425 1456 461 (1
1471 426 1506 461 )‚
1534 428 1606 463 ipsis
1631 431 1680 459 de-

160 452 255 483 fuisse
282 456 411 486 videtur:
441 458 470 487 in
501 459 596 489 insula
627 461 699 490 enim
730 463 754 490 si
777 462 974 500 habitassent,
1003 467 1168 501 potuissent
1195 473 1331 501 omnibus
1354 475 1388 502 ad
1418 476 1564 508 libidinem
1597 489 1679 511 suam

159 512 281 542 nocere,
302 507 361 543 ipsi
383 509 456 537 nihil
479 511 642 541 detrimenti
664 522 783 550 capere=
811 515 892 550 quod
919 524 1004 552 quam
1027 526 1092 548 vere
1115 521 1224 551 dictum
1252 523 1311 559 sit,
1338 531 1366 554 et
1389 527 1426 555 rei
1454 536 1554 558 natura
1576 532 1680 569 docet,

157 561 186 585 et
208 564 376 586 nostrornm
401 566 563 598 temporum
589 564 710 594 historia
736 565 897 598 confirmat.

195 607 349 645 Alterum,
371 613 451 647 quod
472 614 682 645 observandum
709 624 867 653 putamus,
891 619 946 648 hoc
969 626 1038 656 est,
1054 623 1152 658 quod,
1175 633 1263 660 quum
1283 626 1369 657 initio
1389 630 1567 667 principatus
1588 635 1676 664 Athe-

159 658 302 689 niensium
324 662 455 693 militaris
475 665 603 702 fuisset,
623 669 711 705 hujus
732 669 771 698 rei
794 670 868 699 ratio
891 678 990 707 postea
1016 673 1098 708 plane
1120 683 1294 707 commutata
1320 680 1370 708 sit.
1410 681 1455 711 Eo
1479 684 1552 713 enim
1580 687 1677 721 paul'a-

155 709 208 738 tim
233 713 386 748 progressi*
406 722 475 744 sunt
505 717 720 755 Athenienses,
749 728 781 748 ut
807 729 866 750 non
896 729 1027 759 tantum,
1056 734 1128 761 quac
1156 728 1191 755 ad
1223 727 1326 757 bellum
1353 733 1550 770 pertinebant,
1580 740 1675 768 omnia

155 759 213 795 ipsi
238 763 489 803 administrarent,
510 777 609 798 verum
639 771 719 799 etiam
742 773 879 802 omnibus
902 775 1048 805 sociorum
1075 778 1222 814 negotiis,
1243 779 1279 808 iis
1297 789 1431 818 quoque,
1454 793 1526 820 quae
1550 787 1676 818 internae

152 818 233 840 erant
254 813 535 854 administrationis,
565 829 628 850 sese
651 821 859 853 immiscerent:
889 826 962 854 unde
985 827 1063 857 brevi
1088 829 1194 865 factum
1223 838 1284 866 est,
1317 839 1348 860 ut
1373 835 1507 868 ἡγεμονία
1533 846 1592 867 non
1614 849 1675 870 am-

150 862 232 898 plius
255 863 324 893 belli
347 872 456 896 tantum
480 870 664 907 principatus
693 881 790 909 esset,
819 876 869 904 sed
899 878 1039 911 quaedam
1060 880 1218 909 dominatio
1241 883 1360 919 (ἀρχὴ)
1390 893 1461 919 quae
1487 893 1515 915 et
1542 889 1572 917 in
1596 889 1675 920 bello

152 919 181 940 et
205 913 235 942 in
256 923 325 950 pace
345 919 470 954 valeret,
501 922 647 959 cujusque
670 923 738 952 haec
761 923 820 953 fuit
843 926 905 961 vis,
928 934 979 964 ut,
1001 930 1239 966 quemadmodum
1262 933 1410 971 vidimus,
1430 938 1562 976 plerique
1581 941 1673 972 Athe-

147 963 294 995 niensium
315 968 389 996 socii
416 970 527 1000 subditi
549 981 650 1003 eorum
666 974 800 1011 servique
821 975 946 1007 fuerint-

698 1112 1127 1131 m

413 1223 793 1263 SECTIO
902 1232 1391 1275 SECUNDA.

325 1329 375 1352 DE
404 1332 573 1362 CAUSIS‚
605 1337 755 1363 QUIBUS
786 1340 958 1362 FACTUM
986 1343 1082 1369 EST,
1112 1345 1164 1365 UT
1191 1347 1488 1373 ATHENIENSES

484 1385 781 1407 unchu‘A'runt
810 1390 975 1412 TAMDlU
1001 1393 1320 1420 RETINUERINT.

142 1450 270 1534 Quod
291 1489 326 1518 d'e
346 1490 470 1527 singuiis
495 1492 665 1525 hominibus
685 1497 813 1534 dicitur,
843 1502 1018 1536 tyrannidem
1043 1512 1141 1534 eorum
1167 1506 1275 1537 firmam
1303 1519 1334 1540 ac
1362 1513 1493 1544 stabilem
1519 1526 1581 1549 esse
1604 1529 1663 1551 non

137 1547 243 1575 posse,
273 1540 344 1569 idem
367 1542 402 1570 de
425 1544 531 1579 populi
553 1545 705 1581 impotenti
727 1549 925 1581 dominatione
950 1554 1064 1583 minime
1093 1559 1178 1598 valet.
1226 1559 1301 1590 Nam
1327 1563 1414 1593 unius
1446 1567 1571 1600 hominis
1594 1581 1660 1601 cru.

137 1590 250 1619 delitate
273 1592 428 1621 humanum
461 1602 550 1630 genus
582 1598 674 1628 variis*
700 1601 794 1630 modis
827 1602 984 1634 liberatur:
1016 1606 1061 1634 sin
1090 1611 1216 1644 populus
1251 1613 1306 1641 sibi
1333 1618 1509 1651 tyrannidem
1545 1630 1662 1660 compa-

138 1642 260 1677 raverit,
292 1649 350 1670 tum
381 1644 492 1673 demum
522 1654 580 1675 eam
612 1650 738 1686 amittit,
776 1661 866 1688 quum
900 1655 963 1683 sive
996 1660 1120 1687 externis
1149 1661 1232 1691 bellis
1265 1671 1292 1692 et
1319 1665 1463 1697 intestinis
1500 1672 1660 1705 dissensio.

135 1691 242 1727 nibus,
269 1693 331 1722 sive
352 1694 423 1723 luxu
447 1704 533 1734 atque
564 1699 684 1729 moiiitie
711 1703 749 1731 ita
776 1703 880 1734 fractae
905 1707 1127 1745 debilitataeque
1156 1720 1225 1741 sunt
1250 1715 1343 1750 ipsius
1374 1718 1470 1755 vitem,
1502 1729 1534 1752 ut
1557 1727 1658 1756 subdi.

134 1747 182 1771 tos
213 1745 400 1780 comprimere
436 1753 464 1776 et
495 1750 627 1779 coercere
658 1752 768 1782 diutius
791 1764 851 1785 non
872 1758 979 1793 possit.
1019 1760 1126 1798 Quod,
1161 1771 1192 1792 ut
1216 1764 1250 1793 de
1271 1768 1349 1795 omni
1374 1772 1485 1806 populo
1504 1777 1596 1812 valet,
1619 1780 1658 1808 ita

133 1801 236 1822 causae
258 1804 383 1831 possunt
408 1798 510 1828 adferri
524 1801 751 1834 Atheniensibus
775 1808 925 1845 propriae,
948 1810 1056 1846 quibus
1080 1811 1189 1843 factum
1209 1817 1269 1853 sit,
1291 1824 1323 1847 ut
1345 1826 1399 1849 tam
1430 1824 1480 1852 diu
1504 1824 1654 1862 imperium

134 1852 220 1873 suum
243 1846 310 1874 tuiti
333 1848 404 1878 sint.
687 1857 689 1859 '

172 1903 201 1926 1.
225 1896 318 1926 Prima
344 1907 430 1930 causa
461 1908 527 1938 est,
563 1911 685 1941 magnus
714 1908 892 1944 egregiorum
930 1912 1057 1944 virorum
1091 1924 1271 1956 proventus,
1300 1922 1351 1958 qui
1384 1924 1507 1956 Athenis
1535 1931 1654 1961 exstitit.

1595 1982 1663 2013 Dif-

155 2008 208 2039 (ι)
228 2009 282 2035 VM.
299 2010 398 2040 Xon-ph.
417 2014 445 2036 de
465 2016 524 2044 Rep.
543 2017 631 2041 Athen.
653 2023 674 2040 c.
689 2019 718 2042 Π.
741 2018 762 2047 S.
776 2025 817 2050 ¹⁴·
