1913 2417
656 186 1046 220 ORATIO.
1552 198 1609 230 το,-

117 288 188 322 aliis
215 285 406 328 Theologiae
440 285 583 330 partibus
623 285 727 318 lucem
755 286 845 319 affert
872 293 903 318 et
935 287 1101 319 veritatem
1126 293 1246 325 servat,
1279 287 1475 331 quandoque
1509 289 1591 322 adeo

117 357 180 390 pro
213 345 397 376 auctoritate
428 354 485 375 sua
518 344 707 375 sententiam
737 343 822 381 fert,
851 337 893 374 iia
922 344 1018 374 eiiam
1051 345 1084 375 in
1107 345 1146 375 iis
1178 344 1476 387 disquisitionibus,
1508 357 1592 390 quae

117 402 277 446 pertinent
306 400 346 431 ad
380 411 429 431 res
457 412 524 431 non
551 400 697 431 sensibus
720 400 955 444 percipiendas,
989 400 1044 432 sed
1069 400 1135 435 sola
1161 407 1268 432 mente
1297 401 1517 445 intelligendas
1541 404 1594 445 ju-

116 458 243 490 dicandi
267 464 373 500 partes
396 458 456 488 sibi
484 457 625 488 vindicat
639 481 650 496 ,
673 457 835 500 simulque
856 457 975 494 docet,
1007 469 1179 501 quousque
1196 458 1346 501 progredi
1362 458 1463 491 liceat*
1510 460 1593 492 Nam

117 525 328 559 quaecunque
359 525 397 545 ex
434 514 495 545 hoc
522 525 636 557 genere
665 525 773 546 rerum
801 524 876 546 cum
899 514 1018 545 virtute
1041 514 1234 553 cohaerent,
1258 525 1327 545 eam
1358 516 1529 554 nutriunt,
1551 516 1593 548 ad

119 582 189 604 eam
214 571 411 602 eveherdam
445 582 481 602 ac
509 571 700 602 firmandam
732 571 857 609 valent,
891 571 1138 614 officiorumque
1171 572 1330 614 originem
1362 571 1539 610 declarant,
1564 578 1596 604 et

120 630 225 666 viam,
249 638 313 670 qua
338 627 389 658 his
412 626 526 659 officiis
556 628 657 659 solide
681 627 873 670 fungamur,
898 629 1048 659 tutiorem
1081 628 1430 672 complanatioremque
1463 628 1595 660 reddere

121 691 281 729 possunt3
311 685 388 715 haec
425 695 492 715 non
524 683 622 715 modo
656 685 775 727 patitur
804 684 968 727 indagari,
1000 684 1199 726 sedetiam,
1225 690 1262 716 ut
1283 684 1480 727 theologicae
1506 684 1598 716 inda-

119 741 258 785 gationis
291 740 413 782 objecta
446 741 536 780 sint,
565 742 716 784 postulat.
761 744 979 784 Quaecunque
1013 747 1124 772 contra
1150 752 1224 771 cum
1250 742 1368 772 virtute
1391 753 1458 773 non
1481 742 1597 773 cohae-

118 805 210 836 rent,
235 808 293 828 nec
317 797 384 828 vim
408 797 442 828 in
477 807 547 828 eam
580 797 696 829 habere
727 804 882 840 possunt,
915 797 992 828 haec
1025 797 1176 840 indagare
1201 804 1303 836 vetat,
1335 805 1367 829 et
1390 798 1448 829 hac
1472 798 1596 830 ratione

119 853 351 898 speculationes
376 864 474 884 vanas
502 861 597 897 atque
619 854 753 886 inutiles
789 854 927 886 cohibet.
983 853 1106 885 Omnes
1134 854 1328 897 theologicas
1351 854 1593 898 disquisitiones

121 921 197 954 ergo
222 911 306 942 intra
331 911 486 942 terminos
514 910 674 953 legitimos
699 912 864 949 continet,
890 917 922 942 et
948 910 1018 941 illas
1041 910 1191 953 quidem,
1224 922 1306 953 quae
1335 922 1463 942 morum
1491 910 1598 954 probi-

117 968 176 998 tati
207 967 406 1011 adjuvandae
443 968 646 1007 inserviunt,
681 975 801 1005 rectas,
834 978 942 1006 veras,
973 967 1075 998 bonas
1097 968 1302 1009 pronuntiat,
1326 967 1540 1011 easdemque,
1559 974 1598 1001 ut

120 1023 161 1060 ad
189 1023 287 1056 fidem
314 1024 508 1067 gignendam
536 1034 592 1056 aut
619 1024 766 1056 alendam
793 1024 952 1063 salubres,
978 1023 1119 1055 studiose
1140 1024 1354 1056 commendat.

165 1082 235 1112 Hoc
273 1086 379 1111 autem
412 1079 538 1112 efficere
571 1091 639 1111 non
670 1087 795 1122 potest,
831 1081 894 1111 nisi
927 1086 987 1118 (ut
1006 1086 1165 1122 repetam,
1190 1090 1271 1122 quae
1289 1080 1377 1117 dixi)
1399 1080 1435 1115 in
1462 1079 1601 1111 formam

119 1136 198 1168 artis
221 1137 260 1167 sit
287 1136 420 1168 redacta.
474 1136 628 1180 Alioquin
663 1135 753 1168 facile
777 1136 848 1168 fieri
875 1143 995 1180 potest,
1027 1144 1063 1168 ut
1091 1136 1285 1178 Theologiae
1313 1138 1503 1168 theoreticae
1532 1138 1601 1168 sive

123 1193 322 1235 dogmaticae
343 1193 544 1235 provinciam
573 1193 723 1232 invadat,
761 1200 793 1225 et
824 1205 864 1225 ex
889 1194 1014 1237 placitis
1040 1192 1252 1236 quibusdam,
1279 1203 1339 1236 pro
1366 1193 1470 1224 lubitu
1496 1192 1603 1234 fictis„

122 1256 287 1294 praecepta
313 1248 429 1284 ducat,
464 1260 482 1280 a
509 1260 565 1280 sua
591 1249 700 1282 indole
725 1250 845 1289 aliena,
878 1260 1035 1293 veraeque
1066 1250 1184 1280 virtute
1208 1248 1337 1288 infesta,
1370 1260 1406 1281 ac
1430 1249 1602 1290 (lamnosa3

122 1313 180 1344 ut,
204 1306 340 1337 admissa
364 1307 594 1336 sententiarum
621 1306 849 1348 languidarum
881 1306 989 1337 inutili
1015 1305 1117 1345 mole,
1145 1306 1332 1349 dignitatem
1357 1316 1448 1338 suam
1473 1305 1602 1349 perdat,

121 1369 160 1394 ut
183 1362 402 1394 commentitia
432 1362 484 1393 illa
518 1362 602 1394 bona
634 1374 750 1406 opera,
782 1374 864 1406 quae
899 1370 1081 1402 vocantur,
1103 1362 1325 1401 commendem
1349 1369 1386 1394 ut
1416 1362 1463 1393 de
1488 1361 1605 1394 officiis

121 1418 205 1450 inter
228 1429 261 1450 se
282 1430 427 1462 pugnare
454 1420 552 1457 visis,
576 1420 748 1463 praecipiat
771 1426 803 1450 et
831 1430 939 1451 veram
972 1419 1116 1451 hominis
1151 1418 1379 1463 perfectionem
1408 1419 1509 1461 magis
1538 1419 1599 1448 im-

119 1475 226 1518 pediat
245 1485 342 1518 qnam
368 1475 506 1518 adjuvet.
557 1476 604 1507 Ex
643 1476 693 1506 his
719 1476 873 1507 omnibus
911 1483 1067 1519 apparet,
1096 1487 1224 1507 morum
1250 1476 1447 1514 doctrinam,
1478 1475 1538 1506 nisi
1565 1474 1602 1505 in

123 1532 199 1562 artis
226 1530 361 1562 formam
388 1533 428 1562 sit
451 1531 593 1569 redacta,
618 1544 686 1563 non
719 1532 835 1563 habere
865 1543 957 1575 posse
990 1542 1060 1562 eain
1096 1533 1162 1563 vim
1195 1538 1226 1562 et
1259 1531 1433 1563 efficaciam
1461 1530 1494 1561 in
1519 1529 1596 1561 reli-

116 1598 196 1631 quas
223 1586 415 1629 Theologiae
445 1594 547 1628 partes
567 1611 575 1623 ,
608 1598 704 1630 qna-n
730 1588 760 1617 ei
798 1588 994 1625 tribuimus;
1026 1587 1166 1630 legitime
1188 1599 1263 1619 vero
1286 1589 1408 1619 ratione
1431 1593 1595 1618 tractatam

119 1645 261 1675 multum
294 1642 438 1674 conferre
468 1643 508 1673 ad
537 1642 776 1685 disquisitiones
805 1643 845 1674 de
879 1642 975 1674 rebus
998 1643 1079 1679 iltis,
1115 1655 1197 1687 quae
1221 1655 1376 1675 sensuum
1402 1645 1600 1675 instrumen-

119 1701 160 1731 tis
192 1711 258 1731 non
292 1700 545 1743 percipiuntur,
588 1698 719 1730 feliciter
755 1699 990 1738 moderandas,
1022 1699 1166 1744 adeoque
1203 1700 1243 1731 ad
1274 1701 1504 1743 assequendam
1548 1710 1600 1731 ve-

121 1756 256 1788 ritatem.

165 1813 285 1852 Quanti
309 1811 448 1854 denique
471 1812 647 1850 momenti,
669 1820 871 1856 quantaeque
902 1812 1047 1844 utilitatis
1077 1811 1164 1843 illam
1196 1812 1398 1850 censebimus
1419 1813 1453 1844 in
1473 1812 1605 1855 dogma·

122 1874 191 1898 tiim
220 1875 386 1911 systemate
414 1876 477 1899 tain
507 1869 735 1909 componendo
754 1869 982 1912 literarumque
1007 1880 1167 1900 sacrarum
1206 1870 1317 1900 subtili
1348 1869 1604 1913 interpretationi

125 1924 395 1966 superstiueudo,
418 1935 515 1968 quam
543 1924 702 1957 omnibus
728 1925 873 1970 partibus
905 1927 972 1962 sui>-
1000 1926 1236 1970 ponderando,
1269 1925 1430 1958 firmando
1462 1934 1494 1959 et
1520 1927 1607 1970 diju!

125 1976 275 2016 dicando!

196 2038 200 2041 '
1550 2038 1607 2069 Ni-
