1913 2417
307 179 344 210 30
577 162 1551 206 J'AcosstHERMAN11’H1L1PSE

309 261 368 283 non
391 257 503 281 tantum
528 250 741 287 intelligendum
773 257 836 278 esse
867 249 901 277 de
933 249 1020 278 solito
1047 257 1126 278 more
1156 250 1186 279 in
1218 249 1359 286 eiusmodi
1391 250 1502 278 caussis
1530 249 1730 284 observando,
1759 255 1818 285 que

312 304 482 334 Procurator
500 302 618 339 jubetur
643 303 778 330 interesse
801 300 832 329 in
855 300 990 328 omnibus
1012 300 1157 337 negotiis,
1180 309 1250 336 quae
1271 301 1414 336 minores,
1437 309 1462 329 v.
1486 309 1513 330 c.
1540 300 1671 329 mulieres
1689 306 1819 336 nuptas,

313 341 481 389 similesque
504 353 644 387 attinent,
666 358 693 380 et
715 350 938 386 conclusiones,
969 359 1042 387 quae
1065 351 1221 386 dicuntur,
1251 351 1402 379 Tribunali
1425 350 1538 379 offerre.
1578 351 1696 386 Verbo,
1716 350 1818 380 absur-
1862 360 1865 363 ·

308 406 376 434 dum
407 404 499 439 foret,
522 403 711 440 legislatorem
729 408 848 430 ·tantum
873 402 992 437 reliquis
1020 402 1119 431 idonee
1144 402 1346 439 prospexisse,
1375 401 1471 438 ipsius
1495 409 1561 430 vero
1581 401 1718 430 Absentis
1742 409 1824 431 com-

309 456 395 485 moda
419 463 539 491 prorsus
563 454 740 489 neglexisse3
773 453 852 488 quod
875 458 967 481 tamen
989 452 1124 488 fecisset,
1152 453 1181 481 ni
1205 453 1261 482 alio
1287 454 1410 482 remedio
1428 473 1438 488 ,
1468 461 1553 488 quam
1584 453 1664 489 quod
1694 452 1823 482 occurrit

305 508 339 536 in
366 512 427 535 art.
449 513 520 539 112,
535 513 607 541 >sq.,
630 503 655 532 ei
679 504 901 532 succurrendum
923 509 1065 539 putasset.
1105 503 1170 533 Hoc
1187 503 1274 540 igitur
1295 505 1459 533 continetur
1480 510 1540 533 art.
1563 511 1630 541 114.
1672 503 1729 532 Sed
1744 511 1820 539 quo-

311 557 397 585 modo
423 556 500 584 hune
523 563 644 590 scopum
668 562 792 591 unquam
817 554 960 592 attigisset
986 555 1148 591 legislator,
1169 554 1225 583 nisi
1247 555 1298 584 hac
1321 555 1352 584 in
1371 564 1399 584 re
1419 556 1587 584 latissimam
1610 554 1729 583 fecisset
1752 553 1823 582 Pro-

311 607 439 636 curator-i
464 611 653 641 potestatem,
683 613 710 634 et
732 606 762 634 ni
788 605 850 642 ipse
874 606 1029 635 Absentem
1060 611 1285 642 repraesentare,
1314 613 1342 635 et
1368 615 1423 642 pro
1453 616 1485 635 eo
1515 605 1684 635 intercedere
1708 610 1819 640 posset.

310 659 409 694 Atque
434 657 499 686 ltine
523 656 607 686 facile
623 657 812 694 intelligitur,
841 657 927 686 verba
955 663 1016 687 art.
1045 664 1110 694 114.
1133 664 1193 686 non
1217 657 1312 685 solum
1342 657 1478 687 Absentis
1504 656 1649 685 defensori
1672 656 1744 684 hanc
1770 663 1824 692 po-

311 715 442 738 testatem
471 708 581 743 facere,
610 715 642 736 ut
672 708 701 737 in
730 708 898 744 petitionem
927 708 1049 737 aliorum
1072 707 1219 744 inquirat,
1246 714 1274 736 et
1299 714 1450 744 antequam
1481 707 1625 736 Tribunal
1654 706 1823 736 sententiam

314 759 407 795 feret,
428 759 551 788 consilia
574 767 640 788 cum
665 767 698 788 eo
719 760 928 788 communicet:
961 759 1011 787 sed
1034 765 1062 787 et
1083 759 1114 788 in
1137 759 1273 788 omnibus
1295 767 1447 796 personam
1467 759 1605 788 Absentis
1630 764 1727 795 gerat,
1755 764 1784 786 et
1805 765 1823 785 a

313 810 467 839 Tribunali
492 817 592 847 petat,
619 819 691 847 quae
717 810 855 839 Absentis
883 819 952 839 cura
981 810 1131 847 efflagitare
1160 810 1295 847 videtui-3
1326 811 1412 846 idque
1442 810 1504 839 sive
1531 810 1638 846 aliquis
1667 809 1824 839 Absentem

314 861 428 890 actione
449 862 644 898 aggrediatur,
665 869 715 890 seu
739 862 846 890 minus.
887 861 992 896 Neque
1016 861 1073 889 alio
1099 861 1253 897 proposito
1282 862 1451 897 legislator,
1479 867 1634 897 postquam
1665 866 1728 890 art.
1755 868 1820 897 114.

316 912 385 942 cod.
408 914 471 942 Cir.
495 913 647 949 generalem
673 912 844 940 Absentium
866 918 1018 948 patronum
1036 912 1224 941 constituerat
1242 911 1364 949 Regium
1380 912 1614 946 Procuratorem,
1635 913 1665 940 in
1687 917 1750 941 art.
1773 912 1823 948 6).

316 964 359 993 80.
389 963 456 993 Cod.
487 963 521 991 dc
548 969 609 992 rat.
633 971 716 1001 proc.
745 965 778 992 in
804 965 862 992 civ.
900 963 1057 992 sancivisse
1085 963 1218 999 videtur,
1247 964 1408 1000 exemplum
1439 963 1525 992 libelli
1549 963 1605 999 ipsi
1633 962 1821 991 obferendum

317 1023 400 1049 esse,
421 1014 477 1043 nisi
502 1020 554 1048 ut,
575 1020 728 1049 postquam
749 1013 959 1049 comperisset,
985 1021 1082 1042 eorum
1106 1022 1162 1042 rem
1184 1015 1248 1051 agi,
1277 1015 1312 1043 de
1334 1023 1457 1050 quorum
1489 1014 1548 1042 vita
1576 1020 1625 1042 aut
1650 1019 1742 1041 morte
1767 1019 1827 1041 non

317 1071 433 1094 constat
463 1065 545 1102 (non
577 1063 650 1092 enim
677 1073 795 1100 omnes,
825 1073 948 1100 quorum
971 1064 1103 1093 ultimum
1129 1065 1307 1094 domicilium
1330 1065 1510 1102 incognitum
1536 1071 1600 1100 est,
1630 1064 1686 1093 hoc
1710 1063 1827 1100 privile-

320 1116 368 1152 gio
383 1116 526 1152 gaudent,
554 1121 617 1143 art.
635 1115 683 1152 83.
704 1115 748 1153 7⁰.
761 1116 797 1153 ),
813 1109 1020 1151 intercederet,
1042 1121 1069 1144 et
1092 1115 1269 1152 Absentem,
1291 1125 1348 1153 qua
1369 1116 1466 1153 possit
1485 1124 1559 1153 ope,
1576 1122 1704 1144 tueretur
1727 1115 1824 1152 (25).

356 1166 396 1195 Et
422 1167 462 1195 sic
487 1165 629 1195 absolutis
657 1174 728 1201 quae
751 1166 780 1195 in
804 1166 896 1203 prima
921 1167 972 1195 hac
992 1166 1149 1196 Absentiae
1175 1168 1294 1203 periodo
1326 1167 1435 1197 sancita
1459 1174 1549 1204 sunt,
1578 1175 1644 1196 cum
1665 1166 1695 1195 in
1718 1165 1828 1195 securi-

321 1223 406 1247 tatem
428 1217 569 1245 bonorum
597 1216 691 1253 ipsius
715 1217 877 1252 Absentis,
899 1223 927 1246 et
947 1217 1057 1254 jurium
1081 1217 1290 1253 acquisitorum
1316 1220 1584 1256 conservationem,
1611 1225 1674 1247 tum
1701 1223 1734 1247 ut
1757 1217 1831 1246 alio-

320 1277 383 1297 tum
406 1268 469 1305 jura
489 1267 598 1303 integra
632 1273 800 1303 serventur,
826 1273 854 1296 et
879 1268 931 1296 rite
963 1268 1084 1296 exerceri
1115 1268 1256 1304 possint,
1282 1270 1445 1305 proximum
1469 1277 1513 1299 est
1530 1291 1540 1306 ,
1570 1277 1602 1299 ut
1629 1269 1831 1306 inquiramus,

321 1328 378 1355 qna
403 1319 511 1348 ratione
535 1318 571 1346 iis
594 1326 779 1354 prospectum
807 1319 864 1353 sit,
895 1318 944 1354 qni
973 1317 1121 1348 Absentis-
1143 1320 1174 1347 in
1198 1319 1256 1348 vita
1279 1320 1359 1349 civili
1389 1321 1533 1356 praesidio
1558 1320 1707 1353 destituti,
1735 1318 1830 1355 primo

322 1377 388 1399 mox
412 1368 566 1399 Absentiae
592 1375 719 1405 tempore
747 1369 847 1397 merito
874 1368 1046 1406 legislatoris
1069 1369 1207 1399 auxilium
1232 1370 1382 1407 implorare
1405 1372 1556 1406 videntur,
1583 1377 1615 1399 ut
1641 1370 1744 1398 ultimo
1767 1375 1830 1397 tan-

322 1420 385 1448 dem
407 1421 472 1448 loco
497 1427 676 1455 exponamus
706 1420 741 1447 de
762 1419 899 1456 juribus,
928 1428 956 1449 v.
980 1428 1006 1449 c.
1037 1419 1241 1450 hereditatibus
1267 1422 1303 1450 ab
1327 1422 1483 1456 intestato,
1511 1421 1633 1457 legatis,
1663 1419 1828 1453 similibus,

322 1468 447 1499 Absenti
468 1467 543 1495 forte
567 1476 635 1505 post
660 1470 842 1506 discessum,
870 1478 919 1499 aut
942 1470 1073 1500 ultimum
1099 1471 1234 1501 nuntium
1258 1472 1394 1508 anatum,
1425 1470 1663 1501 obvenientibus.
1702 1469 1777 1498 Nam
1800 1468 1838 1497 li-

323 1527 366 1550 eet
389 1520 456 1547 haec
476 1518 505 1546 in
530 1517 640 1547 Codice
664 1521 750 1549 alium
773 1523 869 1550 locum
900 1528 1063 1558 occupent,
1090 1530 1158 1552 cum
1191 1523 1277 1553 nobis
1303 1522 1545 1559 proposuerimus
1572 1521 1602 1553 'm
1639 1520 1762 1557 singulis
1784 1528 1835 1556 pe-

324 1571 413 1599 riodis
437 1569 540 1598 referre
563 1569 678 1604 omnia,
707 1573 778 1606 quae
801 1572 921 1601 diversis
945 1572 1026 1601 hisce
1050 1574 1233 1609 temporibus
1258 1581 1317 1604 tam
1348 1574 1525 1608 Absentem,
1555 1580 1640 1608 quam
1664 1580 1734 1608 eos,
1763 1579 1837 1608 quo-

325 1630 389 1650 rum
413 1621 546 1656 interest,
567 1628 695 1657 spectare
715 1621 849 1657 possint,
871 1622 910 1650 ita
930 1623 1081 1659 utriusque
1099 1625 1258 1662 argumenti
1279 1625 1415 1656 tractatio
1439 1624 1597 1654 secundum
1616 1630 1743 1653 normam
1766 1629 1838 1659 pro-

326 1673 450 1710 positam
477 1672 511 1700 ab
536 1671 591 1700 hoc
613 1672 679 1701 loco
704 1680 763 1702 non
786 1672 877 1701 allena
903 1672 1026 1703 videtur.
1067 1674 1143 1711 Aget
1168 1675 1259 1713 igitur

352 1761 420 1789 (25)
443 1761 506 1783 Plura
526 1760 590 1786 vidd.
610 1766 648 1789 up.
667 1758 835 1788 Prmdlxonmn.
853 1759 871 1783 l.
886 1760 905 1785 l.
926 1767 950 1790 p.
970 1763 1008 1789 ¹⁸3
1023 1749 1051 1782 '-
1067 1761 1116 1785 18⁸.

1754 2033 1844 2065 SEC-
