1913 2417
264 192 305 229 24
668 182 1334 223 roscELnEm

260 281 382 324 aliquot
420 281 579 318 disertos,
618 281 764 312 acumine
797 279 917 322 ingenii
952 278 1137 320 praeditos,
1176 276 1231 308 sed
1266 276 1337 308 luce
1370 275 1573 307 scientiarum
1602 277 1736 319 turpiter

265 337 403 376 abusos,
437 337 600 379 religionis
630 337 753 367 cultum
784 336 916 377 ejusque
940 334 1080 365 'cultores
1115 334 1233 365 derisui
1260 333 1432 371 habuisse,
1461 343 1564 364 mores
1584 355 1593 371 ‚
1624 332 1737 374 depra-

259 404 349 427 vasse
368 416 378 430 ,
413 403 533 435 suaque
566 393 743 436 perniciosa
782 391 943 428 doctrina,
973 389 1048 420 belli
1071 397 1101 421 et
1136 389 1301 421 seditionis
1331 389 1470 427 semina,
1501 388 1590 432 quod
1619 389 1737 419 nostris

263 449 461 492 temporibus
495 456 559 480 tam
594 450 707 479 misere
745 448 867 490 experti
901 457 1012 477 sumus
1030 469 1041 484 ,
1072 456 1327 488 quaquaversum
1357 445 1560 487 dispersisse:
1591 456 1657 475 non
1680 455 1737 475 au·

261 511 324 537 tem
347 504 482 544 divinis,
506 505 600 536 nobis
631 515 648 535 a
676 506 744 535 Deo
763 504 911 543 donatis,
935 502 1093 539 scientiis,
1115 502 1170 533 sed
1194 512 1303 532 earum
1328 501 1440 532 abusui
1469 502 1625 532 insaniam
1646 502 1738 532 istam

259 571 325 593 esse
353 560 615 598 astribuendam‚
652 561 729 603 quis
758 561 884 602 sapiens
918 569 1062 601 unquam
1098 557 1323 589 dubitaverit?
1368 560 1531 589 Perversas
1554 559 1628 589 istas
1655 568 1737 600 quo·

257 628 320 660 que
353 617 603 647 machinationes
630 617 664 647 in
703 615 829 647 sumum
861 615 968 653 abire,
1001 620 1072 645 tum
1099 613 1315 657 experientia,
1347 620 1414 644 tum
1440 615 1522 645 ratio
1542 625 1602 645 nos
1628 613 1734 645 docet!

259 671 356 712 Quod
379 672 466 703 euim
494 683 511 703 a
542 675 610 703 Deo
638 673 830 711 revelatum,
863 678 993 703 naturae
1021 670 1190 702 adversum
1222 680 1290 701 esse
1326 669 1455 712 nequit!
1503 670 1649 701 Veritatis
1673 671 1736 701 ini-

261 729 361 767 mici,
394 739 481 759 arma
504 729 540 759 in
567 740 600 759 se
627 730 714 772 ipsos
741 739 895 760 conversa
925 725 1056 759 vident!
1090 728 1172 769 quin
1198 732 1230 757 et
1257 726 1502 758 Mathematicae
1535 732 1566 757 et
1589 726 1739 769 Physicae

263 785 430 822 scientiae,
451 785 477 815 si
508 796 581 815 cum
604 796 679 816 sana
704 785 878 827 exegetica,
900 795 974 815 curn
997 783 1181 825 linguarum
1201 789 1235 813 et
1258 793 1386 813 morum
1407 782 1610 813 orientalium
1627 784 1740 825 cogni·

264 841 367 878 tione,
392 851 465 871 cum
492 842 627 883 sapienti
651 842 778 879 critica,
804 840 936 872 feliciter
958 842 1148 882 conjunctae
1170 838 1253 877 sint,
1280 849 1381 880 quam
1406 839 1543 870 maxime
1568 839 1740 871 conferunt

262 895 303 927 ad
318 895 440 927 cultum
465 897 629 939 religionis
657 898 856 930 Christianae
879 896 1103 928 exornandum
1134 901 1229 937 atque
1265 893 1540 937 amplificandum.
1586 897 1736 926 Vestrum

263 953 361 995 igitur
385 959 450 990 est,
471 953 608 984 Juvenes
634 953 902 985 Honoratissimi!
935 958 1096 996 quotquot
1127 950 1167 981 ad
1193 950 1303 982 divina
1331 951 1457 982 oracula
1489 951 1563 982 estis
1589 952 1739 990 accincti,

261 1014 380 1051 quanta
404 1008 550 1051 possitiS,
582 1009 738 1040 industria
766 1011 799 1041 id
823 1021 930 1052 agere,
962 1016 998 1041 ut
1023 1014 1163 1040 mentem
1188 1007 1340 1039 omuibus
1372 1007 1466 1038 bonis
1500 1006 1622 1038 artibus
1643 1018 1738 1040 orue-

266 1066 324 1102 tis‚
347 1070 442 1106 atque
467 1070 598 1096 naturae
625 1066 730 1096 studia
758 1066 901 1097 alacriter
924 1066 1084 1098 excolatis·

308 1119 547 1151 Jurisconsultis
581 1131 617 1152 ac
642 1122 774 1153 Medicis
806 1133 874 1153 non
903 1132 1015 1165 parum
1049 1121 1353 1153 Mathematicorum
1380 1127 1412 1152 et
1443 1120 1649 1163 Physicorum
1674 1127 1741 1153 stu·

266 1175 319 1207 dia
347 1175 497 1219 prodasse
530 1187 642 1208 omnes
679 1178 796 1209 eruditi
828 1179 1044 1210 consentiunt.
1099 1179 1222 1209 Praeter
1250 1176 1462 1208 universalem
1491 1187 1620 1216 earum,
1644 1188 1663 1208 a
1688 1189 1740 1210 me

267 1232 332 1275 jam
373 1240 679 1272 commemoratam,
722 1234 890 1266 utilitatem
909 1256 919 1272 ,
958 1233 991 1264 id
1027 1245 1130 1265 unum
1167 1232 1416 1265 commendandi
1452 1233 1551 1274 gratia
1583 1233 1740 1276 adjiciam.

269 1290 364 1320 Artes
393 1288 636 1320 Mathematicae
663 1300 732 1321 non
760 1291 837 1321 solis
870 1291 1069 1332 geometricis
1100 1290 1213 1332 figuris
1239 1295 1334 1331 atque
1365 1294 1497 1320 naturae
1523 1288 1648 1331 legibus
1672 1302 1744 1332 per.

236 1370 241 1373 .
273 1344 453 1376 scrutandis
480 1346 683 1385 inserviunt,
715 1357 818 1388 neque
843 1346 947 1377 solum
973 1347 1188 1389 argumentari
1210 1346 1254 1376 de
1279 1345 1337 1382 iis,
1360 1355 1442 1387 qnae
1466 1346 1545 1377 scire
1563 1348 1742 1388 possimus,

267 1410 328 1432 nos
351 1399 499 1440 docent,'
518 1401 573 1432 sed
601 1403 696 1433 etiam
722 1403 842 1433 incerta
874 1402 1078 1444 dijudicanda
1102 1402 1163 1433 sibi
1192 1401 1407 1433 vin-dicarunt.
1462 1403 1544 1432 Sunt:
1573 1403 1661 1433 enim
1689 1405 1738 1436 in·

270 1457 485 1488 numerabiles
510 1468 615 1488 rerum
642 1465 796 1495 eventus,
822 1459 879 1501 qui
907 1469 925 1489 a
950 1470 1065 1501 magna
1089 1469 1255 1490 cansarum
1279 1458 1481 1499 physicarum
1513 1463 1546 1488 et
1570 1459 1742 1491 moralium

263 1512 469 1543 multitudine
495 1514 704 1552 ordinant11r;
731 1514 787 1546 has
815 1525 924 1546 causas
949 1516 1084 1545 existere
1108 1516 1276 1552 novimus3
1304 1520 1351 1544 ast
1376 1513 1433 1544 ubi
1458 1514 1544 1551 sint,
1575 1515 1742 1556 quomodo

270 1575 462 1610 operentur,
497 1570 674 1609 nesciinus3
700 1571 767 1612 jam
801 1581 877 1601 vero
905 1577 1096 1602 eventurum
1125 1570 1245 1612 aliquid
1273 1569 1366 1600 nobis
1398 1579 1584 1611 persuasum
1614 1578 1675 1609 est;
1701 1572 1742 1603 ab

266 1634 305 1655 eo
323 1648 330 1662 ‚
355 1636 436 1667 quae
460 1625 553 1656 nobis
584 1633 651 1663 est,
683 1626 910 1657 incertitudine
938 1627 1079 1658 nascitur
1112 1625 1343 1669 probabilitatis
1373 1625 1484 1663 notio,
1516 1635 1597 1667 quae
1624 1628 1740 1669 passim

267 1690 365 1721 quam
394 1682 628 1713 accurarissime
656 1682 908 1721 determinatur,
934 1685 962 1714 si
991 1693 1098 1720 casus,
1130 1683 1185 1725 per
1208 1691 1291 1724 quos
1314 1680 1440 1723 aliquid
1466 1681 1594 1712 evenire
1621 1690 1738 1724 possit,

267 1746 341 1766 cum
366 1737 490 1768 casibus
519 1738 724 1780 possibilibus
748 1749 978 1781 comparemus„
1033 1738 1266 1770 Celeberrimos
1297 1743 1403 1767 noster
1427 1747 1647 1768 »luctatius
1674 1740 1740 1780 pri·

267 1801 340 1821 mus
365 1793 446 1823 hanc
476 1794 651 1825 Matheseos
685 1801 804 1837 partem
838 1795 1003 1838 explorare
1041 1796 1172 1838 coepit,
1211 1804 1306 1836 quam
1346 1792 1495 1835 deinceps
1528 1803 1739 1826 Nicotaus

270 1856 604 1887 ΒειιΝουηωυε,
637 1862 910 1889 morvRAEUS,
940 1860 1270 1888 counoncrz'JUS,
1304 1848 1440 1890 aliique,
1465 1852 1646 1890 praesertim
1677 1862 1740 1882 LA·

270 1912 467 1941 PLActcs,
497 1907 663 1949 insiguiter
698 1907 943 1951 amplificarunt.
1002 1908 1087 1940 Haec
1109 1904 1307 1949 conjectandi
1338 1914 1407 1942 ars,
1435 1903 1474 1935 de
1507 1904 1615 1935 multis
1642 1906 1737 1938 rebus

271 1959 470 2000 gravioribus
511 1965 667 2004 sapienter
701 1965 863 2006 judicare,
893 1975 912 1995 e
944 1964 1056 1995 multis
1093 1963 1221 1994 incertis
1258 1960 1472 2004 probabiliora
1502 1960 1665 2003 deligere,
1695 1973 1735 1993 ex

1631 2027 1735 2048 omui·
