1913 2417
283 184 300 191 ,κ

274 195 316 227 ῃ»,
731 186 759 220 s.
814 185 848 220 eis.
900 185 1304 229 PLUsciissffi

273 294 375 329 ticos,
400 290 458 334 qui
485 290 567 322 ritus
586 300 690 322 sacros
711 290 917 332 antiquorum
945 287 1162 320 Hebraeorum
1199 288 1349 320 reducere
1374 288 1409 320 in
1439 289 1585 321 animum
1612 290 1750 325 ‘rnduxei

277 350 361 386 rint,
393 360 495 392 eoque
518 347 633 379 furoris
656 346 886 389 processerint,
917 351 951 375 ut
983 357 1049 376 non
1075 346 1213 378 hostias.
1238 345 1292 376 sed
1319 346 1470 388 puerulos
1490 349 1678 381 innocentes
1699 348 1754 382 vel

273 407 409 438 viatores
435 411 596 448 correptos
625 404 738 434 misere
768 402 987 439 trucidarent,
1013 409 1044 433 et
1074 409 1226 444 tanquam
1259 413 1343 432 nova
1375 402 1498 445 piacula
1529 406 1658 436 numini
1680 416 1754 438 san-

275 463 415 494 ctissimo
442 462 619 494 offerrent:
648 459 766 490 factum
804 466 870 497 est,
906 465 943 490 ut
977 459 1051 490 haec
1086 466 1149 490 tam
1175 459 1333 490 horrenda
1368 459 1534 497 facinora,
1565 472 1620 503 per
1648 472 1754 494 rumo-

278 530 327 550 res
358 520 452 549 etiam
482 524 591 555 aucta,
624 528 692 548 non
717 515 821 547 solum
848 516 934 547 viros
963 515 1068 547 bonos
1096 526 1268 558 suspensos
1306 518 1487 555 tenuerint,
1529 518 1585 548 sed
1618 519 1658 549 ab
1682 518 1753 554 aliis

276 577 372 607 etiam
397 575 513 618 cupide
534 581 659 617 arrepte
694 572 834 612 fuerint,
857 579 893 604 ut
928 572 1130 603 ostenderent
1155 572 1296 609 scilicet,
1330 583 1426 615 quain
1454 585 1519 604 non
1547 574 1646 605 modo
1680 575 1756 606 inu·

277 631 363 662 tilem
398 642 527 673 operam
564 637 700 670 navent,
735 629 789 661 sed
824 629 902 660 adeo
935 629 1144 672 perniciosam
1175 640 1242 660 rem
1272 636 1393 671 agant,
1424 631 1482 672 qui
1508 630 1635 662 Codicis
1672 630 1755 664 sacri

276 687 446 719 lectionem
484 690 518 719 in
550 698 663 719 omnes
699 694 855 718 terrarum
891 694 995 729 partes
1032 686 1235 717 introducere
1274 692 1440 718 conentur.
1502 687 1641 718 Causam
1675 697 1755 730 ergo

277 751 380 776 tantae
406 746 579 776 atrocitatis
609 747 642 776 in
668 747 688 775 S
718 747 746 776 S.
776 743 990 787 quaerendam
1017 750 1048 774 et
1077 744 1152 774 liuic
1179 743 1399 785 imputandam
1423 753 1510 780 esse,
1533 754 1601 774 uon
1620 742 1756 785 obscure

277 801 549 847 significaverunt.
596 803 685 841 Quae
709 802 822 845 opinio
846 803 874 832 si
901 811 974 833 vera
1003 807 1050 832 est
1074 807 1105 831 et
1131 800 1318 843 probabilis,
1342 789 1437 830 etiam
1462 800 1523 830 hoc
1551 811 1664 831 verum
1689 810 1760 834 esse

277 858 533 895 contendemus,
566 862 714 890 omnium
748 858 972 891 incendiorum
1004 864 1036 889 et
1061 868 1144 900 quae
1176 868 1214 887 ex
1244 856 1401 889 incendiis
1426 855 1510 886 fiunt
1541 856 1760 888 calamitatum

278 914 407 957 culpam
435 913 475 945 ab
503 914 692 946 hominibus
715 915 927 946 amoliendam
955 925 1021 945 esse
1045 920 1077 945 et
1103 913 1352 945 transferendam
1384 915 1418 944 in
1443 923 1569 955 ignem,
1591 919 1757 956 tamquam

277 981 347 1003 rem
366 971 511 1003 hnmano
533 972 642 1015 generi
669 971 709 1002 ab
729 971 811 1002 irato
828 971 968 1014 quodam
995 972 1129 1002 numine
1151 970 1257 1002 datam
1272 993 1280 1008 ‚
1324 969 1573 1000 abominabilem
1608 969 1693 1000 illam
1727 973 1760 1000 et

279 1030 548 1060 exitiosismmam.
598 1026 768 1070 Ejusmodi
795 1029 951 1070 ineptiae,
975 1038 1173 1071 quamquam
1197 1026 1283 1069 apud
1311 1026 1459 1057 cordatos
1487 1033 1519 1057 et
1543 1037 1650 1058 rerum
1676 1024 1762 1068 peri·

277 1088 329 1116 tos
357 1085 490 1115 minime
520 1090 639 1115 tantam
667 1087 734 1116 vim
759 1084 896 1123 hahent,
919 1092 956 1115 ut
984 1095 1040 1115 eos
1063 1083 1262 1115 confundant
1285 1084 1462 1124 anxiosque
1485 1081 1640 1120 reddant,
1673 1081 1762 1112 hune

281 1145 388 1173 tamen
407 1152 502 1173 usum
519 1139 717 1184 praeclarum
747 1140 898 1184 praebere
930 1147 1084 1184 possunt,
1113 1147 1150 1171 ut
1171 1139 1280 1171 denuo
1305 1149 1372 1169 rem
1404 1144 1469 1169 tam
1494 1148 1623 1180 gravem
1653 1137 1763 1170 consi·

283 1196 457 1229 derandam
479 1198 541 1228 sibi
563 1196 866 1240 ponderandumque
894 1205 1040 1237 sumant,
1067 1204 1099 1229 et
1123 1196 1261 1227 abusum
1289 1196 1335 1226 rei
1360 1206 1378 1226 a
1401 1202 1487 1226 recto
1511 1196 1580 1236 ejus
1604 1203 1666 1226 usu
1692 1191 1763 1224 ubi·

282 1264 347 1297 que
369 1256 546 1285 accuratius
571 1261 602 1284 et
625 1253 811 1295 diligentius
838 1252 1032 1283 discernant.
1087 1251 1184 1291 Quod
1206 1250 1336 1293 quidem
1362 1250 1403 1280 ad
1432 1261 1483 1283 me
1511 1250 1646 1287 attinet,
1679 1246 1762 1279 nihil

284 1310 371 1341 alind
395 1311 429 1342 in
453 1296 562 1342 antino
589 1321 661 1340 meo
685 1308 858 1340 effecerunt
893 1308 1035 1340 diversae
1062 1307 1133 1339 illae
1159 1309 1346 1350 opiniones,
1378 1307 1493 1348 partim
1521 1306 1760 1348 iniquissimae,

285 1365 325 1397 de
349 1366 568 1398 sodalitatibus
602 1366 728 1397 biblicis
764 1366 850 1396 varie
881 1366 976 1396 variis
1007 1364 1086 1395 locis
1116 1364 1274 1406 agitatae,
1307 1374 1405 1406 quam
1431 1370 1464 1393 ut
1497 1363 1606 1394 denuo
1638 1370 1765 1395 mecum

286 1429 486 1465 reputarem,
516 1434 612 1466 quem
641 1422 681 1453 ad
712 1411 812 1453 finem
841 1422 950 1453 divina
977 1421 1177 1464 providentia
1203 1421 1353 1451 (iudicem
1390 1429 1515 1450 saci-nm
1541 1419 1685 1448 humano
1711 1426 1766 1458 ge·

286 1479 357 1509 neri
387 1477 526 1514 dederit,
551 1484 582 1508 et
606 1489 646 1507 an
671 1488 779 1509 revera
806 1489 845 1509 eo
871 1489 1005 1509 munere
1036 1479 1131 1509 relius
1163 1478 1316 1509 humanis
1338 1474 1559 1511 consuluerit,
1593 1474 1766 1515 denuoque

286 1534 367 1565 milii
398 1534 563 1577 persuasi,
599 1534 731 1564 minime
760 1533 851 1564 illum
883 1543 950 1564 esse
973 1545 1012 1564 eo
1037 1541 1161 1564 tantum
1190 1535 1294 1576 pretio
1323 1532 1526 1569 habendum,
1551 1540 1617 1571 qno
1642 1528 1765 1571 reliqua

289 1592 487 1633 antiquitatis
516 1591 742 1633 praestantiora
769 1595 978 1620 monumenta
1008 1590 1158 1631 aperitis
1183 1590 1440 1619 aestimatoribus
1474 1585 1678 1616 meritissimo
1707 1585 1764 1618 ha·

289 1647 428 1684 benum,
462 1647 516 1678 sed
544 1658 610 1678 esse
635 1647 812 1684 librorum,
851 1647 908 1687 qui
943 1655 1089 1687 unquam
1118 1645 1228 1686 scripti
1260 1652 1336 1677 sunt
1355 1666 1365 1678 ,
1395 1644 1531 1678 omuino
1566 1642 1762 1685 principem,

289 1703 527 1746 virtutibusque
556 1704 622 1734 suis
651 1703 746 1734 etiarn
775 1701 1061 1745 praestantissimos
1086 1712 1232 1743 quosque
1261 1707 1335 1743 post
1366 1710 1400 1731 se
1425 1700 1616 1740 relinquere.
1668 1696 1766 1738 Quod

291 1770 363 1790 cuin
396 1759 570 1802 profiteor,
593 1761 686 1791 etiam
714 1765 808 1801 atque
838 1758 933 1788 etiam
962 1769 1064 1800 rogo,
1094 1769 1134 1788 ne
1160 1758 1235 1799 quis
1258 1767 1309 1788 me
1337 1757 1382 1787 rei
1407 1754 1623 1787 nobilitandam
1649 1755 1763 1795 gratia,

293 1823 347 1847 ant
373 1827 410 1846 ex
440 1827 575 1859 persona
609 1815 748 1858 theologi
787 1815 849 1845 hoc
880 1813 984 1844 dicere
1020 1820 1129 1856 putet,
1163 1815 1270 1855 ipsum
1299 1822 1374 1843 vero
1403 1811 1492 1840 aliter
1520 1809 1669 1839 aflectum
1693 1819 1762 1845 esse

295 1873 416 1911 οτι-«13η
439 1883 520 1903 neve
549 1873 727 1910 existimet,
759 1882 811 1902 me
837 1871 887 1902 vel
912 1880 1020 1902 rerum
1056 1871 1090 1900 in
1115 1872 1146 1902 S.
1167 1872 1194 1903 S,
1223 1868 1409 1901 traditarum
1433 1865 1512 1896 adeo
1536 1865 1684 1908 ignarum
1710 1876 1762 1898 es·

296 1938 348 1966 se,
372 1932 422 1964 ut,
455 1937 534 1968 quae
563 1928 603 1959 ab
634 1928 699 1959 ulla
724 1934 812 1970 parte
843 1929 877 1958 in
911 1927 1193 1970 reprehensionem
1227 1924 1338 1956 cadere
1367 1924 1507 1966 possint,
1530 1922 1686 1961 nesciam,
1713 1921 1764 1954 vel

298 1983 378 2015 adeo
404 1983 641 2026 praeconceptis
669 1982 879 2025 opinionibus
913 1990 1123 2026 occupatum,
1154 1989 1191 2015 ut
1219 1980 1344 2014 homiui
1380 1991 1483 2022 mujus
1522 1978 1676 2022 quiddam
1708 1984 1763 2012 aut

1715 2033 1767 2072 di,
