1913 2417
324 199 368 228 19
750 184 786 217 C.
838 180 1370 221 H.EBERSBACH‚

323 288 488 334 quomodo
516 286 672 320 Creatoris
692 284 863 316 consilium
890 285 1085 325 assequaris,
1109 288 1141 313 et
1168 293 1249 325 quae
1276 280 1418 313 subsidia
1443 281 1482 313 ad
1505 282 1592 314 hune
1615 281 1714 315 finem
1742 284 1790 317 as:

318 345 517 390 sequendum
545 354 671 376 morum
699 341 845 372 doctrina
872 339 1063 382 suppeditet.
1109 339 1259 380 Ejusdem
1283 345 1328 369 est
1358 338 1470 370 docere
1494 346 1525 371 et
1552 339 1790 380 demonstrare,

325 413 407 446 quae
435 403 476 433 sit
505 400 653 432 voluntas
684 397 814 435 divina,
839 406 960 438 quaeve
987 397 1045 426 Dei
1070 396 1190 438 Optimi
1214 395 1346 426 Maximi
1372 394 1559 426 homiuibus
1581 395 1671 427 datae
1699 396 1793 439 leges.

322 461 468 491 Potestne
499 463 604 487 autem
639 454 709 485 fieri
742 454 804 485 hoc
831 453 900 484 sine
932 451 1097 484 subtiliore
1133 452 1263 483 scientia
1297 458 1428 483 naturae
1457 451 1516 483 Dei
1541 451 1793 496 divinorumque

322 512 575 547 attributorum?
618 513 700 542 Tum
734 510 864 542 demum
893 520 967 540 cum
997 514 1144 546 constat,
1177 508 1251 550 quis
1278 508 1319 538 sit
1347 510 1449 546 Deus,
1476 509 1656 550 (quatenus
1678 520 1795 553 nempe
1832 534 1838 535 ff

323 582 415 603 mens
430 570 584 601 ‘humana
606 568 639 599 id
661 574 762 611 potest
785 577 916 610 capere3
937 565 1030 608 plura
1052 576 1117 596 nou
1141 569 1360 607 poscuntur3)
1385 571 1455 595 tum
1476 564 1606 596 demum
1628 565 1796 597 ostendere

325 628 394 670 ejus
416 626 611 658 voluntatem
636 635 762 656 morum
787 623 932 653 doctrina
957 628 1069 664 potest.
1128 620 1174 652 Ad
1210 627 1372 663 promtum
1410 631 1445 652 ac
1476 621 1577 652 fidum
1605 621 1797 665 obsequium

323 681 549 728 praestandum
579 680 705 713 divinae
732 678 890 710 voluntati
914 689 974 710 nos
992 678 1143 716 evehere,
1168 677 1201 708 id
1231 677 1328 718 huius
1352 683 1398 708 est
1425 677 1608 710 consilium.
1652 680 1798 709 Potestne

324 751 360 772 ea
385 741 418 770 in
440 746 526 770 tauta
553 745 684 770 naturae
710 743 833 768 nostrae
857 734 1060 766 inbecillitate
1091 734 1153 765 hoc
1186 734 1330 776 assequi,
1363 733 1517 776 quamdiu
1554 733 1721 776 lheologia
1745 744 1799 765 ne·

325 807 389 839 que
430 802 630 838 compertum
664 793 831 830 habuerit,
863 802 967 834 neque
991 790 1192 829 ostenderit,
1226 800 1366 833 quanam
1392 790 1545 822 relatione
1565 793 1645 822 ‘cum
1674 789 1801 822 mundo

324 858 421 895 atque
444 851 630 882 hominibus
655 851 746 882 Deus
772 852 813 881 sit
837 849 1055 891 conjunctus?

373 909 553 940 Aretissime
578 908 675 950 igitur
703 917 776 938 cum
811 905 983 948 Theologxa
1019 903 1324 948 morumndoctrina
1354 903 1522 942 cohaeret,
1553 903 1593 934 ab
1625 903 1684 935 hac
1712 903 1801 935 enim

327 970 452 996 tantum
491 964 552 996 sibi
589 964 668 995 lucis
708 964 805 1006 petit,
839 968 997 1004 quantum
1034 961 1074 992 ad
1106 971 1175 993 rem
1210 971 1300 991 suam
1334 971 1417 1003 opus
1449 960 1560 999 liabe13
1583 959 1717 1003 proinde
1741 969 1802 992 nos

328 1020 463 1064 impellit
494 1021 534 1051 ad
564 1015 744 1062 indaganda
768 1018 932 1061 religionis
967 1018 1111 1056 decreta,
1144 1016 1177 1048 id
1209 1023 1279 1048 est:
1315 1016 1527 1060 Theologiam
1556 1026 1616 1048 nos
1638 1015 1725 1047 adire
1747 1016 1802 1058 jun

331 1075 403 1115 bet,
440 1088 496 1109 seu
531 1076 658 1108 doctam
692 1075 743 1107 vel
777 1062 811 1106 ini
841 1076 917 1106 artis
952 1074 1089 1105 formam
1121 1073 1281 1104 redactam
1310 1072 1350 1104 de
1375 1075 1443 1104 Deo
1480 1073 1614 1115 ejusque
1647 1071 1802 1114 operibus

329 1140 424 1177 atque
456 1133 598 1165 consiliis
627 1132 869 1175 expositionem.
922 1131 955 1161 Si
984 1129 1130 1161 doctrina
1163 1139 1296 1173 morum
1330 1139 1397 1160 non
1431 1128 1587 1171 indigeret
1608 1127 1801 1171 Theologia,

328 1188 407 1221 haec
438 1201 505 1221 non
536 1192 707 1226 existeret,
742 1195 825 1220 certe
855 1187 990 1230 dignum
1032 1187 1061 1217 ei
1092 1184 1214 1217 deforet
1246 1191 1499 1228 argumentum,
1537 1184 1803 1229 quandoquidem

330 1245 422 1278 Deus
449 1252 574 1278 tantum
601 1245 714 1285 fictus,
745 1254 849 1289 neque
873 1254 933 1275 ens
960 1242 1248 1286 perfectissimum,
1278 1243 1345 1274 sive
1372 1253 1468 1275 verus
1493 1243 1597 1282 Deus,
1628 1242 1698 1285 ejus
1721 1247 1805 1273 esset

331 1304 472 1337 materia.

363 1361 439 1390 Sine
472 1370 599 1391 morum
621 1358 630 1400 Ι
656 1358 801 1391 doctrina
825 1358 923 1400 igitur
951 1356 1038 1388 nulla
1062 1354 1233 1398 Theologia
1261 1355 1404 1394 exsistit,
1424 1354 1457 1387 id
1487 1355 1575 1399 quod
1609 1365 1711 1387 meam
1735 1354 1818 1398 opi-

331 1416 482 1448 nionem:
505 1415 671 1447 docrinam
690 1425 819 1446 morum
836 1414 1004 1445 universae
1021 1411 1213 1455 'lheologiae
1235 1423 1302 1444 esse
1320 1412 1583 1451 fundamentum,
1605 1422 1712 1444 veram
1734 1421 1805 1443 esse

333 1471 540 1504 demonstrat.

378 1530 422 1562 At
458 1528 573 1559 clarius
605 1527 683 1559 haec
709 1526 893 1570 patebunt,
933 1536 1058 1569 quum,
1087 1524 1176 1568 quod
1204 1531 1234 1556 et
1259 1525 1364 1568 ipsum
1392 1523 1521 1568 probari
1548 1530 1651 1567 potest
1668 1547 1676 1563 ‚
1698 1522 1804 1555 consi·

333 1583 546 1623 derabimus3
591 1584 690 1615 solam
725 1593 852 1614 morum
877 1582 1054 1613 doctrinam
1082 1591 1229 1613 normam
1254 1592 1320 1612 esse
1338 1605 1346 1619 ‚
1381 1580 1419 1611 ad
1452 1591 1548 1624 quam
1571 1591 1682 1612 omues
1713 1579 1806 1611 theo·

335 1640 456 1683 logicae
481 1628 628 1671 notiones
645 1663 656 1678 ‚
689 1639 837 1682 dogmata
864 1645 958 1680 atque
986 1645 1172 1680 argumenta
1189 1638 1356 1680 exigantur
1375 1648 1411 1668 ac
1435 1636 1661 1678 dijudica-ntur.

380 1696 481 1727 Simul
504 1702 600 1739 atque
627 1697 724 1727 homo
751 1706 767 1726 a
799 1706 832 1726 se
863 1695 930 1737 ipse
956 1694 1152 1737 impellitur,
1187 1701 1238 1732 ut,
1269 1704 1335 1725 esse
1360 1695 1463 1725 Deum
1482 1716 1492 1730 ,
1526 1693 1632 1723 credat
1649 1716 1658 1729 ‚
1687 1690 1804 1735 (quod

339 1765 355 1784 a
383 1754 510 1784 nemine
540 1765 608 1784 nou
633 1752 686 1791 fit,
718 1753 775 1794 qui
793 1751 843 1782 sui
863 1761 1001 1793 suaeque
1019 1752 1151 1781 rationis
1166 1750 1228 1781 sibi
1245 1750 1390 1781 conscius
1406 1759 1472 1780 esse
1488 1756 1591 1791 eoepit
1603 1750 1639 1790 ς)
1663 1758 1802 1790 cumque

340 1809 423 1841 colat
440 1833 448 1846 ‚
473 1817 500 1841 et
526 1810 733 1852 evgitatioues
757 1818 829 1838 suas
859 1813 971 1850 regat,
1012 1806 1051 1838 ad
1082 1807 1272 1843 consilium,
1304 1817 1369 1848 quo
1395 1811 1516 1836 creatus
1541 1806 1599 1843 sit,
1630 1815 1803 1847 assequen-

340 1866 438 1903 dum,
469 1867 632 1909 pei-magni
659 1866 754 1896 etiam
779 1865 926 1900 interest,
955 1869 991 1894 ut
1012 1873 1102 1893 veras
1128 1863 1167 1893 (le
1190 1864 1257 1893 nvo
1286 1863 1417 1905 ejusque
1445 1861 1579 1892 consilio
1608 1861 1720 1892 habeat
1744 1871 1804 1892 no-

343 1925 466 1958 tiones,
499 1929 529 1953 et
554 1922 667 1959 illum‚¹
695 1921 787 1962 cujus
814 1919 968 1950 honorem
1000 1919 1080 1950 coeli
1116 1918 1316 1961 praedicant,
1346 1919 1438 1960 cujus
1465 1919 1672 1959 praesentiam
1699 1916 1805 1948 vindi·

343 1987 415 2010 caut
439 1979 538 2010 animi
565 1977 720 2016 humaui,
742 1977 824 2008 bene
846 1982 1026 2019 cognoscat.
1082 1977 1164 2012 Cum
1191 1975 1401 2006 conscientiae
1434 1984 1508 2005 suae
1536 1974 1581 2005 sic
1607 1973 1711 2006 obniti
1734 1984 1804 2011 non

1737 2039 1812 2073 pos·
