1913 2417
281 175 326 209 ffi
679 172 1337 213 LniossLDER',

314 268 488 301 utilissima
520 268 635 299 artium'
661 274 690 299 et
713 267 915 298 scientiarum
934 266 1072 298 Historia
1098 266 1192 298 nobis
1217 276 1343 309 gravem
1367 264 1573 309 nobilemque
1596 266 1744 300 luctatio:

278 321 353 357 nem
382 325 464 356 inter
486 325 676 356 desiderium
701 324 915 366 cognitionem
938 329 970 353 et
993 324 1177 365 sapientiam
1202 322 1418 365 consequendi
1442 329 1538 365 atque
1550 321 1739 354 -facultatum

277 368 375 413 animi
396 380 662 418 imbecillitatem,
686 381 769 411 inter
792 379 955 410 veritatem
983 386 1015 410 et
1041 379 1130 421 vulgi
1154 379 1360 423 praejudicia,
1386 379 1469 410 inter
1496 389 1589 410 sanae
1608 379 1742 409 rationis

275 448 311 470 ac
330 438 479 480 sapientis
497 436 660 479 religionis
684 436 840 467 culturam
867 442 961 477 atque
984 436 1223 477 superstitiones
1244 435 1513 472 dominationem,
1538 434 1658 477 ubique
1682 445 1740 465 ex-

273 493 379 531 h'tbet3
400 492 463 524 nos
479 500 584 524 autem
614 503 710 535 quam
735 493 873 522 maxime
898 490 1049 529 delectat,
1075 491 1130 522 ubi
1157 491 1198 522 ab
1224 491 1277 522 illa
1301 491 1469 527 docemur,
1495 490 1660 528 homiues,
1687 496 1744 521 aut

270 549 306 580 in
328 550 389 580 vita
415 548 614 587 sustinenda,
645 555 700 578 aut
726 549 760 579 in
784 546 964 578 commodis
994 558 1102 579 rerum
1135 547 1336 590 publicarum
1371 547 1540 585 curandis,
1570 547 1742 589 sapientiae

273 604 427 635 desiderio
457 604 633 647 impulsos,
665 604 705 635 ad
736 603 899 635 facultates
932 604 1031 634 animi
1061 603 1253 635 evolvendas
1282 614 1407 646 semper
1447 603 1543 635 fuisse
1578 603 1742 641 incitatos;

272 661 486 702 conspicimus
511 660 555 692 ibi
578 661 724 692 homines
755 661 790 691 in
821 659 1044 692 molestissimo
1076 659 1260 703 labyrintho
1289 666 1451 697 errantes,
1482 670 1522 690 ex
1552 669 1639 701 quo,
1667 663 1741 701 post

269 716 392 747 multos
423 717 690 759 gravissimosque
713 716 856 754 labores,
874 717 907 748 vi
940 717 1083 760 ingenii,
1117 727 1297 759 magnaque
1324 716 1423 746 animi
1457 715 1649 752 intentione,
1674 723 1742 745 sese

276 772 402 803 tandem
430 772 662 815 explicuerunt.
718 772 842 805 Abeant
874 773 972 815 igitur
995 773 1047 803 isti
1070 776 1176 804 vesani
1199 779 1231 804 et
1258 772 1436 809 fcrrei‚1in
1461 771 1667 802 humanitatis
1690 770 1749 801 dee

271 827 368 859 decus
400 835 523 859 sanctae
554 828 776 871 Philosophiae
807 830 939 859 nomine
971 828 1156 867 abutentes,
1183 831 1239 871 qui
1270 829 1368 859 vitam
1403 827 1500 858 feram
1534 833 1564 858 et
1587 832 1742 869 agrestem

275 883 453 914 ccllaudare
478 883 645 921 studeant,
669 883 746 926 qui,
777 894 851 914 cum
878 894 1005 914 morum
1038 884 1295 925 depravationem
1325 884 1528 914 scientiarum
1559 885 1740 924 artiumque

271 938 414 970 culturae
437 946 539 971 astute
571 938 764 977 attribuant,
797 939 976 969 humanum
1006 950 1107 982 genus
1137 939 1314 982 deprimere
1342 940 1476 980 turpiter
1504 936 1742 981 aggrediantur!

272 995 306 1025 Si
327 995 415 1026 enim
430 1018 438 1032 ,
473 1002 510 1026 ut
537 996 674 1026 Historia
699 1006 759 1026 nos
784 995 897 1035 docet,
929 995 1077 1026 homines
1100 996 1140 1027 ad
1164 1006 1254 1026 suam
1283 1000 1428 1025 naturam
1453 997 1554 1037 magis
1581 997 1745 1037 magisque

270 1049 494 1094 perficiendam
529 1055 705 1094 propensos
738 1061 805 1082 esse
822 1073 833 1089 ‚
863 1061 987 1094 semper
1025 1051 1293 1094 deprehendimus
1308 1073 1318 1088 ‚
1353 1052 1453 1082 istam
1479 1050 1658 1081 doctrinam
1695 1050 1745 1080 in-

269 1106 400 1149 dignam
430 1112 626 1149 naturaeque
652 1107 816 1139 adversam
850 1117 937 1144 esse,
969 1108 1043 1149 quis
1078 1107 1139 1138 ibit
1173 1106 1321 1138 inficias?
1373 1109 1419 1137 Ex
1445 1106 1587 1148 ejusdem
1612 1114 1746 1149 quoque

270 1163 426 1194 Historiae
465 1162 618 1194 relatione
652 1164 886 1206 cognovimus,
910 1164 1216 1206 *praestantissimam
1248 1162 1393 1194 divinam
1425 1161 1659 1193 Providentiam
1685 1161 1745 1192 bo·

271 1219 353 1250 mini
384 1218 576 1250 desiderium
601 1218 764 1251 facultates
792 1219 892 1250 animi
922 1229 957 1250 ac
990 1220 1106 1250 mentis
1133 1218 1313 1262 explicandi
1343 1218 1405 1249 alte
1440 1218 1594 1250 infixisse.
1649 1217 1747 1249 Vide-

274 1273 327 1307 tur
350 1275 429 1307 haee
448 1276 666 1316 constituisse,
689 1282 726 1307 ut
749 1276 848 1307 homo
868 1276 1014 1306 scientias
1040 1282 1072 1307 et
1098 1282 1179 1307 artes
1203 1285 1270 1306 non
1301 1274 1482 1305 immediate
1509 1280 1743 1317 consequatur3

273 1330 587 1375 sed‚‘ut²quaedam
617 1332 741 1364 indoles
768 1332 830 1375 ipsi
858 1333 966 1363 innata
987 1332 1050 1372 sit,
1078 1342 1141 1375 qua
1167 1341 1297 1362 omnem
1321 1331 1537 1373 cognitionem
1565 1341 1622 1362 sua
1646 1331 1749 1373 ipsius

276 1386 431 1419 industria
460 1388 619 1420 obtineat:
642 1386 724 1432 quae‘
751 1399 826 1419 cum
853 1388 896 1419 ita
920 1389 1008 1426 sint,
1038 1388 1111 1431 quis
1135 1387 1167 1418 in
1196 1386 1331 1418 dubium
1354 1388 1498 1426 vocavit,
1527 1387 1560 1418 id
1576 1387 1745 1429 ‘sapienter

273 1442 360 1492 fieri,
384 1446 445 1482 ita,
471 1451 507 1476 ut
535 1445 681 1476 homines
707 1445 742 1476 in
771 1442 973 1476 facultatibus
997 1443 1064 1476 suis
1092 1444 1296 1483 evolvendis,
1324 1445 1437 1486 majori
1462 1443 1578 1475 mentis
1594 1442 1746 1484 ,felicitaq

273 1506 303 1531 te
331 1500 502 1532 fruantur?

307 1557 413 1596 Quod
439 1558 465 1588 si
494 1557 711 1592 conditionem
739 1561 942 1593 scientiarum
976 1560 1121 1592 humano
1155 1561 1261 1602 generi
1285 1559 1546 1595 utilissimarum,
1569 1566 1745 1600 earumque

274 1613 411 1649 artium,
436 1624 517 1655 quae
546 1615 671 1646 easdem
696 1617 746 1648 vel
775 1618 934 1660 imprimis
958 1617 1198 1660 promoverint,
1220 1623 1255 1646 ut
1279 1615 1528 1652 Chaldaeorum,
1554 1615 1743 1651 Persarum,
1788 1638 1795 1639 ff

271 1667 536 1709 Aegyptiorum‘“⁷
570 1672 768 1704 Graecorum
804 1672 1003 1717 temporibus
1038 1672 1144 1703 locum
1174 1671 1312 1710 habuit,
1342 1681 1415 1702 cum
1449 1667 1603 1701 hodierna
1632 1678 1743 1699 earum

275 1723 457 1754 conditione
486 1725 702 1766 conferimus,
733 1735 887 1771 quantam
914 1728 1037 1760 distant
1048 1728 1134 1765 iam',
1165 1738 1262 1770 quam
1291 1729 1404 1770 ingens
1430 1726 1600 1757 discrimen
1623 1725 1751 1767 detegi-¹

275 1778 370 1809 mus!
417 1781 519 1819 Quam
557 1783 726 1825 benignam
761 1795 798 1815 ac
835 1785 1004 1816 salutarem
1036 1784 1138 1815 lucem
1172 1783 1338 1814 emendata
1367 1783 1443 1813 haec
1464 1782 1666 1813 scientiarum
1695 1787 1744 1812 at·

277 1843 340 1875 que
362 1836 476 1865 artium
506 1837 673 1874 conditio,
712 1839 751 1870 ad
776 1841 907 1883 quaevis
933 1840 1068 1871 humani
1096 1842 1220 1882 generis
1252 1839 1442 1876 commoda,
1471 1838 1510 1868 ad
1537 1848 1603 1868 retu
1637 1836 1744 1880 publi·

276 1898 346 1918 cam
371 1891 560 1931 gerendam,
584 1893 621 1923 ad
640 1902 774 1936 gentes.
807 1907 903 1939 quam
934 1896 1119 1939 longissime
1144 1896 1287 1934 dissitas,
1314 1905 1371 1937 per
1398 1901 1496 1925 artem
1522 1893 1754 1925 mercatoriam»

276 1943 454 1987 jungendas
480 1954 510 1979 et
537 1948 577 1979 ad
604 1951 803 1991 gravissimas
828 1952 998 1985 hominum
1023 1952 1214 1984 calamitates
1244 1949 1405 1983 leniendas
1416 1950 1439 1981 ἓ
1471 1951 1539 1983 Iloc
1567 1955 1680 1981 autem·
1699 1949 1749 1979 ita·

1695 2013 1746 2036 es-
