1913 2417
295 147 582 180 'RESPONSIO
607 156 655 178 an
686 144 1045 186 QUAESTIONEM
1072 146 1493 180 PHILOSOPHICAM.
1623 156 1663 190 27

137 236 242 272 ῑγαιγῶν
257 235 283 265 δὲ
308 234 490 269 {mxcv-affirm
512 234 648 271 ἐνόμιζεν,
668 231 878 269 ἐπικρυψάμενος
901 233 927 261 ἕν
946 232 1020 269 μέσῳ
1042 235 1090 262 τοῦ
1116 233 1187 266 δῆλα
1210 232 1298 268 εἶναι,
1317 234 1364 263 καὶ
1386 235 1425 269 μὴ
1447 235 1534 268 δῆλαι,
1565 236 1660 269 ἆσΦαβ

145 290 199 320 λῶς
223 299 275 323 μεν
297 288 455 323 ἐγράψατο,
485 289 568 318 αὐτος
595 286 622 315 δὲ
648 285 740 314 acirim
757 286 878 320 παρέσχε
898 287 946 316 τῆς
962 285 1024 320 μετ’
1046 285 1128 314 αὐτὸν
1144 285 1264 317 στάσεώς
1286 295 1318 314 τε
1341 285 1404 318 ἕως
1423 286 1467 314 xxi
1487 287 1590 319 διελκῆς
1605 289 1660 314 τῶν

143 337 287 373 δογμάτων
317 337 397 374 (1).
446 337 487 364 lta
513 335 725 364 Platonicorum
756 335 929 370 scriptorum
963 334 1034 363 ratio
1070 335 1183 371 gignere
1217 336 1313 371 potuit
1345 335 1514 371 Scepticos,
1543 336 1659 364 Arcesi·

144 388 223 424 lam,
247 388 447 423 Carneadem,
477 387 644 422 Philonem,
672 387 722 422 qui
741 387 870 415 Socratis
893 392 920 414 et
943 385 1075 414 Platonis
1099 387 1229 421 exemplo
1256 387 1291 415 ad
1321 395 1434 415 causam
1469 395 1549 416 suam
1579 394 1660 415 tuen-

139 441 202 469 dam
227 446 253 468 et
280 439 482 468 defendendam
508 439 574 473 usi,
604 440 634 466 in
658 437 732 473 ipsis
761 437 864 464 horum
889 438 1018 464 virorum
1051 437 1183 474 vestigiis
1206 446 1236 466 se
1261 438 1394 467 insistere
1424 444 1474 467 aut
1498 430 1661 474 putabant,v

143 497 192 524 aut
215 497 291 519 certe
313 499 380 526 prae
403 499 433 519 se
458 489 596 519 ferebant.
638 490 782 518 Praeterea
803 488 960 517 collocavit
984 488 1073 518 Plato
1097 498 1208 518 omnem
1233 491 1381 519 scientiam
1405 491 1434 519 in
1461 490 1606 519 intellectu
1628 495 1659 518 et

138 542 225 577 rebus
241 542 494 578 intelligibilibus,
525 541 724 577 experientiam
751 540 824 569 dixit
850 548 942 575 neque
965 548 1044 569 veras
1072 548 1098 568 et
1123 541 1240 570 stabiles
1267 542 1401 571 notiones
1426 542 1580 579 praebere,
1601 549 1653 570 nec

140 593 210 622 adeo
231 593 290 621 veri
315 593 469 629 quicquam
497 592 660 622 continere:
685 593 715 621 in
738 601 794 628 qua
818 593 948 622 doctrina
971 593 1173 623 constituenda
1197 594 1311 630 saepius
1337 593 1413 623 illam
1436 595 1658 631 argumentatio-

135 645 184 674 nis
209 645 383 674 debilitatem
411 646 583 682 usurpavit,
606 653 638 674 ut
655 654 754 682 magna
777 646 817 675 sit
839 654 874 675 ex
897 646 948 674 illo
965 645 1095 674 veritatis
1124 644 1243 682 fastigio
1273 645 1308 674 ad
1333 645 1556 681 Scepticismum
1583 646 1656 675 rela-

131 695 221 725 bendi
246 697 470 733 opportunitas,
498 698 531 727 de
554 706 610 733 qua
633 704 733 733 postea
757 698 879 728 dicetur.
924 698 998 727 Dein
1031 697 1166 726 sensibus
1195 697 1285 726 nimio
1317 704 1468 726 contemtu
1498 696 1655 734 neglectis,

132 749 275 778 -excitavit
300 749 507 785 Aristotelem,
537 749 589 785 qui
613 750 732 778 rationis
758 751 928 779 auctoritate
950 749 1081 785 iniquius
1113 749 1267 784 depressa,
1296 756 1432 777 sensuum
1463 747 1657 784 patrocinium

132 808 242 835 >magno
265 801 366 829 studio
388 801 558 837 susciperet.
598 802 735 829 Attamen
760 801 958 830 rationalismo
981 809 1036 829 suo
1057 799 1167 837 egregia
1181 799 1236 836 Jam
1259 798 1346 827 Plato
1369 798 1560 835 Scepticismo
1580 806 1657 827 arma

134 851 345 880 ministraverat
367 852 404 880 ad
426 860 562 880 sensuum
587 852 670 881 fidem
694 851 901 889 profligandam
926 854 1008 890 (α).

175 902 253 931 Hinc
281 909 399 931 ventum
422 909 467 932 est
490 903 526 932 ad
549 903 756 940 Aristotelem,
777 905 830 940 qui
856 913 914 940 qua
938 903 1029 933 ‘fuerit
1051 903 1210 932 disserendi
1234 903 1344 932 ratione
1369 911 1439 933 usus
1463 903 1492 932 in
1516 902 1656 932 sententia

126 961 186 983 'sua
207 954 243 982 ad
266 955 372 991 vulgus
394 956 565 991 aperienda,
588 956 744 993 dijudicare
771 957 973 986 verosimiliter
994 964 1053 985 non
1078 955 1202 992 amplius
1226 964 1403 991 possumus,
1424 963 1475 984 nec
1498 963 1558 983 eam
1587 963 1654 983 cum

128 1004 289 1035 Platonicis
308 1006 431 1042 dialogis
459 1015 643 1043 comparare,
667 1016 732 1035 cum
761 1015 795 1036 ex
819 1007 987 1036 Aristoteh's
1010 1007 1113 1042 libris,
1143 1013 1176 1035 ut
1201 1007 1331 1042 videtur,
1358 1015 1417 1035 non
1444 1007 1501 1035 nisi
1522 1005 1654 1035 esoterici

123 1057 164 1085 ad
189 1065 317 1086 nostram
349 1059 409 1086 sint
434 1064 553 1086 aetatem
582 1059 688 1087 servati
707 1079 717 1093 ‚
755 1066 790 1086 ex
813 1059 971 1087 Platonicis
1005 1058 1122 1094 scriptis
1158 1057 1220 1093 ipsa
1251 1057 1318 1086 haec
1353 1057 1490 1086 esoterica
1518 1058 1654 1094 perierint

123 1108 225 1137 *omnia
250 1109 290 1145 (3
305 1109 332 1146 ).
375 1113 416 1138 At
434 1117 506 1138 *vero
530 1108 604 1138 illud
629 1109 738 1138 scimus
764 1116 792 1138 et
817 1118 968 1146 tenemus,
996 1109 1184 1139 Aristotelem
1214 1110 1243 1138 in
1272 1117 1383 1138 omnem
1417 1118 1448 1138 se
1479 1103 1652 1137 immersisse

125 1159 380 1198 Dogmatismum,
400 1167 428 1189 et
453 1168 486 1190 ut
510 1161 692 1198 Empiricum
712 1161 941 1198 philosophum,
968 1162 997 1190 in
1023 1160 1196 1197 experientia
1219 1161 1327 1197 apicem
1351 1167 1379 1190 et
1401 1159 1572 1196 praesidium
1599 1167 1653 1195 po·

122 1213 226 1242 ‘suisse
250 1213 346 1241 omnis
369 1213 547 1249 cognitionis
577 1214 728 1243 humanae.
769 1214 817 1242 Ex
847 1222 905 1249 quo
936 1213 1080 1242 materiem
1110 1219 1332 1248 argumentaque
1365 1211 1562 1247 suppeditavit
1585 1219 1652 1247 pro-

127 1264 245 1301 fligandi
276 1265 482 1300 rationalisrni,
511 1271 540 1293 et
562 1274 666 1294 sensus
700 1265 803 1294 unicos
836 1273 898 1294 esse
930 1264 1068 1293 scientiae
1100 1263 1198 1293 fontes
1229 1261 1404 1297 defendens,
1434 1261 1520 1291 nimis
1541 1262 1652 1290 deditus

126 1314 329 1349 Empirismo‚
357 1316 582 1348 §ceptis-isinum
607 1317 642 1341 ud
670 1324 700 1341 sc
723 1316 950 1350 oppugnandum
986 1314 1086 1343 elicuit
1116 1321 1143 1342 et
1171 1314 1302 1342 armavit.
1346 1314 1419 1342 Dein
1449 1314 1528 1342 omni
1554 1314 1651 1342 studio

127 1364 363 1402 Dogmatismum
385 1365 554 1400 amplexus,
575 1372 780 1400 saepenumero
804 1366 870 1402 plus
890 1366 1082 1394 demonstrare
1103 1365 1190 1400 vult,
1213 1373 1298 1400 quam
1321 1365 1508 1393 demonstrari
1531 1371 1649 1401 potest‚:

128 1417 212 1452 quod
236 1416 358 1445 simulac
378 1415 595 1451 animadvertit,
630 1415 803 1445 debilitatem
827 1425 906 1446 suam
931 1417 1110 1446 obscuritate
1129 1416 1250 1451 quadam
1276 1416 1421 1444 involvere
1443 1422 1470 1444 et
1487 1422 1580 1452 tegere
1598 1424 1649 1443 co·

123 1474 225 1498 natur.
264 1467 353 1496 Unde
364 1467 421 1495 dici
438 1475 498 1496 non
514 1473 631 1503 potest,
652 1475 737 1503 quam
754 1468 864 1505 egregie
878 1468 1012 1505 proficiat
1028 1467 1237 1503 Sceptlcismus
1261 1468 1304 1505 (4
1315 1467 1341 1504 ).
1381 1465 1512 1501 Denique
1532 1465 1649 1494 Aristo-

1607 1523 1649 1548 te·

154 1615 208 1645 (ι)
234 1614 369 1646 Νιμηεηιίιιμ
385 1609 442 1646 ᾳςρῖ
472 1610 520 1640 ’τῆς
543 1610 594 1636 τῶν
611 1607 814 1639 Ἀκαδημαϊκῶν
837 1612 897 1644 πρὶς
925 1611 1060 1646 nnis-maz
1087 1610 1265 1646 διαστάσεως,
1289 1615 1317 1638 L.
1336 1615 1364 1640 1;
1387 1615 1446 1642 apud
1472 1614 1553 1637 Euseb.
1572 1615 1595 1636 P.
1617 1614 1646 1637 E.

118 1656 182 1688 XIV.
196 1662 217 1682 s·
240 1664 262 1684 p.
277 1656 336 1684 728,
349 1657 382 1682 C»
397 1656 427 1677 D·
458 1655 526 1677 C⁰¹²f-
542 1655 634 1678 omnino
647 1656 772 1682 Angustia.
788 1659 816 1680 de
836 1659 863 1681 C.
876 1659 905 1681 D.
920 1656 981 1681 Vlll.
996 1664 1018 1685 4.
1054 1657 1103 1679 Cic.
1123 1657 1194 1679 Acad.
1210 1657 1228 1680 1.
1243 1662 1264 1683 4.
1287 1659 1310 1678 'et
1327 1661 1396 1679 auctt.
1418 1656 1492 1678 laudd.
1515 1662 1526 1678 a
1547 1655 1645 1676 Davisr'u

123 1706 148 1727 p,
164 1704 198 1721 22.
223 1702 271 1720 not.
290 1703 309 1718 ι.

151 1739 205 1767 (2)
224 1738 291 1758 Plato
311 1737 439 1765 opponitur
456 1737 581 1759 Aristotel!
590 1753 598 1765 ,
627 1745 736 1766 quatenus
767 1739 807 1762 lue
830 1740 947 1763 notionum
966 1745 1086 1767 purarum,
1108 1739 1127 1762 5.
1143 1745 1164 1762 e.
1187 1740 1215 1762 ab
1240 1739 1301 1762 omni
1319 1738 1478 1766 experientiae
1499 1736 1644 1760 concretione

112 1780 264 1808 ‘'liberatur-n,
287 1780 376 1801 fontem
397 1785 448 1801 esse
467 1780 524 1802 dixit
551 1780 676 1808 rationem,
697 1787 763 1807 quem
783 1783 843 1803 nulla
867 1783 988 1804 comitetur
1007 1782 1166 1809 expet-lentim
1188 1781 1225 1802 hic
1244 1786 1299 1802 vero
1320 1786 1398 1802 omnes
1422 1779 1472 1801 istas
1492 1777 1595 1799 notiones
1615 1777 1642 1799 ab

116 1821 262 1849 'experientia
279 1820 391 1842 derivavit
412 1819 596 1847 (Noolngimms,
618 1821 790 1850 Empirismus).
834 1823 932 1843 Ratione
953 1829 1028 1845 autem
1050 1822 1133 1847 objecti
1154 1823 1274 1844 notionum
1293 1827 1433 1846 nostrarum,
1454 1825 1561 1847 quatenus
1579 1818 1643 1840 Plato

112 1868 209 1885 ‘omnem
236 1861 353 1884 veritatem
377 1862 400 1883 iu
420 1863 507 1885 ratione
533 1862 626 1890 posuit,
646 1863 671 1885 in
698 1869 804 1886 sensuum
826 1864 953 1886 ministerio
975 1865 1095 1892 quidquam
1116 1869 1166 1885 esse
1192 1863 1241 1884 veri
1268 1868 1365 1888 negans,
1389 1862 1512 1890 opponitur
1535 1860 1643 1887 Epicur-0,

112 1902 361 1931 (Intellectualismm‚
381 1903 572 1931 Sousualismur).
602 1904 652 1926 Vld.
674 1904 744 1926 Kane.
771 1904 844 1928 Crink
863 1906 904 1927 der
924 1905 991 1927 Reln,
1011 1906 1077 1926 Vei-n.
1100 1905 1124 1926 P.
1141 1905 1167 1926 ll.
1191 1904 1246 1931 Cap.
1267 1904 1304 1927 1v.
1326 1911 1350 1931 p.
1366 1902 1423 1933 6⁴9,
1436 1902 1488 1930 650.
1504 1902 1564 1925 edit.
1580 1901 1639 1923 σιω,

115 1943 185 1965 18ι8.
348 1943 402 1970 (3)
421 1944 472 1966 vid.
488 1945 567 1971 Krug,
592 1946 674 1968 Gesch.
693 1947 733 1968 der
752 1946 809 1970 Phil.
827 1948 866 1970 alt.
883 1947 942 1970 Zeit.
963 1945 984 1973 S.
997 1951 1034 1975 75.
1057 1951 1106 1969 not.
1123 1946 1146 1969 b.
1169 1944 1190 1973 §-
1203 1941 1241 1972 ⁸3.‘
1263 1949 1310 1968 not„
1325 1945 1349 1969 b.
1626 1937 1629 1942 ⁵

140 1983 194 2013 (4)
217 1985 286 2010 conc.
310 1983 416 2007 madan
438 1986 454 2009 1.
467 1987 482 2009 1.
503 1993 528 2015 ρ.
543 1985 597 2015 264,
613 1987 666 2015 2⁶5.

872 2040 940 2072 Da
