1913 2417
274 178 314 210 74
543 167 783 209 JACOBI
840 169 1150 201 HERMANI
1204 173 1518 211 PHILIPs-F:

275 253 353 282 hisce
373 253 512 290 placuerit
539 253 754 289 possessionem
779 252 956 282 fiduciariam
974 259 1086 290 petere3
1114 256 1247 291 quoniam
1279 258 1347 288 haec
1373 262 1504 297 quaestio
1532 270 1592 293 non
1617 265 1687 296 adeo
1707 267 1794 304 cuju-m

274 303 391 332 dicanda
417 310 460 332 est
483 312 516 332 ex
541 312 595 339 eo,
619 304 698 339 quod
723 302 796 332 forte
821 303 974 332 heredibus
998 305 1135 341 legitimis
1157 309 1354 346 conduceret,
1374 320 1457 347 quam
1475 321 1510 342 ex
1527 314 1611 351 jure,
1633 324 1693 352 quo
1716 325 1792 354 gau-⁷

273 355 339 383 dent
373 355 429 391 ipsi
469 353 605 391 legatarii.
658 353 741 383 Hanc
773 361 865 384 autem
897 354 1069 385 Proudftom·
1096 359 1266 390 sententiam
1296 361 1411 397 plenius
1445 364 1582 395 refutavit
1611 366 1803 405 Delvincmw⁴

271 409 349 443 tius,
371 407 394 437 l.
417 407 443 436 l.

984 473 1011 510 ς.
1051 483 1086 513 4.,

310 562 499 592 Testamenti>
519 568 614 591 autem·
641 562 776 599 inspecto
799 570 864 590 eum
890 562 924 591 cie
951 564 1082 593 omnium
1105 564 1219 600 juribus
1238 567 1294 603 J’am
1318 574 1448 605 constet,
1479 570 1634 606 omnibus,
1664 570 1734 607 qui,
1757 567 1791 601 εἰ

273 613 305 641 de
321 613 459 642 Absentis
484 620 575 642 morte
598 620 761 648 constaret,
786 612 901 650 juribus
935 612 1016 641 hisce
1037 613 1079 641 uti
1095 617 1284 654 potuissent,
1314 620 1408 648 eadem
1439 622 1656 659 conceduntnr3
1686 622 1724 650 ita
1747 629 1797 651 ta.-

273 672 358 700 men,
388 671 420 692 ut
443 664 469 693 si
497 665 561 693 dein
590 671 747 694 revertatur
772 663 909 699 Absens,
939 670 988 692 aut
1019 664 1054 693 de
1078 673 1112 695 eo
1137 669 1206 703 quid
1234 671 1303 699 certi
1335 672 1511 708 innotuerit,
1539 681 1645 702 certam
1675 680 1794 705 tanturm

271 716 418 745 fructuum
442 724 550 753 partem
578 718 745 752 lucrentur,
773 718 842 746 adeo
865 721 898 744 ut
919 724 1008 752 aeque
1040 726 1071 746 ac
1101 726 1286 750 successores
1314 721 1344 751 in
1369 724 1583 759 possessionem
1609 724 1690 753 missi
1713 725 1795 755 fidum

271 767 355 796 ciaria
378 773 489 797 tanturn
515 768 700 804 possessione
722 768 873 804 gaudeant.
922 767 991 796 Non
1017 769 1111 798 solum
1138 771 1228 807 igitur
1249 773 1396 810 legatarii,
1414 775 1463 804 sed
1482 782 1510 803 et
1531 774 1670 804 donatarii
1695 775 1791 806 bono-

273 827 335 847 rum
361 818 548 855 futurorum,
570 820 618 848 vel
642 821 783 848 bonorum
812 819 1020 855 praesentium,
1051 829 1176 856 quorum
1202 824 1418 859 usumfructum
1443 825 1498 854 sibi
1521 832 1711 855 reservaverat
1736 827 1790 856 do·

274 876 355 898 nator
383 871 510 906 (sponte
541 870 615 898 enim
648 876 766 906 apparet
788 870 951 899 donatarios
976 879 1068 900 rernm
1103 876 1312 911 praesentium,
1341 883 1461 911 quarum
1487 876 1702 906 usumfructum
1729 877 1793 907 sibi.

272 913 332 951 non
354 928 523 951 reservasset
545 924 668 952 donator
688 923 754 959 ipso
777 931 924 953 momento
947 924 1038 954 factae
1055 925 1240 960 donationis,
1265 934 1307 955 res
1332 927 1452 956 donatas
1474 935 1542 956 suas
1557 927 1710 964 fecisse),
1735 936 1795 958 sua.

271 980 512 1008 consequuntur;
535 980 563 1001 et
588 973 776 1003 ususfructus
798 975 880 1003 etiam
908 975 943 1004 ad
968 976 1076 1005 nudum
1107 977 1324 1012 proprietarium
1353 978 1530 1014 pertinebit⁷
1558 979 1693 1013 quoniam
1715 987 1792 1007 mor·

270 1021 323 1051 tuo
349 1022 529 1058 fructuario,
558 1024 743 1053 ususfructus
776 1033 865 1061 aeque
889 1026 923 1054 ad
955 1027 1159 1063 proprietatem
1189 1034 1353 1057 recurreret.
1399 1029 1474 1056 Idem
1505 1029 1654 1058 dicendum
1686 1036 1728 1058 est
1754 1030 1797 1059 de·

274 1072 409 1103 omnibus
431 1075 565 1111 juribus,
589 1084 662 1110 quae
685 1077 807 1103 exerceri
831 1083 971 1112 possent,
993 1077 1025 1105 -εἰ
1048 1077 1163 1106 Absens
1193 1084 1326 1106 mort-uus
1356 1077 1462 1106 fuisset
1494 1079 1584 1115 (add.
1612 1078 1793 1115 Proudhon‚

269 1131 298 1159 p,
327 1123 520 1161 162.in1t.),
543 1124 672 1161 adeoque
692 1131 720 1153 et
744 1125 896 1154 heredibus
928 1127 1030 1156 uxoris
1063 1127 1224 1163 Absentis,
1254 1135 1327 1163 quae
1360 1129 1415 1156 sub
1444 1129 1582 1165 regimine
1614 1129 1703 1159 dotali
1723 1129 1795 1159 viro.

271 1180 363 1210 nupta
386 1181 464 1210 erat,
486 1175 584 1203 licebit
609 1177 703 1205 dotem
729 1183 852 1213 repetere
867 1177 979 1207 viisdem
1001 1179 1219 1208 conditionibus
1230 1189 1243 1208 :-
1265 1179 1313 1208 sic⁴
1333 1180 1424 1209 etiam>
1447 1180 1477 1208 in
1499 1186 1562 1208 art.
1587 1189 1637 1218 sq..
1661 1188 1727 1218 124.
1751 1181 1793 1209 le-

271 1226 388 1261 gimus,
420 1227 572 1264 conjugem
600 1229 804 1265 superstitem,
826 1231 876 1265 qui
901 1233 1132 1262 communionem
1149 1231 1319 1261 continuare
1335 1232 1428 1266 nolit,
1458 1231 1553 1259 omnia
1577 1239 1629 1260 sua
1657 1232 1722 1268 jura
1743 1232 1796 1261 veli*

271 1275 333 1313 lege
352 1277 397 1305 vel
426 1278 618 1308 conventione
651 1286 730 1315 parta
753 1280 898 1310 vindicare
930 1291 1035 1320 posse,
1064 1292 1136 1321 quae
1173 1283 1375 1313 communione
1409 1282 1551 1311 dissoluta
1580 1282 1615 1311 ad
1646 1290 1678 1312 se
1703 1282 1793 1320 pertis.-

270 1335 379 1358 nerent.

275 1375 295 1378 ”
313 1378 366 1407 Uti
381 1380 550 1409 vero'hisce
571 1381 706 1410 omnibus
730 1381 804 1411 nihil
825 1383 985 1419 acquiritur
997 1382 1060 1422 jure
1084 1384 1286 1418 irrevocabili,
1307 1383 1403 1412 eodem
1430 1383 1517 1412 modo
1538 1390 1570 1411 ac
1595 1391 1683 1419 supra
1712 1386 1742 1421 §-
1761 1393 1789 1416 r.

275 1430 305 1459 in
326 1429 349 1459 f.
373 1431 406 1459 de
431 1431 583 1461 heredibus
606 1433 743 1469 legitimis
769 1434 798 1462 in
822 1436 1036 1470 possessionem
1063 1436 1162 1464 missis
1186 1436 1329 1469 diximus,
1350 1434 1385 1462 ad
1406 1433 1569 1462 cautionem
1593 1436 1795 1470 praestandam

272 1480 406 1510 obstricti
431 1489 498 1510 sunt
522 1483 596 1511 datis
621 1483 863 1521 fideJussoribus,
894 1492 946 1514 nec
972 1485 1124 1521 quisquam
1153 1486 1187 1514 ab
1214 1486 1266 1514 hac
1294 1483 1469 1520 obligatione
1500 1483 1645 1514 liberatur.
1683 1486 1797 1516 Eadem:

270 1533 373 1568 procul
399 1532 489 1561 dubio
513 1533 636 1570 exigitur
651 1542 666 1562 a
691 1534 902 1571 proprietario,
918 1535 993 1571 cui,
1017 1535 1052 1564 ab
1073 1536 1224 1565 heredibus
1252 1534 1390 1572 legitimis
1415 1534 1564 1570 impetrata
1582 1536 1796 1573 possessione,

271 1582 486 1619 ususfructus,
510 1591 594 1619 quern
615 1584 671 1613 sibi
695 1592 884 1615 reservaverat
905 1587 1042 1623 Absens,
1063 1588 1190 1623 accedit;
1219 1587 1313 1615 eadem
1338 1585 1411 1614 enim
1435 1586 1603 1614 restituendi
1635 1587 1794 1618 necessitas

271 1631 366 1668 ipsum
395 1640 508 1669 manet,
531 1635 556 1663 si
576 1636 691 1671 quando
719 1637 833 1666 Absens
858 1638 989 1667 redierit:
1011 1646 1041 1668 at
1063 1646 1124 1668 non
1148 1637 1254 1672 video,
1273 1645 1326 1665 cur
1347 1636 1394 1665 hic
1416 1636 1531 1673 potiore
1556 1637 1687 1672 gauderet
1706 1638 1796 1675 jure,

276 1692 360 1719 quam
385 1685 469 1713 ceteri
493 1692 612 1720 omnes,
645 1687 754 1716 ratione
782 1685 929 1717 fructuum
948 1696 1013 1718 ante
1037 1685 1204 1718 declaratam
1227 1688 1394 1717 Absentiam
1426 1694 1644 1724 perceptorum:
1670 1697 1737 1718 cum
1763 1688 1791 1718 si

274 1742 339 1763 vera
361 1734 435 1764 foret
457 1735 556 1772 opinio
578 1735 799 1773 Dammana,
820 1748 850 1775 p.
875 1741 941 1775 5:46.
964 1741 1063 1770 adnot.
1089 1749 1120 1777 9.
1135 1761 1145 1776 ,
1166 1741 1238 1769 idem
1263 1740 1413 1769 dicendum
1436 1747 1513 1768 esset
1535 1739 1570 1767 de
1590 1739 1678 1774 dote,
1703 1747 1797 1775 quant

274 1786 391 1815 :naritus
415 1795 475 1816 non
502 1789 677 1818 restituisset
701 1796 766 1818 ante
791 1791 954 1820 testamenti
976 1792 1185 1829 inspectionem
1210 1791 1254 1820 vel
1279 1790 1496 1819 declarationem
1520 1789 1694 1823 Absentiae;
1715 1791 1786 1820 adeo

273 1843 306 1864 ut
327 1844 424 1865 omnes
451 1837 565 1867 fructus
592 1845 626 1867 ex
650 1847 682 1868 ea
706 1841 741 1868 ab
761 1842 859 1870 uxoris
887 1841 1018 1872 discessu
1043 1850 1194 1882 perceptos
1220 1843 1368 1871 restituere
1391 1841 1505 1870 deberet
1526 1840 1589 1877 ejus
1613 1840 1786 1878 heredibus,

273 1889 409 1924 quoniam
436 1897 524 1924 aeque
546 1890 607 1919 sine
632 1898 735 1921 caussa
757 1901 806 1922 eos
829 1896 1024 1932 percepissem,
1054 1904 1147 1932 neque
1172 1895 1265 1924 eadem
1290 1893 1362 1922 ratio
1386 1898 1496 1920 tantum
1520 1891 1550 1922 in
1566 1891 1634 1921 dote
1656 1893 1794 1930 adesset,¹

273 1940 325 1968 sed
341 1947 367 1967 et
383 1939 525 1968 obtineret
544 1941 654 1970 ratione
670 1943 799 1972 omnium
819 1944 962 1976 bonorum
981 1955 1012 1976 ac
1025 1947 1151 1984 jurium,
1172 1952 1263 1982 quae,
1280 1942 1418 1972 declarata
1436 1941 1596 1978 Absentia,
1612 1942 1674 1972 sine
1687 1950 1789 1985 caussa

274 1998 385 2028 partem
414 1991 580 2028 patrimonii
608 1992 771 2032 Absentis,
806 2001 907 2033 utpote
931 1998 991 2035 jam
1021 1999 1153 2034 mortui,
1179 1994 1367 2026 constituisse
1395 1999 1553 2031 appareret.
1591 1992 1717 2023 Fructus
1740 2000 1794 2022 nu·
1822 2002 1825 2004 ·

1710 2049 1794 2085 tem,
