1913 2417
282 165 317 196 80
555 163 786 204 JACOBI
844 163 1155 195 HERMANI
1211 163 1520 197 PHILIPSE

283 253 513 283 communionem
532 255 555 283 ei
574 254 660 283 illatis
675 262 733 282 non
748 259 896 282 teneatur:
917 254 979 289 ipsa
997 254 1071 282 enim
1089 254 1156 283 haec
1172 255 1294 284 facultas
1311 255 1395 284 uxori
1410 255 1598 290 conceditur,
1615 262 1650 284 ne
1666 263 1682 284 e
1698 255 1794 286 mariti

284 306 417 341 gestione
434 306 571 342 jacturam
593 305 698 340 faciat3
723 305 857 340 quoniam
877 305 938 341 ejus
962 305 1031 334 vitia
1055 305 1186 341 ignorare
1209 312 1359 341 censetur,
1380 307 1436 335 nisi
1452 313 1557 335 statu·
1578 308 1791 337 communionis

282 356 363 392 prius
379 356 540 395 iusptxerit.
575 356 636 383 Imo
647 375 656 389 ,
678 355 744 383 licet
762 356 876 391 propria
892 363 943 384 sua
963 357 1091 392 gestione
1106 358 1237 386 damnum
1257 358 1455 386 communioni
1471 356 1601 386 intulerit
1614 377 1625 393 ‚
1642 365 1792 394 propterea

284 407 327 435 illi
343 407 463 435 facultas
486 407 665 435 renuntiandi
682 414 740 435 uon
757 407 869 435 videtur
886 409 992 436 ademta
1004 427 1014 443 ,
1034 409 1169 444 quoniam
1188 409 1318 437 universe
1333 407 1404 436 hanc
1421 408 1444 436 ei
1468 408 1601 437 concedit
1622 415 1684 437 art.
1703 417 1791 445 124.;

283 464 409 487 attamen
428 458 483 485 hoc
500 459 528 484 in
548 465 616 486 casu
635 457 750 485 heredes
772 458 916 487 indemnes
934 466 1045 487 servare
1067 458 1168 494 debet,
1190 467 1282 495 neque
1301 459 1354 487 hac
1374 459 1583 487 renuntiatione
1606 461 1697 488 serius
1718 459 1795 489 facta

285 509 352 537 huic
373 508 544 544 obligationi
564 516 595 535 se
617 508 780 536 subtrahere
796 515 884 543 posse
904 509 1037 545 videtur,
1062 509 1130 544 quin
1145 515 1172 538 et
1187 510 1434 546 obligationibus,
1457 518 1527 545 quas
1555 510 1667 539 interim
1687 510 1794 547 iudicis

279 559 450 588 auctoritate
467 558 594 593 munita,
610 559 766 588 secundum
782 565 844 589 art.
861 568 928 589 222.
954 560 1013 589 sibi
1031 559 1187 596 imposuit,
1204 560 1337 589 satisfieri
1355 560 1519 596 oportebit,
1540 570 1606 598 arg.
1627 567 1688 590 art.
1713 570 1796 602 ¹:³94,

278 610 364 647 (vid.
389 609 562 645 Proudhon,
584 618 614 646 p.
631 617 694 646 173.
713 610 776 639 init.
787 613 813 648 ).
853 611 986 647 Denique
1017 617 1133 647 propter
1161 611 1290 639 ultimam
1317 618 1378 640 art.
1400 620 1464 649 124.
1498 619 1605 647 partem
1631 613 1805 646 antinomia⁴

279 662 310 690 in
334 661 444 690 Codice
466 661 613 689 statuenda
634 669 693 690 uon
716 667 779 698 est3
803 662 872 690 licet
896 662 989 698 primo
1015 669 1133 698 aspectu
1156 662 1239 698 plane
1261 662 1434 691 contrarIum
1463 663 1552 691 statui
1578 663 1708 691 videatur
1729 669 1791 693 art.

281 722 375 750 1454,
399 720 501 750 1455.:
524 713 611 740 hosce
636 712 708 740 euim
734 713 874 741 articulos
898 713 1022 741 ducibus
1041 713 1272 751 spangenbergio
1293 720 1323 741 et
1344 713 1568 747 Delvincurtio‚
1591 713 1633 742 ad
1653 715 1682 742 h.
1707 714 1728 742 l.
1757 713 1798 742 ita

283 772 443 801 possumus
472 764 643 800 conciliare,
676 770 709 792 ut
728 765 847 794 ultimos
878 765 1069 801 intelligamus
1096 766 1135 794 <de
1158 773 1247 799 casu,
1277 773 1337 799 quo
1358 764 1523 792 communio
1551 765 1706 793 secundum
1733 770 1795 794 art.

283 823 367 852 1441.
391 815 530 843 dissoluta
552 821 606 844 est.
649 814 734 843 Tunc
759 816 871 851 quidem
896 825 986 852 uxor,
1009 825 1081 852 quae
1108 817 1269 845 inventario
1287 816 1344 844 sibi
1362 823 1460 844 cavere
1478 816 1643 850 potuisset,
1665 823 1701 844 ne
1717 823 1796 844 com-

282 868 420 896 munione
450 868 616 896 continuata
634 868 831 896 detrimentum
849 875 982 905 caperet,
1003 869 1027 897 si
1050 874 1118 904 post
1136 867 1324 896 inventarium
1343 866 1532 901 confectum,
1552 867 1597 894 vel
1615 874 1695 894 antea
1711 866 1796 896 ctiam

281 920 466 954 inprudenter
486 918 684 946 communioni
706 927 736 947 se
762 920 958 955 immiscuerit,
978 926 1006 948 et
1027 919 1068 948 sic
1093 918 1184 947 veluti
1204 926 1237 946 ex
1266 917 1529 953 quasi-contractu
1552 925 1584 946 se
1605 917 1796 953 obligaverit,

282 969 417 1003 habebit,
440 969 518 1003 quod
543 968 599 995 sibi
626 969 769 1004 imputet,
791 978 884 1005 neque
904 969 1031 1006 amplius
1054 969 1078 997 ei
1099 969 1224 998 recedere
1245 968 1363 997 licebit:
1392 975 1420 997 at
1443 969 1472 997 in
1497 974 1560 996 art.
1579 976 1643 1001 124.
1665 975 1795 997 commu·

282 1019 333 1048 nio
356 1027 414 1047 non
437 1017 578 1046 dissoluta
601 1025 732 1046 censetur
753 1021 811 1057 (de
836 1027 925 1049 morte
945 1021 1023 1049 euim
1048 1020 1138 1049 mariti
1160 1020 1289 1048 nondum
1316 1026 1447 1055 constat,
1468 1027 1561 1055 neque
1586 1020 1668 1048 etiam
1696 1019 1792 1048 matri-

285 1069 414 1098 monium
437 1068 612 1095 dissolutum
637 1068 730 1103 est),
751 1074 779 1095 et
801 1071 934 1103 quoniam
959 1070 1007 1097 hic
1030 1068 1143 1097 demum
1167 1077 1321 1105 postquam
1344 1078 1416 1098 uxor
1438 1069 1566 1098 animum
1593 1077 1677 1098 suum
1698 1070 1792 1099 decla·

283 1119 386 1148 raverit
415 1116 606 1146 inventarium
630 1117 690 1145 fieri
720 1117 820 1153 debet,
848 1125 929 1147 antea
955 1119 1027 1148 scire
1052 1127 1111 1149 non
1135 1121 1252 1157 potuit,
1281 1129 1316 1150 an
1339 1122 1394 1150 sibi
1417 1122 1589 1150 conduceret
1613 1120 1794 1150 communio-

282 1178 347 1199 nem
374 1177 433 1197 non
457 1168 598 1203 dissolvi;
624 1169 751 1204 adeoque
780 1170 835 1198 hoc
864 1176 974 1199 tantum
1003 1179 1096 1208 scopo
1120 1180 1181 1200 eam
1209 1172 1376 1201 continuare
1402 1179 1553 1208 censetur,
1584 1177 1615 1200 ut
1635 1170 1792 1201 inventario

278 1219 440 1254 confecto,
469 1225 516 1247 aut
542 1219 568 1246 si
590 1219 653 1247 dein
683 1219 802 1255 aliquod
828 1221 930 1248 vitium
967 1222 1051 1251 latere
1074 1223 1132 1259 ipsi
1159 1224 1288 1253 videatur
1315 1232 1351 1252 ex
1377 1223 1516 1253 Absentis
1547 1223 1796 1252 administratione

282 1271 464 1309 profectum,
494 1270 611 1298 liberam
644 1270 765 1307 eligendi
794 1271 956 1302 facultatem
993 1275 1132 1310 retineat,
1161 1281 1257 1303 utrum
1278 1283 1340 1303 eam
1372 1275 1519 1311 repudiare
1548 1274 1636 1309 velit,
1664 1282 1700 1303 an
1730 1281 1798 1303 vero

281 1322 451 1351 continuare
473 1321 571 1358 (15).
613 1321 702 1357 Quod
726 1329 817 1350 autern
841 1324 879 1351 ait
900 1324 1104 1360 lisalevillius,
1126 1325 1167 1353 ad
1188 1328 1217 1355 h.
1243 1332 1305 1355 art.
1326 1335 1390 1361 124.
1415 1326 1447 1354 in
1469 1325 1512 1360 f.‚
1541 1326 1713 1362 conjugem,
1742 1325 1796 1361 qui.

282 1373 513 1402 communionem
535 1372 765 1409 continuaverit,
786 1374 868 1402 etiam
894 1376 1031 1411 praestita
1058 1375 1158 1404 idonea
1189 1376 1343 1410 cautione,
1369 1375 1559 1404 nihilominus
1583 1376 1617 1403 ab
1643 1375 1795 1403 heredibus

282 1424 350 1460 cogi
374 1432 461 1459 posse
490 1429 522 1452 ut
548 1431 606 1451 eam
630 1424 790 1460 dissolvat,
813 1425 838 1454 si
862 1433 1014 1462 appareat,
1036 1435 1100 1455 eum
1125 1428 1200 1456 bona
1226 1427 1382 1463 Absentis,
1404 1434 1454 1456 aut
1481 1427 1644 1456 communia
1660 1426 1797 1463 dilapida-

286 1484 335 1511 re,
357 1477 385 1504 id
407 1484 466 1505 non
487 1476 543 1504 nisi
564 1477 787 1513 prudentissime
810 1480 1014 1508 admittendum
1036 1481 1166 1514 videtur,
1188 1485 1215 1507 et
1239 1478 1296 1506 nisi
1314 1478 1427 1506 evidens
1450 1477 1608 1514 periculum
1630 1478 1687 1507 sit:
1708 1485 1795 1514 nam,

282 1527 349 1555 licet
373 1527 491 1555 omnino
515 1527 607 1555 satius
634 1528 673 1556 sit
698 1529 762 1565 jura
788 1529 894 1558 intacta
917 1539 1027 1560 servare
1042 1553 1052 1568 ,
1076 1541 1159 1568 quam
1185 1531 1333 1559 vulnerata
1353 1539 1453 1559 caussa
1477 1531 1630 1560 remedium
1648 1539 1796 1566 quaerere3

283 1579 375 1614 probe
399 1585 490 1606 tamen
521 1578 800 1608 animadvertendum
823 1587 885 1617 est,
914 1583 1008 1611 omnia
1031 1584 1099 1612 haec
1123 1582 1243 1612 remedia
1266 1580 1434 1618 temporaria
1458 1589 1517 1610 non
1537 1582 1605 1610 adeo
1629 1581 1658 1610 iu
1681 1581 1797 1618 gratiam

282 1630 416 1657 heredum
443 1637 504 1656 esse
528 1630 679 1665 instituta,
702 1632 751 1659 sed
777 1632 806 1660 in
831 1632 931 1668 primis
956 1635 1095 1664 Absentis
1123 1634 1258 1664 rationem
1284 1633 1408 1662 habitam
1432 1632 1544 1667 fuisse,
1572 1633 1618 1661 cui
1637 1633 1708 1662 satis
1732 1641 1799 1669 pro-

284 1685 415 1715 spectum
442 1679 554 1713 putavit
577 1679 739 1716 legislator,
771 1683 856 1711 modo
878 1683 978 1712 idonea
1002 1689 1098 1715 cautio
1126 1685 1200 1714 foret
1227 1684 1378 1721 praestita:
1410 1684 1489 1719 quod
1515 1684 1539 1712 si
1562 1683 1678 1719 insuper
1700 1684 1797 1712 adten-

285 1729 384 1756 damus
408 1729 503 1757 omnia
527 1730 574 1758 illa
599 1738 740 1760 momenta
767 1733 852 1769 (vid.
877 1735 989 1770 Locre,
1020 1735 1041 1764 l.
1069 1736 1090 1765 l.
1117 1743 1148 1771 p.
1165 1743 1234 1771 427.
1253 1736 1364 1772 sqq.),
1396 1742 1468 1770 quae
1490 1733 1678 1769 legislatorem
1701 1734 1798 1770 impu·

284 1778 399 1813 lerunt,
426 1787 458 1807 ut
482 1781 632 1816 conjugem
665 1782 846 1817 superstitem
880 1783 909 1811 in
935 1786 1139 1814 communione
1171 1787 1313 1814 bonorum
1337 1784 1478 1820 potiorem
1504 1785 1616 1812 liaberet
1643 1784 1794 1813 heredibus

282 1829 418 1866 conjugis
445 1830 602 1868 Absenns,
631 1831 715 1861 facile
737 1833 903 1870 apparebit,
934 1834 1066 1863 heredum
1086 1836 1137 1872 jus
1158 1835 1187 1864 in
1212 1836 1292 1865 bonav
1311 1833 1476 1864 communia
1500 1839 1555 1864 tam
1581 1833 1664 1864 firmo
1692 1834 1796 1863 funda-

1720 1893 1800 1917 men*

313 1956 385 1985 (¹5)
404 1959 472 1981 conf.
492 1965 554 1984 cons.
571 1960 596 1986 J.
609 1961 640 1987 Ρ.
655 1962 738 1984 Noiret
751 1964 777 1985 de
792 1965 886 1995 Bruyn,
900 1965 925 1985 ιἰι
947 1965 1008 1994 spu.
1028 1964 1108 1993 lnaug.
1123 1966 1148 1990 L.
1162 1967 1187 1989 B.
1203 1964 1266 1987 1818.
1282 1969 1306 1992 p·
1321 1961 1365 1990 ⁸⁴»
1381 1965 1431 1990 ΜΠ·
