1913 2417
375 145 644 178 'RESPONSIO
671 155 720 177 AD
749 146 1117 186 QUAESTIONEM
1144 146 1475 180 LITERARIAM.
1643 159 1676 182 11

167 231 228 267 iis,
250 238 282 260 ut
307 231 421 260 videtur
441 231 628 266 civitatibus,
657 239 728 266 quae
751 231 843 268 magis
867 230 947 266 pacis
977 231 1087 260 artibus
1117 240 1202 267 quam
1231 231 1343 260 bellicis
1374 232 1482 262 deditae
1507 239 1608 268 erant,
1629 232 1675 260 vel

167 283 280 318 quibus
308 283 444 311 diuturno
476 282 552 310 bello
582 282 727 317 oppressis
758 282 870 318 requies
900 289 927 310 et
958 283 1065 311 reditus
1098 283 1133 311 ad
1159 283 1360 320 agriculturam
1391 290 1489 319 gratus
1511 283 1674 319 accidebat3

168 334 214 363 vel
239 334 264 363 si
293 342 363 370 quae
394 333 498 368 etiam,
530 340 701 368 quamquam
726 334 916 368 paucissimae
951 333 1084 370 profecto
1112 333 1248 369 fuerunt,
1275 334 1391 371 longius
1414 344 1429 363 a
1452 335 1519 363 mari
1551 341 1675 363 remotae

164 392 271 414 essent.
314 385 449 414 Caeterae
474 384 666 420 praebuerunt
697 392 802 419 naves,
833 385 862 413 in
893 385 995 421 primis
1024 385 1154 421 ipsorum
1187 385 1407 414 Atheniensium
1434 386 1558 422 civitas,
1589 387 1674 422 cujus

163 434 266 464 classis
291 436 368 471 apud
397 435 540 464 Salamina
569 435 661 463 fuerat
687 434 803 463 navium
831 443 907 472 2003
937 436 1034 471 plures
1064 436 1162 464 ioniae
1190 435 1295 470 urbes,
1325 436 1439 472 Chios,
1471 436 1604 472 Lesbos,
1625 437 1674 465 Sa-

165 493 251 521 mos,
280 495 397 521 quarum
429 486 543 514 urbium
573 485 788 521 insularumque
817 494 939 520 quantae
965 486 1040 514 vires
1072 487 1228 516 maritimae
1256 487 1381 523 fuerint,
1409 496 1443 517 ex
1473 496 1592 517 numero
1624 496 1676 516 na-

161 535 266 572 vium,
288 545 360 572 quas
387 537 416 565 in
439 545 535 573 pugna
561 537 637 571 apud
660 536 759 565 Laden
785 538 961 572 attulerunt,
982 544 1098 573 apparet
1126 537 1206 574 (1).
1251 538 1399 575 Quantum
1427 545 1518 568 autern
1549 538 1672 574 singulis

162 586 335 616 civitatibus
362 588 531 624 impositum
555 587 662 623 fuerit,
684 595 742 615 non
763 587 820 616 nisi
843 588 1007 625 conjectura
1032 588 1151 623 adsequi
1173 597 1343 624 possumus.
1383 589 1468 618 Plura
1488 598 1554 618 vero
1576 589 1610 617 de
1631 597 1675 618 ra-

163 638 260 674 tione,
283 647 340 675 qua
360 638 491 668 subsidia
515 638 786 667 administrabantur
821 645 890 668 nota
919 645 1008 675 sunt,
1041 647 1125 674 quam
1158 640 1295 669 rationem
1324 649 1402 669 nunc
1427 649 1566 678 exponere
1590 648 1676 669 cona-

161 689 268 719 bimur.

201 740 360 778 Quomodo
391 741 502 770 tributa
540 741 662 770 collecta
695 741 773 776 sint,
800 741 874 769 nihil
903 741 1004 769 attinet
1037 741 1198 778 explicare3
1228 742 1364 778 quoniam
1393 742 1429 771 ad
1456 743 1593 771 internam
1623 741 1676 770 rei-

163 791 297 828 publicae
319 792 594 821 administrationem
627 793 682 820 hoc
715 791 856 827 pertinet,
889 800 973 827 quam
997 792 1185 821 Athenienses
1208 794 1284 829 apud
1307 794 1470 830 αὐτονόμους
1496 793 1592 822 socios
1615 801 1676 822 non

161 842 313 872 curabant.
352 843 494 872 Pecuniae
519 842 707 873 conferendae
724 848 801 870 erant
821 842 849 870 in
871 842 994 871 insulam
1018 843 1143 878 Delum,
1167 843 1217 870 uhi
1234 852 1387 872 commune
1403 844 1580 873 Graecorum
1601 852 1677 872 aera·

162 892 238 921 rium
277 900 336 922 erat
368 894 561 924 constitutum
598 893 682 930 (2).
734 893 826 921 Delos
858 900 938 921 antea
982 893 1096 929 quidem
1136 894 1361 923 Atheniensibus
1399 894 1527 931 subJ'ecta
1563 894 1677 930 suerat,

161 942 240 972 bello
264 950 357 972 autem
383 944 499 973 Persico
533 945 690 973 libertatem
723 950 963 980 recuperaverat,
991 953 1110 980 eamque
1140 951 1240 980 postea
1273 945 1303 973 in
1339 945 1493 974 liberorum
1527 945 1676 974 sociorum

162 1001 314 1022 numerum
346 995 497 1023 admissam
524 994 636 1030 fuisse,
664 995 818 1024 verisimile
838 1001 892 1023 est.
933 994 1021 1032 Quod
1046 995 1103 1024 nisi
1128 995 1167 1023 ita
1189 995 1315 1031 fuisset,
1345 996 1510 1025 noluissent
1537 997 1611 1025 socii
1635 997 1677 1026 ibi

162 1043 271 1073 tributa
296 1045 456 1082 deponere,
477 1047 552 1074 unde
569 1046 740 1075 auctoritate
762 1054 814 1074 sua
839 1046 1031 1075 Athenienses
1051 1046 1135 1075 facile
1155 1055 1186 1075 ea
1211 1046 1321 1075 auferre
1346 1053 1478 1082 possent.
1517 1047 1605 1076 Nunc
1629 1056 1678 1077 ve·

156 1103 192 1124 to
214 1096 297 1125 locus
325 1103 561 1133 peropportunus
584 1104 663 1133 erat,
693 1097 801 1134 quippe
826 1097 876 1133 qui
901 1097 1107 1127 foederatarum
1133 1098 1282 1126 clvitatum
1310 1097 1434 1126 medium
1458 1099 1570 1127 tenebat
1591 1105 1620 1127 et
1641 1098 1676 1127 ab

158 1147 240 1176 omni
266 1147 393 1176 hostium
423 1147 533 1184 impetu
563 1155 646 1178 tutus
667 1149 824 1178 videbatur.
873 1149 1034 1177 Accedebat
1065 1148 1165 1184 templi
1196 1148 1346 1184 Apollinis
1376 1149 1530 1185 sanctitas,
1558 1150 1636 1185 quod
1660 1158 1677 1179 a

163 1198 278 1228 nemine
300 1198 440 1228 violatum
465 1199 500 1228 iri
522 1200 738 1229 existimabant:
761 1208 834 1229 suus
856 1199 929 1228 enim
956 1199 1088 1236 religioni
1113 1200 1206 1229 adhuc
1229 1200 1381 1229 constabat
1402 1201 1509 1230 honos.
1551 1200 1675 1229 Allatatn

159 1255 254 1278 autem
278 1250 428 1287 pecuniam
455 1251 632 1287 accipiebant
655 1249 891 1286 Ἑλληνοταμίαιι,
919 1251 981 1280 sive
1005 1250 1180 1289 Quaestores
1203 1250 1402 1288 Graecorum,
1434 1260 1509 1287 quos
1535 1251 1676 1289 Thucydi-

156 1298 209 1327 das
230 1300 252 1329 l.
272 1308 301 1328 c.
327 1302 517 1331 Athenienses
548 1302 641 1331 fuisse
666 1303 753 1331 tradit
776 1304 858 1340 (3).
908 1302 965 1331 Est
990 1309 1084 1331 autem
1108 1304 1189 1338 quod
1213 1303 1365 1338 miremur,
1395 1302 1426 1331 id
1448 1311 1465 1330 a
1488 1302 1576 1331 sociis
1607 1311 1678 1332 con-

155 1356 275 1379 cessum
303 1350 416 1387 fuisse3
447 1353 485 1380 ita
509 1353 582 1380 enim
613 1353 742 1389 potentia
773 1353 1014 1388 Atheniensium,
1043 1353 1068 1382 si
1091 1362 1106 1382 a
1134 1354 1247 1391 justitia
1279 1354 1412 1383 decedere
1443 1353 1566 1389 vellent,
1594 1353 1678 1382 valde

158 1399 332 1435 augebatur.
372 1401 524 1430 Probabile
547 1408 607 1437 est,
635 1411 685 1431 eos
710 1403 905 1439 Quaestores‚
935 1410 967 1431 ut
987 1404 1074 1432 multi
1106 1405 1291 1440 magistratus
1318 1403 1470 1439 solebant,
1499 1410 1577 1432 sorte
1605 1412 1677 1433 con-

158 1449 283 1479 stitutos
305 1450 417 1486 fuisse,
439 1452 478 1480 ita
498 1458 611 1488 tamen,
631 1461 665 1481 ut
689 1454 790 1482 deinde
810 1461 942 1483 accurata
970 1455 1046 1484 vitae
1071 1460 1135 1483 ante
1160 1461 1238 1483 actae
1268 1454 1421 1490 inquisitio
1446 1455 1515 1492 (4)
1540 1454 1675 1483 institue-

157 1507 248 1529 retur.
294 1501 451 1539 Quumque
483 1503 508 1532 is
536 1505 718 1540 magistratus
749 1505 1061 1534 honorificentissimus
1088 1506 1191 1541 procul
1221 1505 1310 1534 dubio
1339 1506 1507 1541 haberetur,
1539 1506 1573 1535 ad
1596 1514 1675 1535 eum·

157 1559 219 1586 que
243 1554 394 1589 gerendum
422 1554 475 1582 viri
500 1555 727 1591 requirerentur,
756 1556 806 1591 qui
831 1556 940 1584 divitiis
961 1564 1019 1585 non
1045 1555 1129 1585 facile
1159 1556 1305 1592 eorrumpi
1331 1563 1472 1593 possent,
1504 1557 1674 1586 arbitramur

159 1604 384 1640 Ἑλληνοταμίας
400 1612 437 1632 ex
460 1606 613 1635 ditissimis
629 1606 742 1635 civibus
770 1606 831 1634 sive
855 1609 1172 1643 πεντακοσιομεδίμνοις,
1194 1608 1340 1644 eligendos
1362 1607 1472 1637 fuisse:
1501 1615 1590 1644 sunt,
1622 1610 1673 1645 qui

156 1652 352 1690 inscriptione
376 1657 495 1691 quadam
520 1657 586 1686 freti
615 1657 709 1685 decem
742 1656 835 1686 fuisse
864 1664 988 1694 putent3
1013 1659 1113 1695 potius
1141 1666 1235 1687 autem
1259 1659 1293 1686 iis
1321 1659 1514 1695 adsenflmur,
1544 1659 1595 1696 qui
1619 1668 1675 1689 nu-

156 1711 269 1734 merum
297 1714 395 1736 eorum
420 1714 499 1737 certo
530 1708 618 1738 statui
648 1717 735 1745 posse
762 1716 867 1746 negant
894 1710 973 1747 (5).
1024 1710 1057 1740 id
1083 1718 1149 1739 vero
1172 1715 1306 1746 constat,
1334 1709 1406 1747 ipsis
1425 1711 1569 1748 adjutores
1591 1712 1674 1742 datos

1604 1762 1678 1794 fuis-

180 1831 237 1861 (1)
261 1834 345 1857 Herod·
369 1836 384 1858 Ι.
403 1837 425 1857 6.
450 1843 471 1859 c.
485 1836 507 1858 8·
793 1837 845 1865 (2)
870 1837 964 1864 Tlmcyd.
988 1838 1005 1860 1-
1021 1840 1058 1866 §6'

183 1880 237 1909 (3)
260 1878 310 1902 Κκὶ
334 1877 545 1910 'Examen-aptiae
572 1880 636 1907 τότε
659 1880 758 1911 πρῶτον
781 1878 924 1910 Ἀὕηνοιίσις
953 1882 1054 1910 nurse-n
1080 1880 1168 1913 ἀρχὴ,
1193 1880 1215 1907 οἳ
1242 1880 1368 1915 ἐδέχοντο
1394 1884 1438 1910 τὶν
1462 1882 1547 1916 Φόρου.

185 1924 235 1953 (4)
258 1922 413 1950 Δοκιμίσῐκ.
679 1928 733 1955 (⁵)
752 1927 804 1950 vid.
824 1927 906 1951 Bo'cklz.
926 1930 1019 1953 staatsh.
1037 1930 1078 1953 der
1096 1931 1148 1952 Ath·
1172 1936 1180 1953 r
1199 1930 1269 1954 fland,
1292 1939 1315 1959 p.
1330 1937 1368 1960 ¹9¹
1386 1937 1419 1960 sq.
1441 1932 1480 1959 qui
1501 1931 1532 1954 ibi
1552 1932 1580 1954 de
1598 1930 1676 1954 Helle-

155 1965 261 1989 nnumin
279 1965 446 1988 accuratissime
466 1965 520 1993 enit.

901 2025 960 2055 132
