<?xml version="1.0" encoding="UTF-8"?>
<!DOCTYPE html PUBLIC "-//W3C//DTD XHTML 1.0 Transitional//EN"
    "http://www.w3.org/TR/xhtml1/DTD/xhtml1-transitional.dtd">
<html xmlns="http://www.w3.org/1999/xhtml" xml:lang="en" lang="en">
 <head>
  <title>
</title>
<meta http-equiv="Content-Type" content="text/html;charset=utf-8" />
  <meta name='ocr-system' content='tesseract 3.04.00' />
  <meta name='ocr-capabilities' content='ocr_page ocr_carea ocr_par ocr_line ocrx_word'/>
</head>
<body>
  <div class='ocr_page' id='page_1' title='image "annalesacademiae19rijk_0125.png"; bbox 0 0 1913 2417; ppageno 0'>
   <div class='ocr_carea' id='block_1_1' title="bbox 666 159 1618 207">
    <p class='ocr_par' dir='ltr' id='par_1_1' title="bbox 666 159 1618 207">
     <span class='ocr_line' id='line_1_1' title="bbox 666 159 1618 207; baseline 0.002 -13"><span class='ocrx_word' id='word_1_1' title='bbox 666 159 1052 197; x_wconf 68' lang='lat' dir='ltr'><strong>oaAr10.</strong></span> <span class='ocrx_word' id='word_1_2' title='bbox 1577 164 1618 207; x_wconf 60' lang='grc' dir='ltr'>η</span> 
     </span>
    </p>
   </div>
   <div class='ocr_carea' id='block_1_2' title="bbox 136 253 1619 2043">
    <p class='ocr_par' dir='ltr' id='par_1_2' title="bbox 147 253 1619 522">
     <span class='ocr_line' id='line_1_2' title="bbox 148 253 1612 298; baseline 0 -11"><span class='ocrx_word' id='word_1_3' title='bbox 148 254 279 287; x_wconf 60' lang='lat' dir='ltr'><strong>tentiam</strong></span> <span class='ocrx_word' id='word_1_4' title='bbox 311 255 427 298; x_wconf 86' lang='lat' dir='ltr'><strong>prioris</strong></span> <span class='ocrx_word' id='word_1_5' title='bbox 456 253 537 287; x_wconf 79' lang='lat' dir='ltr'><strong>adeo</strong></span> <span class='ocrx_word' id='word_1_6' title='bbox 570 254 802 298; x_wconf 80' lang='lat' dir='ltr'><strong>implicabant3</strong></span> <span class='ocrx_word' id='word_1_7' title='bbox 832 263 900 287; x_wconf 83' lang='lat' dir='ltr'><strong>tum</strong></span> <span class='ocrx_word' id='word_1_8' title='bbox 934 268 1046 289; x_wconf 88' lang='lat' dir='ltr'><strong>omnes</strong></span> <span class='ocrx_word' id='word_1_9' title='bbox 1077 257 1154 289; x_wconf 87' lang='lat' dir='ltr'><strong>caeli</strong></span> <span class='ocrx_word' id='word_1_10' title='bbox 1185 257 1410 289; x_wconf 83' lang='lat' dir='ltr'><strong>conversiones</strong></span> <span class='ocrx_word' id='word_1_11' title='bbox 1435 256 1477 286; x_wconf 88' lang='lat' dir='ltr'><strong>ita</strong></span> <span class='ocrx_word' id='word_1_12' title='bbox 1500 255 1612 287; x_wconf 70' lang='lat' dir='ltr'><strong>‹bluci-</strong></span> 
     </span>
     <span class='ocr_line' id='line_1_3' title="bbox 148 311 1619 356; baseline 0.001 -13"><span class='ocrx_word' id='word_1_13' title='bbox 148 311 222 343; x_wconf 86' lang='lat' dir='ltr'><strong>dius</strong></span> <span class='ocrx_word' id='word_1_14' title='bbox 256 322 347 354; x_wconf 90' lang='lat' dir='ltr'><strong>posse</strong></span> <span class='ocrx_word' id='word_1_15' title='bbox 372 323 540 354; x_wconf 84' lang='lat' dir='ltr'><strong>exponere.</strong></span> <span class='ocrx_word' id='word_1_16' title='bbox 593 312 681 352; x_wconf 88' lang='lat' dir='ltr'>Quid</span> <span class='ocrx_word' id='word_1_17' title='bbox 699 323 775 343; x_wconf 88' lang='lat' dir='ltr'><strong>vero</strong></span> <span class='ocrx_word' id='word_1_18' title='bbox 800 312 949 356; x_wconf 81' lang='lat' dir='ltr'>deinceps</span> <span class='ocrx_word' id='word_1_19' title='bbox 978 321 1178 345; x_wconf 83' lang='lat' dir='ltr'>astronomos</span> <span class='ocrx_word' id='word_1_20' title='bbox 1207 313 1342 344; x_wconf 80' lang='lat' dir='ltr'><strong>adduxit</strong></span> <span class='ocrx_word' id='word_1_21' title='bbox 1367 319 1403 344; x_wconf 86' lang='lat' dir='ltr'><strong>ut·</strong></span> <span class='ocrx_word' id='word_1_22' title='bbox 1435 312 1517 343; x_wconf 88' lang='lat' dir='ltr'><strong>hanc</strong></span> <span class='ocrx_word' id='word_1_23' title='bbox 1547 324 1619 344; x_wconf 78' lang='lat' dir='ltr'><strong>sen·</strong></span> 
     </span>
     <span class='ocr_line' id='line_1_4' title="bbox 150 368 1614 412; baseline 0.001 -13"><span class='ocrx_word' id='word_1_24' title='bbox 150 369 282 400; x_wconf 85' lang='lat' dir='ltr'><strong>tentiam</strong></span> <span class='ocrx_word' id='word_1_25' title='bbox 305 368 499 400; x_wconf 84' lang='lat' dir='ltr'><strong>retinerent?</strong></span> <span class='ocrx_word' id='word_1_26' title='bbox 544 368 658 408; x_wconf 88' lang='lat' dir='ltr'><strong>Quod,</strong></span> <span class='ocrx_word' id='word_1_27' title='bbox 682 379 748 411; x_wconf 92' lang='lat' dir='ltr'><strong>quo</strong></span> <span class='ocrx_word' id='word_1_28' title='bbox 775 370 874 412; x_wconf 84' lang='lat' dir='ltr'><strong>magis</strong></span> <span class='ocrx_word' id='word_1_29' title='bbox 896 371 1035 401; x_wconf 86' lang='lat' dir='ltr'><strong>rationes</strong></span> <span class='ocrx_word' id='word_1_30' title='bbox 1057 369 1391 412; x_wconf 21' lang='lat' dir='ltr'><strong>caelirintelligereut,</strong></span> <span class='ocrx_word' id='word_1_31' title='bbox 1414 380 1452 399; x_wconf 88' lang='lat' dir='ltr'><strong>eo</strong></span> <span class='ocrx_word' id='word_1_32' title='bbox 1474 368 1526 399; x_wconf 87' lang='lat' dir='ltr'><strong>illa</strong></span> <span class='ocrx_word' id='word_1_33' title='bbox 1543 380 1614 400; x_wconf 87' lang='lat' dir='ltr'><strong>sen-</strong></span> 
     </span>
     <span class='ocr_line' id='line_1_5' title="bbox 149 423 1615 469; baseline 0 -14"><span class='ocrx_word' id='word_1_34' title='bbox 149 425 246 455; x_wconf 88' lang='lat' dir='ltr'><strong>tentia</strong></span> <span class='ocrx_word' id='word_1_35' title='bbox 271 425 375 467; x_wconf 88' lang='lat' dir='ltr'><strong>aptius</strong></span> <span class='ocrx_word' id='word_1_36' title='bbox 401 424 440 455; x_wconf 84' lang='lat' dir='ltr'><strong>ad</strong></span> <span class='ocrx_word' id='word_1_37' title='bbox 465 435 576 456; x_wconf 87' lang='lat' dir='ltr'><strong>omnes</strong></span> <span class='ocrx_word' id='word_1_38' title='bbox 601 423 815 467; x_wconf 76' lang='lat' dir='ltr'><strong>respondere,</strong></span> <span class='ocrx_word' id='word_1_39' title='bbox 843 425 996 469; x_wconf 86' lang='lat' dir='ltr'><strong>nullaque</strong></span> <span class='ocrx_word' id='word_1_40' title='bbox 1031 426 1091 457; x_wconf 88' lang='lat' dir='ltr'><strong>alia</strong></span> <span class='ocrx_word' id='word_1_41' title='bbox 1118 436 1192 457; x_wconf 91' lang='lat' dir='ltr'><strong>cum</strong></span> <span class='ocrx_word' id='word_1_42' title='bbox 1229 424 1354 467; x_wconf 84' lang='lat' dir='ltr'><strong>legibus</strong></span> <span class='ocrx_word' id='word_1_43' title='bbox 1387 431 1519 456; x_wconf 85' lang='lat' dir='ltr'><strong>naturae</strong></span> <span class='ocrx_word' id='word_1_44' title='bbox 1542 436 1615 456; x_wconf 81' lang='lat' dir='ltr'><strong>con-</strong></span> 
     </span>
     <span class='ocr_line' id='line_1_6' title="bbox 147 479 475 522; baseline 0.009 -12"><span class='ocrx_word' id='word_1_45' title='bbox 147 490 281 522; x_wconf 84' lang='lat' dir='ltr'><strong>gruere,</strong></span> <span class='ocrx_word' id='word_1_46' title='bbox 303 479 475 513; x_wconf 86' lang='lat' dir='ltr'><strong>videretur.</strong></span> 
     </span>
    </p>

    <p class='ocr_par' dir='ltr' id='par_1_3' title="bbox 141 536 1618 975">
     <span class='ocr_line' id='line_1_7' title="bbox 194 536 1617 581; baseline 0.003 -14"><span class='ocrx_word' id='word_1_47' title='bbox 194 536 296 579; x_wconf 81' lang='lat' dir='ltr'><strong>Atqui</strong></span> <span class='ocrx_word' id='word_1_48' title='bbox 324 536 434 567; x_wconf 89' lang='lat' dir='ltr'><strong>eadem</strong></span> <span class='ocrx_word' id='word_1_49' title='bbox 459 543 506 568; x_wconf 89' lang='lat' dir='ltr'><strong>est</strong></span> <span class='ocrx_word' id='word_1_50' title='bbox 536 537 616 568; x_wconf 87' lang='lat' dir='ltr'><strong>ratio</strong></span> <span class='ocrx_word' id='word_1_51' title='bbox 641 537 854 570; x_wconf 86' lang='lat' dir='ltr'><strong>concludendi</strong></span> <span class='ocrx_word' id='word_1_52' title='bbox 877 541 1077 581; x_wconf 85' lang='lat' dir='ltr'><strong>quaestiones</strong></span> <span class='ocrx_word' id='word_1_53' title='bbox 1112 537 1175 569; x_wconf 76' lang='lat' dir='ltr'><strong>fere</strong></span> <span class='ocrx_word' id='word_1_54' title='bbox 1200 548 1319 569; x_wconf 88' lang='lat' dir='ltr'><strong>omues.</strong></span> <span class='ocrx_word' id='word_1_55' title='bbox 1364 537 1410 569; x_wconf 91' lang='lat' dir='ltr'><strong>Ut</strong></span> <span class='ocrx_word' id='word_1_56' title='bbox 1434 540 1466 570; x_wconf 89' lang='lat' dir='ltr'><strong>in</strong></span> <span class='ocrx_word' id='word_1_57' title='bbox 1487 538 1617 571; x_wconf 73' lang='lat' dir='ltr'><strong>lilectri·</strong></span> 
     </span>
     <span class='ocr_line' id='line_1_8' title="bbox 145 592 1618 636; baseline 0.002 -13"><span class='ocrx_word' id='word_1_58' title='bbox 145 593 255 631; x_wconf 87' lang='lat' dir='ltr'><strong>citate‚</strong></span> <span class='ocrx_word' id='word_1_59' title='bbox 279 592 345 623; x_wconf 91' lang='lat' dir='ltr'><strong>duo</strong></span> <span class='ocrx_word' id='word_1_60' title='bbox 370 593 434 624; x_wconf 87' lang='lat' dir='ltr'><strong>sint</strong></span> <span class='ocrx_word' id='word_1_61' title='bbox 457 592 554 624; x_wconf 84' lang='lat' dir='ltr'><strong>fluida</strong></span> <span class='ocrx_word' id='word_1_62' title='bbox 581 605 622 624; x_wconf 87' lang='lat' dir='ltr'><strong>an</strong></span> <span class='ocrx_word' id='word_1_63' title='bbox 651 605 774 636; x_wconf 85' lang='lat' dir='ltr'><strong>unum,</strong></span> <span class='ocrx_word' id='word_1_64' title='bbox 809 595 842 626; x_wconf 88' lang='lat' dir='ltr'><strong>id</strong></span> <span class='ocrx_word' id='word_1_65' title='bbox 864 606 960 626; x_wconf 87' lang='lat' dir='ltr'><strong>omne</strong></span> <span class='ocrx_word' id='word_1_66' title='bbox 990 595 1142 625; x_wconf 88' lang='lat' dir='ltr'><strong>hactenus</strong></span> <span class='ocrx_word' id='word_1_67' title='bbox 1164 606 1204 625; x_wconf 77' lang='lat' dir='ltr'><strong>ex</strong></span> <span class='ocrx_word' id='word_1_68' title='bbox 1229 606 1268 625; x_wconf 90' lang='lat' dir='ltr'><strong>eo</strong></span> <span class='ocrx_word' id='word_1_69' title='bbox 1295 595 1481 632; x_wconf 76' lang='lat' dir='ltr'><strong>disseritur,</strong></span> <span class='ocrx_word' id='word_1_70' title='bbox 1508 602 1618 627; x_wconf 85' lang='lat' dir='ltr'><strong>utrum</strong></span> 
     </span>
     <span class='ocr_line' id='line_1_9' title="bbox 146 649 1618 692; baseline 0.001 -12"><span class='ocrx_word' id='word_1_71' title='bbox 146 649 187 681; x_wconf 92' lang='lat' dir='ltr'><strong>ad</strong></span> <span class='ocrx_word' id='word_1_72' title='bbox 220 660 288 680; x_wconf 89' lang='lat' dir='ltr'><strong>rem</strong></span> <span class='ocrx_word' id='word_1_73' title='bbox 317 650 416 691; x_wconf 83' lang='lat' dir='ltr'>ipsam</span> <span class='ocrx_word' id='word_1_74' title='bbox 449 650 554 692; x_wconf 85' lang='lat' dir='ltr'><strong>aptius</strong></span> <span class='ocrx_word' id='word_1_75' title='bbox 588 650 733 682; x_wconf 85' lang='lat' dir='ltr'><strong>videatur</strong></span> <span class='ocrx_word' id='word_1_76' title='bbox 761 652 943 683; x_wconf 85' lang='lat' dir='ltr'><strong>convenire.</strong></span> <span class='ocrx_word' id='word_1_77' title='bbox 1000 650 1223 682; x_wconf 82' lang='lat' dir='ltr'><strong>Controversia</strong></span> <span class='ocrx_word' id='word_1_78' title='bbox 1258 651 1312 681; x_wconf 81' lang='lat' dir='ltr'><strong>illa</strong></span> <span class='ocrx_word' id='word_1_79' title='bbox 1345 651 1427 681; x_wconf 80' lang='lat' dir='ltr'><strong>inter</strong></span> <span class='ocrx_word' id='word_1_80' title='bbox 1456 651 1618 682; x_wconf 77' lang='lat' dir='ltr'><strong>chemicos</strong></span> 
     </span>
     <span class='ocr_line' id='line_1_10' title="bbox 146 706 1615 750; baseline 0.001 -13"><span class='ocrx_word' id='word_1_81' title='bbox 146 706 229 737; x_wconf 84' lang='lat' dir='ltr'><strong>circa</strong></span> <span class='ocrx_word' id='word_1_82' title='bbox 260 712 407 737; x_wconf 88' lang='lat' dir='ltr'><strong>naturam</strong></span> <span class='ocrx_word' id='word_1_83' title='bbox 441 706 534 738; x_wconf 84' lang='lat' dir='ltr'><strong>Acidi</strong></span> <span class='ocrx_word' id='word_1_84' title='bbox 571 707 752 745; x_wconf 71' lang='lat' dir='ltr'><strong>Muriafioi,</strong></span> <span class='ocrx_word' id='word_1_85' title='bbox 786 718 868 750; x_wconf 83' lang='lat' dir='ltr'><strong>quae</strong></span> <span class='ocrx_word' id='word_1_86' title='bbox 900 707 1061 749; x_wconf 84' lang='lat' dir='ltr'><strong>singulare</strong></span> <span class='ocrx_word' id='word_1_87' title='bbox 1100 706 1284 748; x_wconf 76' lang='lat' dir='ltr'><strong>exemplum</strong></span> <span class='ocrx_word' id='word_1_88' title='bbox 1328 706 1378 736; x_wconf 86' lang='lat' dir='ltr'><strong>his</strong></span> <span class='ocrx_word' id='word_1_89' title='bbox 1416 707 1615 749; x_wconf 80' lang='lat' dir='ltr'><strong>temporibus</strong></span> 
     </span>
     <span class='ocr_line' id='line_1_11' title="bbox 142 761 1618 806; baseline 0.001 -13"><span class='ocrx_word' id='word_1_90' title='bbox 142 761 316 806; x_wconf 85' lang='lat' dir='ltr'><strong>praebuit,</strong></span> <span class='ocrx_word' id='word_1_91' title='bbox 349 761 621 804; x_wconf 86' lang='lat' dir='ltr'><strong>quemadmodum</strong></span> <span class='ocrx_word' id='word_1_92' title='bbox 656 764 691 794; x_wconf 87' lang='lat' dir='ltr'><strong>in</strong></span> <span class='ocrx_word' id='word_1_93' title='bbox 722 763 819 794; x_wconf 85' lang='lat' dir='ltr'><strong>rebus</strong></span> <span class='ocrx_word' id='word_1_94' title='bbox 849 775 917 794; x_wconf 89' lang='lat' dir='ltr'><strong>non</strong></span> <span class='ocrx_word' id='word_1_95' title='bbox 951 763 1048 794; x_wconf 87' lang='lat' dir='ltr'><strong>nimis</strong></span> <span class='ocrx_word' id='word_1_96' title='bbox 1078 762 1222 793; x_wconf 83' lang='lat' dir='ltr'><strong>obscuris</strong></span> <span class='ocrx_word' id='word_1_97' title='bbox 1240 786 1249 800; x_wconf 88' lang='lat'>‚</span> <span class='ocrx_word' id='word_1_98' title='bbox 1282 763 1438 793; x_wconf 84' lang='lat' dir='ltr'><strong>sententia</strong></span> <span class='ocrx_word' id='word_1_99' title='bbox 1475 764 1509 794; x_wconf 89' lang='lat' dir='ltr'><strong>in</strong></span> <span class='ocrx_word' id='word_1_100' title='bbox 1537 763 1618 794; x_wconf 87' lang='lat' dir='ltr'><strong>duas</strong></span> 
     </span>
     <span class='ocr_line' id='line_1_12' title="bbox 141 818 1616 862; baseline 0.001 -13"><span class='ocrx_word' id='word_1_101' title='bbox 141 825 246 861; x_wconf 81' lang='lat' dir='ltr'><strong>partes</strong></span> <span class='ocrx_word' id='word_1_102' title='bbox 271 818 361 849; x_wconf 90' lang='lat' dir='ltr'><strong>valde</strong></span> <span class='ocrx_word' id='word_1_103' title='bbox 389 818 529 850; x_wconf 90' lang='lat' dir='ltr'><strong>diversas</strong></span> <span class='ocrx_word' id='word_1_104' title='bbox 558 818 764 861; x_wconf 85' lang='lat' dir='ltr'><strong>probabiliter</strong></span> <span class='ocrx_word' id='word_1_105' title='bbox 800 819 927 851; x_wconf 84' lang='lat' dir='ltr'><strong>defendi</strong></span> <span class='ocrx_word' id='word_1_106' title='bbox 951 825 1080 862; x_wconf 90' lang='lat' dir='ltr'><strong>posset,</strong></span> <span class='ocrx_word' id='word_1_107' title='bbox 1117 818 1197 861; x_wconf 90' lang='lat' dir='ltr'><strong>quid</strong></span> <span class='ocrx_word' id='word_1_108' title='bbox 1231 818 1271 849; x_wconf 85' lang='lat' dir='ltr'><strong>ad</strong></span> <span class='ocrx_word' id='word_1_109' title='bbox 1304 829 1374 849; x_wconf 88' lang='lat' dir='ltr'><strong>eam</strong></span> <span class='ocrx_word' id='word_1_110' title='bbox 1407 829 1448 849; x_wconf 87' lang='lat' dir='ltr'><strong>ex</strong></span> <span class='ocrx_word' id='word_1_111' title='bbox 1478 825 1616 862; x_wconf 86' lang='lat' dir='ltr'><strong>utraque</strong></span> 
     </span>
     <span class='ocr_line' id='line_1_13' title="bbox 141 873 1613 917; baseline 0.001 -12"><span class='ocrx_word' id='word_1_112' title='bbox 141 880 230 917; x_wconf 82' lang='lat' dir='ltr'><strong>parte</strong></span> <span class='ocrx_word' id='word_1_113' title='bbox 262 875 380 906; x_wconf 90' lang='lat' dir='ltr'><strong>summi</strong></span> <span class='ocrx_word' id='word_1_114' title='bbox 407 876 564 906; x_wconf 86' lang='lat' dir='ltr'><strong>momenti</strong></span> <span class='ocrx_word' id='word_1_115' title='bbox 589 875 787 913; x_wconf 83' lang='lat' dir='ltr'><strong>attulerunt,</strong></span> <span class='ocrx_word' id='word_1_116' title='bbox 818 877 881 907; x_wconf 88' lang='lat' dir='ltr'><strong>nisi</strong></span> <span class='ocrx_word' id='word_1_117' title='bbox 905 883 941 907; x_wconf 85' lang='lat' dir='ltr'><strong>ut</strong></span> <span class='ocrx_word' id='word_1_118' title='bbox 968 874 1169 907; x_wconf 82' lang='lat' dir='ltr'><strong>commodius</strong></span> <span class='ocrx_word' id='word_1_119' title='bbox 1195 874 1237 906; x_wconf 84' lang='lat' dir='ltr'><strong>ita</strong></span> <span class='ocrx_word' id='word_1_120' title='bbox 1266 875 1376 905; x_wconf 85' lang='lat' dir='ltr'><strong>omnia</strong></span> <span class='ocrx_word' id='word_1_121' title='bbox 1403 873 1554 917; x_wconf 82' lang='lat' dir='ltr'><strong>explicari</strong></span> <span class='ocrx_word' id='word_1_122' title='bbox 1580 879 1613 906; x_wconf 85' lang='lat' dir='ltr'><strong>et.</strong></span> 
     </span>
     <span class='ocr_line' id='line_1_14' title="bbox 141 930 971 975; baseline 0.001 -13"><span class='ocrx_word' id='word_1_123' title='bbox 141 941 218 962; x_wconf 90' lang='lat' dir='ltr'><strong>cum</strong></span> <span class='ocrx_word' id='word_1_124' title='bbox 247 932 377 962; x_wconf 86' lang='lat' dir='ltr'><strong>caeteris</strong></span> <span class='ocrx_word' id='word_1_125' title='bbox 401 930 552 971; x_wconf 84' lang='lat' dir='ltr'><strong>cohaere,</strong></span> <span class='ocrx_word' id='word_1_126' title='bbox 575 932 713 975; x_wconf 90' lang='lat' dir='ltr'><strong>quisque</strong></span> <span class='ocrx_word' id='word_1_127' title='bbox 739 932 971 964; x_wconf 80' lang='lat' dir='ltr'><strong>contenderet?</strong></span> 
     </span>
    </p>

    <p class='ocr_par' dir='ltr' id='par_1_4' title="bbox 136 987 1614 1707">
     <span class='ocr_line' id='line_1_15' title="bbox 185 987 1613 1032; baseline 0.002 -14"><span class='ocrx_word' id='word_1_128' title='bbox 185 989 240 1018; x_wconf 91' lang='lat' dir='ltr'><strong>Est</strong></span> <span class='ocrx_word' id='word_1_129' title='bbox 274 988 380 1030; x_wconf 88' lang='lat' dir='ltr'><strong>itaque</strong></span> <span class='ocrx_word' id='word_1_130' title='bbox 407 987 596 1030; x_wconf 84' lang='lat' dir='ltr'><strong>disciplina,</strong></span> <span class='ocrx_word' id='word_1_131' title='bbox 626 987 760 1020; x_wconf 72' lang='lat' dir='ltr'><strong>idoneas</strong></span> <span class='ocrx_word' id='word_1_132' title='bbox 778 989 957 1032; x_wconf 65' lang='lat' dir='ltr'><strong>quaerendi</strong></span> <span class='ocrx_word' id='word_1_133' title='bbox 979 1000 1091 1020; x_wconf 79' lang='lat' dir='ltr'><strong>causas</strong></span> <span class='ocrx_word' id='word_1_134' title='bbox 1114 987 1162 1019; x_wconf 82' lang='lat' dir='ltr'><strong>ad</strong></span> <span class='ocrx_word' id='word_1_135' title='bbox 1183 998 1250 1019; x_wconf 85' lang='lat' dir='ltr'><strong>rem</strong></span> <span class='ocrx_word' id='word_1_136' title='bbox 1275 987 1524 1030; x_wconf 69' lang='lat' dir='ltr'><strong>explicandam,</strong></span> <span class='ocrx_word' id='word_1_137' title='bbox 1544 1000 1613 1021; x_wconf 87' lang='lat' dir='ltr'><strong>non</strong></span> 
     </span>
     <span class='ocr_line' id='line_1_16' title="bbox 141 1043 1613 1089; baseline 0.001 -15"><span class='ocrx_word' id='word_1_138' title='bbox 141 1043 197 1075; x_wconf 80' lang='lat' dir='ltr'><strong>illa</strong></span> <span class='ocrx_word' id='word_1_139' title='bbox 230 1044 359 1086; x_wconf 87' lang='lat' dir='ltr'><strong>quidem</strong></span> <span class='ocrx_word' id='word_1_140' title='bbox 390 1045 605 1087; x_wconf 85' lang='lat' dir='ltr'><strong>aspernanda,</strong></span> <span class='ocrx_word' id='word_1_141' title='bbox 639 1046 694 1076; x_wconf 91' lang='lat' dir='ltr'><strong>sed</strong></span> <span class='ocrx_word' id='word_1_142' title='bbox 725 1047 832 1089; x_wconf 87' lang='lat' dir='ltr'><strong>potius</strong></span> <span class='ocrx_word' id='word_1_143' title='bbox 862 1045 1119 1088; x_wconf 85' lang='lat' dir='ltr'><strong>interpretanda,</strong></span> <span class='ocrx_word' id='word_1_144' title='bbox 1151 1046 1272 1087; x_wconf 85' lang='lat' dir='ltr'><strong>quippe</strong></span> <span class='ocrx_word' id='word_1_145' title='bbox 1305 1055 1387 1087; x_wconf 88' lang='lat' dir='ltr'><strong>quae</strong></span> <span class='ocrx_word' id='word_1_146' title='bbox 1421 1043 1613 1075; x_wconf 86' lang='lat' dir='ltr'><strong>fundamen-</strong></span> 
     </span>
     <span class='ocr_line' id='line_1_17' title="bbox 143 1101 1614 1144; baseline 0.001 -13"><span class='ocrx_word' id='word_1_147' title='bbox 143 1106 214 1131; x_wconf 82' lang='lat' dir='ltr'><strong>tum</strong></span> <span class='ocrx_word' id='word_1_148' title='bbox 253 1101 424 1131; x_wconf 83' lang='lat' dir='ltr'><strong>constituat</strong></span> <span class='ocrx_word' id='word_1_149' title='bbox 461 1111 561 1143; x_wconf 87' lang='lat' dir='ltr'><strong>paene</strong></span> <span class='ocrx_word' id='word_1_150' title='bbox 601 1103 698 1133; x_wconf 82' lang='lat' dir='ltr'><strong>totius</strong></span> <span class='ocrx_word' id='word_1_151' title='bbox 734 1102 986 1144; x_wconf 84' lang='lat' dir='ltr'><strong>investigationis</strong></span> <span class='ocrx_word' id='word_1_152' title='bbox 1021 1111 1198 1132; x_wconf 88' lang='lat' dir='ltr'><strong>causarum.</strong></span> <span class='ocrx_word' id='word_1_153' title='bbox 1263 1101 1306 1130; x_wconf 88' lang='lat' dir='ltr'><strong>Ut</strong></span> <span class='ocrx_word' id='word_1_154' title='bbox 1339 1101 1497 1131; x_wconf 87' lang='lat' dir='ltr'><strong>Cartesius</strong></span> <span class='ocrx_word' id='word_1_155' title='bbox 1531 1101 1614 1132; x_wconf 82' lang='lat' dir='ltr'><strong>mihi</strong></span> 
     </span>
     <span class='ocr_line' id='line_1_18' title="bbox 141 1155 1614 1201; baseline 0 -13"><span class='ocrx_word' id='word_1_156' title='bbox 141 1155 288 1189; x_wconf 74' lang='lat' dir='ltr'><strong>videatur</strong></span> <span class='ocrx_word' id='word_1_157' title='bbox 316 1167 350 1188; x_wconf 88' lang='lat' dir='ltr'><strong>re</strong></span> <span class='ocrx_word' id='word_1_158' title='bbox 373 1157 474 1199; x_wconf 84' lang='lat' dir='ltr'><strong>magis</strong></span> <span class='ocrx_word' id='word_1_159' title='bbox 498 1167 595 1199; x_wconf 90' lang='lat' dir='ltr'><strong>quam</strong></span> <span class='ocrx_word' id='word_1_160' title='bbox 625 1159 799 1201; x_wconf 84' lang='lat' dir='ltr'><strong>praeceptis</strong></span> <span class='ocrx_word' id='word_1_161' title='bbox 823 1161 994 1196; x_wconf 83' lang='lat' dir='ltr'><strong>erravisse,</strong></span> <span class='ocrx_word' id='word_1_162' title='bbox 1025 1157 1181 1188; x_wconf 89' lang='lat' dir='ltr'><strong>sententia</strong></span> <span class='ocrx_word' id='word_1_163' title='bbox 1213 1162 1320 1187; x_wconf 88' lang='lat' dir='ltr'><strong>autem</strong></span> <span class='ocrx_word' id='word_1_164' title='bbox 1351 1156 1421 1198; x_wconf 84' lang='lat' dir='ltr'><strong>ejus</strong></span> <span class='ocrx_word' id='word_1_165' title='bbox 1453 1157 1488 1186; x_wconf 87' lang='lat' dir='ltr'><strong>in</strong></span> <span class='ocrx_word' id='word_1_166' title='bbox 1524 1156 1614 1188; x_wconf 86' lang='lat' dir='ltr'><strong>illam</strong></span> 
     </span>
     <span class='ocr_line' id='line_1_19' title="bbox 143 1213 1612 1254; baseline 0.001 -11"><span class='ocrx_word' id='word_1_167' title='bbox 143 1223 303 1244; x_wconf 90' lang='lat' dir='ltr'><strong>summam</strong></span> <span class='ocrx_word' id='word_1_168' title='bbox 330 1213 485 1243; x_wconf 83' lang='lat' dir='ltr'><strong>invidiam</strong></span> <span class='ocrx_word' id='word_1_169' title='bbox 517 1213 652 1244; x_wconf 85' lang='lat' dir='ltr'><strong>adducta</strong></span> <span class='ocrx_word' id='word_1_170' title='bbox 679 1224 746 1244; x_wconf 87' lang='lat' dir='ltr'><strong>non</strong></span> <span class='ocrx_word' id='word_1_171' title='bbox 782 1213 900 1251; x_wconf 80' lang='lat' dir='ltr'><strong>fuisse,</strong></span> <span class='ocrx_word' id='word_1_172' title='bbox 931 1215 994 1244; x_wconf 85' lang='lat' dir='ltr'><strong>nisi</strong></span> <span class='ocrx_word' id='word_1_173' title='bbox 1028 1213 1068 1244; x_wconf 90' lang='lat' dir='ltr'><strong>ad</strong></span> <span class='ocrx_word' id='word_1_174' title='bbox 1101 1213 1202 1249; x_wconf 90' lang='lat' dir='ltr'><strong>hanc,</strong></span> <span class='ocrx_word' id='word_1_175' title='bbox 1234 1219 1271 1243; x_wconf 84' lang='lat' dir='ltr'><strong>ut</strong></span> <span class='ocrx_word' id='word_1_176' title='bbox 1302 1213 1508 1254; x_wconf 88' lang='lat' dir='ltr'><strong>conjunctam</strong></span> <span class='ocrx_word' id='word_1_177' title='bbox 1535 1224 1612 1244; x_wconf 90' lang='lat' dir='ltr'><strong>cum</strong></span> 
     </span>
     <span class='ocr_line' id='line_1_20' title="bbox 140 1268 1612 1312; baseline 0.002 -13"><span class='ocrx_word' id='word_1_178' title='bbox 140 1268 211 1300; x_wconf 83' lang='lat' dir='ltr'><strong>aliis</strong></span> <span class='ocrx_word' id='word_1_179' title='bbox 232 1270 299 1300; x_wconf 89' lang='lat' dir='ltr'><strong>suis</strong></span> <span class='ocrx_word' id='word_1_180' title='bbox 319 1268 548 1312; x_wconf 83' lang='lat' dir='ltr'><strong>opinionibus,</strong></span> <span class='ocrx_word' id='word_1_181' title='bbox 581 1269 632 1300; x_wconf 87' lang='lat' dir='ltr'><strong>illa</strong></span> <span class='ocrx_word' id='word_1_182' title='bbox 656 1281 770 1312; x_wconf 90' lang='lat' dir='ltr'><strong>parum</strong></span> <span class='ocrx_word' id='word_1_183' title='bbox 796 1277 887 1300; x_wconf 89' lang='lat' dir='ltr'><strong>caute</strong></span> <span class='ocrx_word' id='word_1_184' title='bbox 921 1269 1112 1308; x_wconf 85' lang='lat' dir='ltr'><strong>addidisset,</strong></span> <span class='ocrx_word' id='word_1_185' title='bbox 1143 1270 1270 1300; x_wconf 71' lang='lat' dir='ltr'><strong>etiamsi</strong></span> <span class='ocrx_word' id='word_1_186' title='bbox 1292 1279 1376 1311; x_wconf 83' lang='lat' dir='ltr'><strong>quae</strong></span> <span class='ocrx_word' id='word_1_187' title='bbox 1397 1268 1509 1306; x_wconf 63' lang='lat' dir='ltr'><strong>falsae</strong></span> <span class='ocrx_word' id='word_1_188' title='bbox 1538 1272 1612 1303; x_wconf 77' lang='lat' dir='ltr'><strong>sinc.</strong></span> 
     </span>
     <span class='ocr_line' id='line_1_21' title="bbox 139 1322 1610 1369; baseline 0 -12"><span class='ocrx_word' id='word_1_189' title='bbox 139 1326 213 1357; x_wconf 82' lang='lat' dir='ltr'><strong>Non</strong></span> <span class='ocrx_word' id='word_1_190' title='bbox 245 1326 332 1356; x_wconf 88' lang='lat' dir='ltr'><strong>enim</strong></span> <span class='ocrx_word' id='word_1_191' title='bbox 362 1326 571 1368; x_wconf 84' lang='lat' dir='ltr'><strong>intelligimus</strong></span> <span class='ocrx_word' id='word_1_192' title='bbox 597 1322 873 1369; x_wconf 84' lang='lat' dir='ltr'><strong>&#39;quemadmodum</strong></span> <span class='ocrx_word' id='word_1_193' title='bbox 902 1337 984 1368; x_wconf 88' lang='lat' dir='ltr'><strong>quae</strong></span> <span class='ocrx_word' id='word_1_194' title='bbox 1011 1326 1087 1356; x_wconf 86' lang='lat' dir='ltr'><strong>falsa</strong></span> <span class='ocrx_word' id='word_1_195' title='bbox 1116 1332 1197 1357; x_wconf 86' lang='lat' dir='ltr'><strong>esset</strong></span> <span class='ocrx_word' id='word_1_196' title='bbox 1221 1335 1334 1362; x_wconf 84' lang='lat' dir='ltr'><strong>causa,</strong></span> <span class='ocrx_word' id='word_1_197' title='bbox 1369 1324 1479 1359; x_wconf 87' lang='lat' dir='ltr'><strong>eadem</strong></span> <span class='ocrx_word' id='word_1_198' title='bbox 1503 1333 1610 1369; x_wconf 85' lang='lat' dir='ltr'><strong>posset</strong></span> 
     </span>
     <span class='ocr_line' id='line_1_22' title="bbox 140 1381 1612 1425; baseline -0.001 -13"><span class='ocrx_word' id='word_1_199' title='bbox 140 1381 182 1413; x_wconf 90' lang='lat' dir='ltr'><strong>ad</strong></span> <span class='ocrx_word' id='word_1_200' title='bbox 207 1381 306 1412; x_wconf 89' lang='lat' dir='ltr'><strong>ullam</strong></span> <span class='ocrx_word' id='word_1_201' title='bbox 327 1393 394 1414; x_wconf 90' lang='lat' dir='ltr'><strong>rem</strong></span> <span class='ocrx_word' id='word_1_202' title='bbox 420 1381 639 1425; x_wconf 87' lang='lat' dir='ltr'><strong>explicandam</strong></span> <span class='ocrx_word' id='word_1_203' title='bbox 661 1382 808 1414; x_wconf 87' lang='lat' dir='ltr'><strong>idoneam</strong></span> <span class='ocrx_word' id='word_1_204' title='bbox 833 1382 927 1425; x_wconf 83' lang='lat' dir='ltr'><strong>plane</strong></span> <span class='ocrx_word' id='word_1_205' title='bbox 949 1383 1091 1425; x_wconf 87' lang='lat' dir='ltr'><strong>reperiri.</strong></span> <span class='ocrx_word' id='word_1_206' title='bbox 1137 1381 1198 1412; x_wconf 90' lang='lat' dir='ltr'><strong>Sed</strong></span> <span class='ocrx_word' id='word_1_207' title='bbox 1224 1392 1336 1413; x_wconf 88' lang='lat' dir='ltr'><strong>vereor</strong></span> <span class='ocrx_word' id='word_1_208' title='bbox 1364 1392 1405 1412; x_wconf 88' lang='lat' dir='ltr'><strong>ue</strong></span> <span class='ocrx_word' id='word_1_209' title='bbox 1433 1381 1510 1413; x_wconf 87' lang='lat' dir='ltr'><strong>haec</strong></span> <span class='ocrx_word' id='word_1_210' title='bbox 1540 1393 1612 1414; x_wconf 85' lang='lat' dir='ltr'><strong>ver.</strong></span> 
     </span>
     <span class='ocr_line' id='line_1_23' title="bbox 140 1437 1611 1481; baseline 0.002 -12"><span class='ocrx_word' id='word_1_211' title='bbox 140 1437 190 1469; x_wconf 82' lang='lat' dir='ltr'><strong>bis</strong></span> <span class='ocrx_word' id='word_1_212' title='bbox 219 1439 319 1481; x_wconf 89' lang='lat' dir='ltr'><strong>magis</strong></span> <span class='ocrx_word' id='word_1_213' title='bbox 347 1449 445 1481; x_wconf 89' lang='lat' dir='ltr'><strong>quam</strong></span> <span class='ocrx_word' id='word_1_214' title='bbox 475 1450 509 1469; x_wconf 91' lang='lat' dir='ltr'><strong>re</strong></span> <span class='ocrx_word' id='word_1_215' title='bbox 540 1438 790 1481; x_wconf 85' lang='lat' dir='ltr'><strong>distinguantur.</strong></span> <span class='ocrx_word' id='word_1_216' title='bbox 843 1438 1030 1472; x_wconf 74' lang='lat' dir='ltr'><strong>verecunde</strong></span> <span class='ocrx_word' id='word_1_217' title='bbox 1055 1448 1229 1481; x_wconf 88' lang='lat' dir='ltr'><strong>quaeram,</strong></span> <span class='ocrx_word' id='word_1_218' title='bbox 1260 1437 1315 1470; x_wconf 91' lang='lat' dir='ltr'><strong>sed</strong></span> <span class='ocrx_word' id='word_1_219' title='bbox 1342 1447 1452 1469; x_wconf 88' lang='lat' dir='ltr'><strong>annon</strong></span> <span class='ocrx_word' id='word_1_220' title='bbox 1482 1439 1611 1472; x_wconf 87' lang='lat' dir='ltr'><strong>Newto-</strong></span> 
     </span>
     <span class='ocr_line' id='line_1_24' title="bbox 139 1494 1612 1538; baseline 0 -13"><span class='ocrx_word' id='word_1_221' title='bbox 139 1505 222 1531; x_wconf 83' lang='lat' dir='ltr'><strong>nus,</strong></span> <span class='ocrx_word' id='word_1_222' title='bbox 253 1505 328 1526; x_wconf 88' lang='lat' dir='ltr'><strong>cum</strong></span> <span class='ocrx_word' id='word_1_223' title='bbox 361 1495 404 1525; x_wconf 88' lang='lat' dir='ltr'><strong>ita</strong></span> <span class='ocrx_word' id='word_1_224' title='bbox 436 1494 612 1533; x_wconf 81' lang='lat' dir='ltr'><strong>statuebat,</strong></span> <span class='ocrx_word' id='word_1_225' title='bbox 647 1507 714 1527; x_wconf 88' lang='lat' dir='ltr'><strong>non</strong></span> <span class='ocrx_word' id='word_1_226' title='bbox 745 1506 855 1528; x_wconf 86' lang='lat' dir='ltr'><strong>causas</strong></span> <span class='ocrx_word' id='word_1_227' title='bbox 880 1497 986 1538; x_wconf 87' lang='lat' dir='ltr'><strong>putari</strong></span> <span class='ocrx_word' id='word_1_228' title='bbox 1017 1501 1164 1537; x_wconf 86' lang='lat' dir='ltr'><strong>oportere</strong></span> <span class='ocrx_word' id='word_1_229' title='bbox 1196 1494 1259 1524; x_wconf 87' lang='lat' dir='ltr'><strong>nisi</strong></span> <span class='ocrx_word' id='word_1_230' title='bbox 1289 1504 1371 1536; x_wconf 90' lang='lat' dir='ltr'><strong>quae</strong></span> <span class='ocrx_word' id='word_1_231' title='bbox 1393 1501 1425 1525; x_wconf 84' lang='lat' dir='ltr'><strong>et</strong></span> <span class='ocrx_word' id='word_1_232' title='bbox 1449 1506 1541 1526; x_wconf 84' lang='lat' dir='ltr'><strong>verae</strong></span> <span class='ocrx_word' id='word_1_233' title='bbox 1563 1507 1612 1527; x_wconf 82' lang='lat' dir='ltr'><strong>es.</strong></span> 
     </span>
     <span class='ocr_line' id='line_1_25' title="bbox 142 1550 1611 1593; baseline 0.001 -11"><span class='ocrx_word' id='word_1_234' title='bbox 142 1557 231 1590; x_wconf 88' lang='lat' dir='ltr'><strong>sent,</strong></span> <span class='ocrx_word' id='word_1_235' title='bbox 254 1557 286 1582; x_wconf 87' lang='lat' dir='ltr'><strong>et</strong></span> <span class='ocrx_word' id='word_1_236' title='bbox 310 1550 406 1581; x_wconf 90' lang='lat' dir='ltr'><strong>rebus</strong></span> <span class='ocrx_word' id='word_1_237' title='bbox 431 1551 627 1593; x_wconf 87' lang='lat' dir='ltr'><strong>explicandis</strong></span> <span class='ocrx_word' id='word_1_238' title='bbox 648 1551 852 1590; x_wconf 85' lang='lat' dir='ltr'><strong>sufficerent,</strong></span> <span class='ocrx_word' id='word_1_239' title='bbox 876 1552 956 1582; x_wconf 90' lang='lat' dir='ltr'><strong>duas</strong></span> <span class='ocrx_word' id='word_1_240' title='bbox 974 1551 1113 1581; x_wconf 85' lang='lat' dir='ltr'><strong>rationes</strong></span> <span class='ocrx_word' id='word_1_241' title='bbox 1139 1560 1199 1592; x_wconf 88' lang='lat' dir='ltr'><strong>pro</strong></span> <span class='ocrx_word' id='word_1_242' title='bbox 1222 1560 1287 1580; x_wconf 86' lang='lat' dir='ltr'><strong>una</strong></span> <span class='ocrx_word' id='word_1_243' title='bbox 1314 1551 1444 1592; x_wconf 80' lang='lat' dir='ltr'><strong>posuit?</strong></span> <span class='ocrx_word' id='word_1_244' title='bbox 1487 1551 1611 1584; x_wconf 87' lang='lat' dir='ltr'><strong>Scilicet</strong></span> 
     </span>
     <span class='ocr_line' id='line_1_26' title="bbox 138 1604 1608 1650; baseline 0 -11"><span class='ocrx_word' id='word_1_245' title='bbox 138 1606 180 1638; x_wconf 77' lang='lat' dir='ltr'><strong>de</strong></span> <span class='ocrx_word' id='word_1_246' title='bbox 211 1607 341 1639; x_wconf 82' lang='lat' dir='ltr'><strong>veritate</strong></span> <span class='ocrx_word' id='word_1_247' title='bbox 365 1617 532 1638; x_wconf 88' lang='lat' dir='ltr'><strong>causarum</strong></span> <span class='ocrx_word' id='word_1_248' title='bbox 555 1606 780 1650; x_wconf 86' lang='lat' dir='ltr'><strong>plerarumque</strong></span> <span class='ocrx_word' id='word_1_249' title='bbox 810 1606 937 1637; x_wconf 89' lang='lat' dir='ltr'><strong>nullum</strong></span> <span class='ocrx_word' id='word_1_250' title='bbox 966 1606 1054 1636; x_wconf 87' lang='lat' dir='ltr'><strong>aliud</strong></span> <span class='ocrx_word' id='word_1_251' title='bbox 1085 1604 1241 1647; x_wconf 87' lang='lat' dir='ltr'><strong>judicium</strong></span> <span class='ocrx_word' id='word_1_252' title='bbox 1274 1605 1344 1637; x_wconf 86' lang='lat' dir='ltr'><strong>fieri</strong></span> <span class='ocrx_word' id='word_1_253' title='bbox 1372 1606 1519 1646; x_wconf 87' lang='lat' dir='ltr'><strong>videtur,</strong></span> <span class='ocrx_word' id='word_1_254' title='bbox 1545 1608 1608 1639; x_wconf 87' lang='lat' dir='ltr'><strong>nisi</strong></span> 
     </span>
     <span class='ocr_line' id='line_1_27' title="bbox 136 1661 1549 1707; baseline 0 -13"><span class='ocrx_word' id='word_1_255' title='bbox 136 1663 225 1707; x_wconf 76' lang='lat' dir='ltr'><strong>quod</strong></span> <span class='ocrx_word' id='word_1_256' title='bbox 249 1674 315 1694; x_wconf 89' lang='lat' dir='ltr'><strong>una</strong></span> <span class='ocrx_word' id='word_1_257' title='bbox 337 1663 485 1694; x_wconf 89' lang='lat' dir='ltr'><strong>omnium</strong></span> <span class='ocrx_word' id='word_1_258' title='bbox 509 1663 672 1705; x_wconf 87' lang='lat' dir='ltr'><strong>aptissima</strong></span> <span class='ocrx_word' id='word_1_259' title='bbox 703 1663 743 1693; x_wconf 90' lang='lat' dir='ltr'><strong>ad</strong></span> <span class='ocrx_word' id='word_1_260' title='bbox 767 1673 836 1694; x_wconf 88' lang='lat' dir='ltr'><strong>rem</strong></span> <span class='ocrx_word' id='word_1_261' title='bbox 864 1669 895 1694; x_wconf 88' lang='lat' dir='ltr'><strong>et</strong></span> <span class='ocrx_word' id='word_1_262' title='bbox 915 1663 1053 1693; x_wconf 84' lang='lat' dir='ltr'><strong>maxime</strong></span> <span class='ocrx_word' id='word_1_263' title='bbox 1077 1661 1315 1692; x_wconf 88' lang='lat' dir='ltr'><strong>accommodata</strong></span> <span class='ocrx_word' id='word_1_264' title='bbox 1339 1663 1549 1697; x_wconf 82' lang='lat' dir='ltr'><strong>existimetur.</strong></span> 
     </span>
    </p>

    <p class='ocr_par' dir='ltr' id='par_1_5' title="bbox 136 1719 1610 1989">
     <span class='ocr_line' id='line_1_28' title="bbox 181 1719 1608 1762; baseline 0.001 -12"><span class='ocrx_word' id='word_1_265' title='bbox 181 1719 242 1750; x_wconf 88' lang='lat' dir='ltr'><strong>Sed</strong></span> <span class='ocrx_word' id='word_1_266' title='bbox 271 1719 306 1750; x_wconf 88' lang='lat' dir='ltr'><strong>in</strong></span> <span class='ocrx_word' id='word_1_267' title='bbox 338 1719 400 1749; x_wconf 88' lang='lat' dir='ltr'><strong>hoc</strong></span> <span class='ocrx_word' id='word_1_268' title='bbox 427 1720 498 1760; x_wconf 85' lang='lat' dir='ltr'><strong>ipso</strong></span> <span class='ocrx_word' id='word_1_269' title='bbox 527 1725 718 1762; x_wconf 85' lang='lat' dir='ltr'><strong>praecepto,</strong></span> <span class='ocrx_word' id='word_1_270' title='bbox 749 1719 896 1753; x_wconf 87' lang='lat' dir='ltr'><strong>idoneam</strong></span> <span class='ocrx_word' id='word_1_271' title='bbox 931 1729 998 1750; x_wconf 89' lang='lat' dir='ltr'><strong>esse</strong></span> <span class='ocrx_word' id='word_1_272' title='bbox 1028 1724 1176 1761; x_wconf 86' lang='lat' dir='ltr'><strong>oportere</strong></span> <span class='ocrx_word' id='word_1_273' title='bbox 1202 1719 1359 1749; x_wconf 89' lang='lat' dir='ltr'><strong>rationem</strong></span> <span class='ocrx_word' id='word_1_274' title='bbox 1382 1729 1494 1750; x_wconf 85' lang='lat' dir='ltr'><strong>causae</strong></span> <span class='ocrx_word' id='word_1_275' title='bbox 1526 1730 1608 1762; x_wconf 89' lang='lat' dir='ltr'><strong>quae</strong></span> 
     </span>
     <span class='ocr_line' id='line_1_29' title="bbox 136 1774 1606 1814; baseline 0 -7"><span class='ocrx_word' id='word_1_276' title='bbox 136 1774 301 1814; x_wconf 83' lang='lat' dir='ltr'><strong>reddatur,</strong></span> <span class='ocrx_word' id='word_1_277' title='bbox 323 1781 400 1806; x_wconf 87' lang='lat' dir='ltr'><strong>sunt</strong></span> <span class='ocrx_word' id='word_1_278' title='bbox 424 1774 510 1806; x_wconf 72' lang='lat' dir='ltr'><strong>solae</strong></span> <span class='ocrx_word' id='word_1_279' title='bbox 534 1775 632 1806; x_wconf 85' lang='lat' dir='ltr'><strong>totius</strong></span> <span class='ocrx_word' id='word_1_280' title='bbox 665 1776 711 1806; x_wconf 91' lang='lat' dir='ltr'><strong>rei</strong></span> <span class='ocrx_word' id='word_1_281' title='bbox 744 1775 799 1807; x_wconf 89' lang='lat' dir='ltr'><strong>sed</strong></span> <span class='ocrx_word' id='word_1_282' title='bbox 829 1786 884 1807; x_wconf 90' lang='lat' dir='ltr'><strong>eae</strong></span> <span class='ocrx_word' id='word_1_283' title='bbox 909 1775 1065 1806; x_wconf 83' lang='lat' dir='ltr'><strong>maximae</strong></span> <span class='ocrx_word' id='word_1_284' title='bbox 1099 1774 1302 1807; x_wconf 87' lang='lat' dir='ltr'><strong>difficultates</strong></span> <span class='ocrx_word' id='word_1_285' title='bbox 1328 1775 1479 1806; x_wconf 89' lang='lat' dir='ltr'><strong>inclusae.</strong></span> <span class='ocrx_word' id='word_1_286' title='bbox 1523 1777 1606 1807; x_wconf 80' lang='lat' dir='ltr'><strong>Nam</strong></span> 
     </span>
     <span class='ocr_line' id='line_1_30' title="bbox 137 1830 1606 1875; baseline -0.001 -12"><span class='ocrx_word' id='word_1_287' title='bbox 137 1833 280 1875; x_wconf 85' lang='lat' dir='ltr'><strong>primum</strong></span> <span class='ocrx_word' id='word_1_288' title='bbox 308 1842 399 1875; x_wconf 87' lang='lat' dir='ltr'><strong>saepe</strong></span> <span class='ocrx_word' id='word_1_289' title='bbox 421 1830 512 1863; x_wconf 84' lang='lat' dir='ltr'><strong>valde</strong></span> <span class='ocrx_word' id='word_1_290' title='bbox 539 1832 657 1862; x_wconf 80' lang='lat' dir='ltr'><strong>incerta</strong></span> <span class='ocrx_word' id='word_1_291' title='bbox 679 1839 754 1863; x_wconf 85' lang='lat' dir='ltr'><strong>sunt</strong></span> <span class='ocrx_word' id='word_1_292' title='bbox 780 1831 898 1873; x_wconf 70' lang='lat' dir='ltr'><strong>Judicia</strong></span> <span class='ocrx_word' id='word_1_293' title='bbox 924 1831 964 1862; x_wconf 90' lang='lat' dir='ltr'><strong>de</strong></span> <span class='ocrx_word' id='word_1_294' title='bbox 988 1831 1044 1870; x_wconf 88' lang='lat' dir='ltr'><strong>iis,</strong></span> <span class='ocrx_word' id='word_1_295' title='bbox 1067 1842 1084 1862; x_wconf 89' lang='lat' dir='ltr'><strong>a</strong></span> <span class='ocrx_word' id='word_1_296' title='bbox 1111 1832 1230 1875; x_wconf 87' lang='lat' dir='ltr'><strong>quibus</strong></span> <span class='ocrx_word' id='word_1_297' title='bbox 1260 1831 1382 1874; x_wconf 81' lang='lat' dir='ltr'><strong>aliquid</strong></span> <span class='ocrx_word' id='word_1_298' title='bbox 1407 1830 1491 1862; x_wconf 86' lang='lat' dir='ltr'><strong>effici</strong></span> <span class='ocrx_word' id='word_1_299' title='bbox 1511 1838 1606 1874; x_wconf 86' lang='lat' dir='ltr'><strong>puta-</strong></span> 
     </span>
     <span class='ocr_line' id='line_1_31' title="bbox 139 1887 1606 1932; baseline 0 -12"><span class='ocrx_word' id='word_1_300' title='bbox 139 1894 213 1927; x_wconf 76' lang='lat' dir='ltr'><strong>tur3</strong></span> <span class='ocrx_word' id='word_1_301' title='bbox 233 1887 348 1920; x_wconf 86' lang='lat' dir='ltr'><strong>deinde</strong></span> <span class='ocrx_word' id='word_1_302' title='bbox 377 1888 410 1919; x_wconf 89' lang='lat' dir='ltr'><strong>in</strong></span> <span class='ocrx_word' id='word_1_303' title='bbox 425 1888 492 1931; x_wconf 86' lang='lat' dir='ltr'><strong>ipsa</strong></span> <span class='ocrx_word' id='word_1_304' title='bbox 516 1898 551 1919; x_wconf 87' lang='lat' dir='ltr'><strong>re</strong></span> <span class='ocrx_word' id='word_1_305' title='bbox 575 1888 733 1931; x_wconf 89' lang='lat' dir='ltr'><strong>imprimis</strong></span> <span class='ocrx_word' id='word_1_306' title='bbox 756 1888 883 1918; x_wconf 89' lang='lat' dir='ltr'><strong>haerere</strong></span> <span class='ocrx_word' id='word_1_307' title='bbox 908 1887 1068 1927; x_wconf 77' lang='lat' dir='ltr'><strong>solemus,</strong></span> <span class='ocrx_word' id='word_1_308' title='bbox 1091 1888 1179 1932; x_wconf 89' lang='lat' dir='ltr'><strong>quod</strong></span> <span class='ocrx_word' id='word_1_309' title='bbox 1207 1898 1298 1926; x_wconf 86' lang='lat' dir='ltr'><strong>eam,</strong></span> <span class='ocrx_word' id='word_1_310' title='bbox 1322 1887 1426 1930; x_wconf 86' lang='lat' dir='ltr'><strong>qualis</strong></span> <span class='ocrx_word' id='word_1_311' title='bbox 1452 1888 1513 1927; x_wconf 90' lang='lat' dir='ltr'><strong>sit,</strong></span> <span class='ocrx_word' id='word_1_312' title='bbox 1537 1899 1606 1920; x_wconf 86' lang='lat' dir='ltr'><strong>non</strong></span> 
     </span>
     <span class='ocr_line' id='line_1_32' title="bbox 145 1943 1610 1989; baseline -0.003 -12"><span class='ocrx_word' id='word_1_313' title='bbox 145 1943 221 1977; x_wconf 73' lang='lat' dir='ltr'><strong>satis</strong></span> <span class='ocrx_word' id='word_1_314' title='bbox 232 1950 429 1988; x_wconf 86' lang='lat' dir='ltr'><strong>perspectam</strong></span> <span class='ocrx_word' id='word_1_315' title='bbox 449 1944 612 1978; x_wconf 82' lang='lat' dir='ltr'><strong>hahemus.</strong></span> <span class='ocrx_word' id='word_1_316' title='bbox 657 1946 702 1976; x_wconf 79' lang='lat' dir='ltr'><strong>Ex</strong></span> <span class='ocrx_word' id='word_1_317' title='bbox 721 1951 858 1988; x_wconf 83' lang='lat' dir='ltr'><strong>utroque</strong></span> <span class='ocrx_word' id='word_1_318' title='bbox 877 1945 983 1975; x_wconf 87' lang='lat' dir='ltr'><strong>omnis</strong></span> <span class='ocrx_word' id='word_1_319' title='bbox 1003 1954 1092 1977; x_wconf 85' lang='lat' dir='ltr'><strong>error</strong></span> <span class='ocrx_word' id='word_1_320' title='bbox 1108 1946 1143 1978; x_wconf 90' lang='lat' dir='ltr'><strong>in</strong></span> <span class='ocrx_word' id='word_1_321' title='bbox 1160 1945 1292 1989; x_wconf 83' lang='lat' dir='ltr'><strong>physica</strong></span> <span class='ocrx_word' id='word_1_322' title='bbox 1308 1944 1465 1984; x_wconf 86' lang='lat' dir='ltr'><strong>nascitur,</strong></span> <span class='ocrx_word' id='word_1_323' title='bbox 1486 1945 1610 1976; x_wconf 85' lang='lat' dir='ltr'><strong>omnis-</strong></span> 
     </span>
    </p>

    <p class='ocr_par' dir='ltr' id='par_1_6' title="bbox 924 2001 1604 2043">
     <span class='ocr_line' id='line_1_33' title="bbox 924 2001 1604 2043; baseline -0.003 -11"><span class='ocrx_word' id='word_1_324' title='bbox 924 2001 951 2032; x_wconf 89' lang='lat' dir='ltr'>C</span> <span class='ocrx_word' id='word_1_325' title='bbox 1541 2010 1604 2043; x_wconf 83' lang='lat' dir='ltr'><strong>que</strong></span> 
     </span>
    </p>
   </div>
  </div>
 </body>
</html>
