1913 2417
235 132 520 165 RESPONSIO
549 143 600 164 AD
631 133 1004 173 Qunnsrionmr
1034 135 1482 170 HYDROSTATICAM.
1580 127 1616 176 si

144 215 191 245 Ex
223 216 269 245 his
292 218 426 246 omnibus
462 218 573 246 tandtm
609 226 667 246 eam
699 217 807 245 derivat
834 208 1072 254 conclusionem,
1110 228 1193 255 quam
1228 220 1310 248 etiam
1334 228 1420 256 supra
1443 221 1610 250 memoravi-

112 275 195 302 mus,
225 268 356 304 scilicet,
385 269 613 305 experimentum
644 269 699 296 hoc
719 267 894 305 Boyleanum
921 270 1029 306 egregie
1057 278 1111 299 nos
1132 270 1253 307 docere,
1281 280 1384 307 aquam
1410 271 1439 300 in
1461 280 1534 308 aqua
1555 280 1614 302 non

97 319 248 356 gravitate.

138 371 184 398 Ad
210 371 277 399 haec
297 371 487 408 experimenta
508 379 523 399 a
550 370 733 406 Coppa-,alio
762 370 916 406 instituta,
946 373 1099 408 respondet
1129 373 1239 401 Aeneae
1260 372 1327 411 (r)
1362 382 1461 403 eorum
1491 374 1615 411 primum

103 422 216 457 quidem
242 422 326 457 plane
349 430 415 450 suae
438 422 594 450 sententiae
624 420 738 457 favere,
767 430 794 451 et
818 423 971 459 perspicue
992 423 1131 459 probare,
1159 433 1261 460 aquam
1297 425 1325 454 in
1353 434 1427 462 aqua
1451 425 1612 463 gravitate,

103 472 144 501 ita
173 479 225 508 ut,
247 473 272 501 si
296 473 350 501 hoc
378 472 434 509 ipsi
459 480 541 501 antea
567 472 755 508 occurrisset,
784 481 876 508 neque
903 473 965 509 ipse
988 473 1044 502 sibi
1075 476 1256 510 propositum
1282 476 1451 512 habuisset,
1473 485 1617 513 exponere

101 532 186 560 quarn
210 524 265 552 late
284 524 507 560 experimentum
539 523 641 560 Boylei
666 530 778 560 pateat,
802 525 940 553 bilancem
974 533 1054 554 suam
1088 527 1226 562 aiteram,
1257 527 1318 556 sive
1348 527 1498 564 criticam,
1528 529 1613 564 plane

102 575 234 603 omittere
264 575 416 611 potuisset.
469 596 488 611 ,,
508 574 678 610 Etenim,”
711 575 753 604 sic
785 576 992 611 ratiocinatur,
1032 597 1050 612 „
1071 576 1153 605 facile
1183 578 1277 607 doctis
1308 579 1442 615 patebit,
1473 580 1613 615 pondus,

102 627 184 662 quod
207 633 276 663 post
308 634 409 661 aquam
442 635 475 655 ex
499 625 597 662 lagena
627 626 797 663 expulsam,
825 627 876 656 filo
906 628 1022 664 adjungi
1053 629 1155 663 debet,
1184 635 1215 657 ut
1247 629 1280 658 de
1308 637 1387 658 novo
1413 631 1615 666 aequilibrium

102 677 317 712 cunstituatur,
346 684 456 706 tanturn
479 685 542 705 esse
568 684 718 713 oportere,
747 684 781 706 ut
805 678 998 714 aequipolleat
1020 680 1141 715 ponderi
1160 688 1273 715 aquae,
1306 689 1389 716 quam
1415 682 1511 718 lagena
1534 689 1615 712 antea

101 729 279 758 continebat.
319 726 403 756 Nihil
425 727 497 756 enim
520 727 683 763 aequilibrii
705 728 842 764 interest,
871 737 967 757 utrum
993 731 1107 766 pondus
1132 731 1302 766 requisitum
1325 732 1398 761 intra
1426 734 1550 770 lagenam
1576 734 1616 763 sit

102 779 303 814 reconditum,
332 788 367 808 an
391 787 459 808 vero
485 779 608 808 exterius
639 779 665 807 ei
693 780 882 815 appendatur.
931 780 962 809 si
995 781 1049 810 hoe
1079 781 1109 810 in
1131 790 1200 810 casu
1224 783 1320 812 vesica
1350 783 1559 820 perforaretur,
1588 791 1617 814 et

101 840 175 868 aqua
198 831 320 860 liberum
343 830 373 859 in
398 831 526 867 lagenam
552 830 701 859 introitum
725 830 858 866 haberet,
889 838 948 860 tum
974 832 1009 860 ad
1033 832 1233 868 aequilibrium
1264 834 1472 871 obtinendum,
1501 842 1616 864 contra·

102 882 243 919 pendium
269 881 299 910 in
320 882 404 910 altera
422 881 504 910 lance
519 882 638 918 duplum
663 881 862 917 requireretur.
904 881 958 910 Sed
978 883 1002 911 si
1026 883 1124 913 bilanx
1148 891 1227 913 antea
1252 893 1284 914 eo
1306 894 1398 922 usque
1419 887 1613 923 deprimatur,

101 934 191 962 donec
219 933 334 969 pondus
355 941 496 962 annexum
518 933 593 962 vasis
620 933 766 962 exterioris
789 932 909 961 fundum
942 941 1058 971 tangat,
1087 937 1202 971 pondus
1233 936 1288 965 hoc
1312 945 1392 974 agere
1416 939 1562 974 cessabit,
1585 946 1614 968 et

99 986 195 1022 lagena
219 993 332 1021 semper
361 984 532 1013 adscendere
561 985 688 1020 nitetur,
717 992 776 1019 quo
807 982 908 1020 filum,
942 986 1016 1014 unde
1044 987 1160 1022 pondus
1190 988 1348 1023 dependet,
1377 988 1513 1019 tenditur.
1550 989 1614 1026 Jam

96 1036 142 1072 si,
163 1036 209 1064 his
238 1036 277 1064 ita
307 1035 431 1071 positis,
457 1036 537 1064 filum
571 1036 645 1064 inter
674 1035 802 1071 lagenam
830 1041 857 1063 et
882 1036 1000 1071 pondus
1027 1037 1234 1074 dissecaretur,
1256 1039 1356 1075 lagena
1375 1039 1471 1068 statim
1495 1041 1614 1070 adscen-

95 1088 194 1122 deret,
216 1093 244 1115 et
265 1094 356 1122 aquae
379 1086 528 1116 innataret.
570 1085 625 1114 Sed
650 1085 766 1121 quando
791 1085 887 1129 vesica
911 1087 1092 1124 perforatur,
1122 1095 1149 1117 et
1169 1090 1269 1126 lagena
1293 1099 1367 1127 aqua
1391 1090 1548 1128 impletur,
1571 1092 1615 1122 fili

99 1138 195 1168 tensio
225 1138 403 1174 destruitur,
431 1137 515 1167 nisus
539 1138 652 1175 lagenae
675 1137 865 1166 adscendendi
893 1145 1006 1176 cessat,
1047 1140 1146 1177 lagena
1176 1141 1294 1177 pondus
1325 1142 1472 1172 sufficiens
1504 1144 1540 1172 ad
1565 1144 1613 1173 de-

98 1190 290 1219 scendendum
309 1188 338 1218 in
360 1197 391 1218 se
412 1189 561 1226 continet,
582 1197 641 1218 non
661 1189 787 1226 amplius
812 1196 875 1226 eget
894 1192 1023 1226 pondere
1041 1191 1142 1227 affixo,
1164 1198 1197 1221 ut
1218 1200 1309 1228 aquae
1330 1193 1464 1222 immersa
1487 1201 1611 1225 maneat.

95 1240 128 1269 Si
152 1240 251 1269 bilanx
272 1240 365 1269 adhuc
390 1240 584 1277 deprimatur,
611 1242 709 1278 lagena
732 1241 816 1270 etiam
849 1241 1016 1278 descendit,
1045 1249 1073 1271 et
1101 1242 1182 1272 filum
1211 1244 1272 1272 laxe
1301 1245 1432 1280 pendet:
1462 1253 1541 1274 nunc
1566 1246 1620 1275 ita-

93 1299 149 1328 que
168 1291 223 1320 hoc
245 1290 327 1320 filum
349 1290 472 1320 discindi
494 1297 592 1328 potest
612 1291 675 1321 sine
695 1291 858 1329 aequilibrii
880 1293 1096 1323 destructione:
1118 1294 1164 1324 vis
1182 1295 1256 1323 enim
1283 1296 1428 1331 quondam
1453 1305 1469 1325 a
1490 1298 1617 1334 pondere

93 1342 178 1371 affixo
200 1343 275 1372 edita
306 1351 383 1372 nunc
413 1349 560 1373 exercetur
584 1343 618 1372 ab
644 1352 739 1380 aqua,
772 1352 845 1380 quae
873 1345 1000 1382 lagenam
1030 1345 1139 1382 implet.
1180 1346 1261 1385 Quid
1285 1346 1392 1377 fortius
1420 1356 1475 1385 pro
1504 1349 1615 1387 Boyleo

90 1392 253 1430 pugnat?”

130 1444 221 1473 Porro
243 1445 444 1474 animadvertit
464 1445 592 1481 Aeneae,
619 1446 715 1475 eodem
738 1447 825 1475 modo
851 1447 973 1482 aliquem
1002 1447 1150 1476 defendere
1177 1456 1283 1484 posse,
1314 1450 1394 1485 quod
1418 1457 1512 1486 neque
1535 1459 1610 1487 aqua

92 1494 122 1524 in
146 1495 207 1523 a‘e're
235 1495 367 1532 gravitet.
420 1497 535 1525 Etenim
568 1497 666 1532 lagena
698 1505 801 1532 aquam
834 1498 1008 1533 continens,
1040 1499 1070 1526 in
1094 1499 1207 1527 bilance
1233 1499 1263 1527 in
1293 1499 1468 1535 aequilibrio
1503 1503 1616 1532 consti-

93 1551 202 1575 tuatur.
244 1545 310 1574 Hoc
331 1546 431 1582 sacto,
456 1554 528 1582 aqua
550 1545 729 1583 effundatur,
751 1555 779 1577 et
805 1549 919 1585 lagenae
944 1548 1065 1578 inferius
1092 1551 1208 1586 pondus
1234 1549 1379 1586 affigatur,
1404 1559 1542 1587 quantum
1566 1562 1610 1582 re—

94 1596 220 1633 quiritur
240 1597 276 1625 ad
298 1597 500 1632 aequilibrium
527 1597 750 1629 restituendum.
790 1598 878 1628 Nunc
903 1599 1000 1629 bilanx
1024 1601 1220 1637 deprimatur,
1248 1603 1338 1633 donec
1358 1605 1473 1640 pondus
1496 1604 1627 1634 affixum-

96 1655 241 1682 mensam,
264 1648 379 1676 aliudve
399 1648 580 1677 obstaculum
602 1656 710 1687 tangat.
747 1651 809 1688 Jam
833 1652 931 1688 lagena
959 1651 1061 1679 iterum
1087 1661 1160 1688 aqua
1189 1653 1307 1691 impleta
1327 1655 1526 1692 aequilibrium
1549 1664 1618 1694 non,

92 1699 230 1728 destruet.
271 1698 350 1735 Ergo
373 1707 424 1727 nec
446 1708 519 1735 aqua
539 1699 569 1728 in
591 1702 654 1729 aere
675 1702 814 1739 gravitat,
848 1710 900 1731 nec
924 1702 1019 1731 omnis
1045 1703 1098 1732 alia
1122 1707 1349 1742 qualiscumque
1375 1709 1509 1744 materia,
1538 1715 1611 1743 quae

96 1749 151 1779 hoc
176 1750 242 1779 loco
267 1757 357 1786 aquae
376 1750 490 1779 vicibus
518 1749 601 1787 fungi
623 1758 731 1788 potest.
772 1753 864 1790 Igitur
893 1761 981 1790 aeque
1005 1763 1036 1783 ac
1072 1755 1235 1792 antiquitus
1253 1767 1268 1787 a
1289 1759 1406 1788 Zenone
1430 1759 1523 1788 omnis
1546 1767 1607 1789 mo-

94 1806 162 1836 tus,
183 1801 224 1830 sic
248 1799 332 1830 hodie
355 1802 479 1838 gravitas
502 1809 663 1838 negaretur.

130 1850 220 1889 Quod
242 1858 336 1881 autem
357 1853 392 1881 ad
415 1853 534 1882 alterurn
559 1855 784 1891 experimentum
812 1864 827 1884 a
853 1856 1039 1894 Coppenalio
1068 1857 1237 1888 institutum
1263 1860 1384 1897 attinet,
1411 1861 1612 1891 animadvertit

1554 1912 1612 1941 Ae·

120 1966 174 1997 (ι)
195 1967 231 1990 ln:
247 1969 316 1992 Kone
336 1970 507 1999 aaumer'kiugen
527 1978 558 2001 op
578 1973 634 1996 een'
651 1975 784 1998 naamlozen
805 1974 882 2004 Brief,
902 1976 926 1999 in
943 1975 1030 2004 diario,
1050 1977 1141 2001 Vaderl.
1160 1977 1292 2003 Letteroeff.
1316 1980 1378 2002 ¹808.
1403 1984 1441 2001 no.
1455 1984 1476 2001 2.
1498 1985 1521 2007 p.
1535 1984 1576 2007 72.

885 2015 952 2048 G2
