<?xml version="1.0" encoding="UTF-8"?>
<!DOCTYPE html PUBLIC "-//W3C//DTD XHTML 1.0 Transitional//EN"
    "http://www.w3.org/TR/xhtml1/DTD/xhtml1-transitional.dtd">
<html xmlns="http://www.w3.org/1999/xhtml" xml:lang="en" lang="en">
 <head>
  <title>
</title>
<meta http-equiv="Content-Type" content="text/html;charset=utf-8" />
  <meta name='ocr-system' content='tesseract 3.04.00' />
  <meta name='ocr-capabilities' content='ocr_page ocr_carea ocr_par ocr_line ocrx_word'/>
</head>
<body>
  <div class='ocr_page' id='page_1' title='image "annalesacademiae19rijk_0728.png"; bbox 0 0 1913 2417; ppageno 0'>
   <div class='ocr_carea' id='block_1_1' title="bbox 210 183 1528 228">
    <p class='ocr_par' dir='ltr' id='par_1_1' title="bbox 210 183 1528 228">
     <span class='ocr_line' id='line_1_1' title="bbox 210 183 1528 228; baseline -0.005 -7"><span class='ocrx_word' id='word_1_1' title='bbox 210 199 253 228; x_wconf 62' lang='lat'>14.</span> <span class='ocrx_word' id='word_1_2' title='bbox 424 186 801 219; x_wconf 79' lang='lat' dir='ltr'>.G.,GROEN</span> <span class='ocrx_word' id='word_1_3' title='bbox 857 191 963 216; x_wconf 75' lang='grc' dir='ltr'>ν’ΛῐΝ</span> <span class='ocrx_word' id='word_1_4' title='bbox 1022 183 1528 217; x_wconf 74' lang='lat' dir='ltr'>RRINSTERERI.</span> 
     </span>
    </p>
   </div>
   <div class='ocr_carea' id='block_1_2' title="bbox 205 267 1727 1838">
    <p class='ocr_par' dir='ltr' id='par_1_2' title="bbox 207 267 1725 457">
     <span class='ocr_line' id='line_1_2' title="bbox 208 267 1725 306; baseline -0.002 -6"><span class='ocrx_word' id='word_1_5' title='bbox 208 272 434 302; x_wconf 76' lang='lat' dir='ltr'>Atheniensibus</span> <span class='ocrx_word' id='word_1_6' title='bbox 452 277 524 300; x_wconf 66' lang='lat' dir='ltr'>,ante</span> <span class='ocrx_word' id='word_1_7' title='bbox 546 271 651 298; x_wconf 89' lang='lat' dir='ltr'>bellum</span> <span class='ocrx_word' id='word_1_8' title='bbox 675 269 948 304; x_wconf 65' lang='lat' dir='ltr'>Peloponnesiacum</span> <span class='ocrx_word' id='word_1_9' title='bbox 984 276 1140 304; x_wconf 83' lang='lat' dir='ltr'>numquam</span> <span class='ocrx_word' id='word_1_10' title='bbox 1167 276 1250 304; x_wconf 89' lang='lat' dir='ltr'>opem</span> <span class='ocrx_word' id='word_1_11' title='bbox 1274 269 1402 297; x_wconf 89' lang='lat' dir='ltr'>tulerunt</span> <span class='ocrx_word' id='word_1_12' title='bbox 1424 268 1438 305; x_wconf 89' lang='lat'>(</span> <span class='ocrx_word' id='word_1_13' title='bbox 1458 267 1508 304; x_wconf 83' lang='lat'>1).</span> <span class='ocrx_word' id='word_1_14' title='bbox 1551 267 1649 306; x_wconf 88' lang='lat' dir='ltr'>Quum</span> <span class='ocrx_word' id='word_1_15' title='bbox 1669 271 1725 298; x_wconf 58' lang='lat' dir='ltr'>&#39;auh‘</span> 
     </span>
     <span class='ocr_line' id='line_1_3' title="bbox 209 319 1717 357; baseline -0.003 -6"><span class='ocrx_word' id='word_1_16' title='bbox 209 332 262 351; x_wconf 60' lang='lat' dir='ltr'>tem</span> <span class='ocrx_word' id='word_1_17' title='bbox 288 324 320 351; x_wconf 79' lang='lat' dir='ltr'>de</span> <span class='ocrx_word' id='word_1_18' title='bbox 345 322 525 356; x_wconf 70' lang='lat' dir='ltr'>rationibus,</span> <span class='ocrx_word' id='word_1_19' title='bbox 549 329 620 357; x_wconf 87' lang='lat' dir='ltr'>quae</span> <span class='ocrx_word' id='word_1_20' title='bbox 644 319 871 348; x_wconf 76' lang='lat' dir='ltr'>Atheniensibus</span> <span class='ocrx_word' id='word_1_21' title='bbox 899 328 963 347; x_wconf 88' lang='lat' dir='ltr'>cum</span> <span class='ocrx_word' id='word_1_22' title='bbox 989 319 1114 348; x_wconf 90' lang='lat' dir='ltr'>coloniis</span> <span class='ocrx_word' id='word_1_23' title='bbox 1140 319 1383 354; x_wconf 84' lang='lat' dir='ltr'>intercesserunt,</span> <span class='ocrx_word' id='word_1_24' title='bbox 1414 319 1543 347; x_wconf 78' lang='lat' dir='ltr'>historici</span> <span class='ocrx_word' id='word_1_25' title='bbox 1574 319 1717 354; x_wconf 86' lang='lat' dir='ltr'>paucissi-</span> 
     </span>
     <span class='ocr_line' id='line_1_4' title="bbox 208 370 1718 407; baseline -0.003 -5"><span class='ocrx_word' id='word_1_26' title='bbox 208 384 250 402; x_wconf 84' lang='lat' dir='ltr'>ma</span> <span class='ocrx_word' id='word_1_27' title='bbox 277 374 461 407; x_wconf 76' lang='lat' dir='ltr'>tradiderint,</span> <span class='ocrx_word' id='word_1_28' title='bbox 483 374 517 401; x_wconf 81' lang='lat' dir='ltr'>de</span> <span class='ocrx_word' id='word_1_29' title='bbox 543 371 690 401; x_wconf 85' lang='lat' dir='ltr'>communi</span> <span class='ocrx_word' id='word_1_30' title='bbox 715 371 886 399; x_wconf 88' lang='lat' dir='ltr'>Graecarum</span> <span class='ocrx_word' id='word_1_31' title='bbox 913 370 1092 399; x_wconf 85' lang='lat' dir='ltr'>coloniarum</span> <span class='ocrx_word' id='word_1_32' title='bbox 1123 371 1189 406; x_wconf 90' lang='lat' dir='ltr'>jure</span> <span class='ocrx_word' id='word_1_33' title='bbox 1211 370 1377 405; x_wconf 85' lang='lat' dir='ltr'>videamus,</span> <span class='ocrx_word' id='word_1_34' title='bbox 1406 370 1490 406; x_wconf 85' lang='lat' dir='ltr'>cujus</span> <span class='ocrx_word' id='word_1_35' title='bbox 1514 370 1650 406; x_wconf 82' lang='lat' dir='ltr'>pleraque</span> <span class='ocrx_word' id='word_1_36' title='bbox 1674 370 1718 399; x_wconf 93' lang='lat' dir='ltr'>in-</span> 
     </span>
     <span class='ocr_line' id='line_1_5' title="bbox 207 421 1720 457; baseline -0.005 -4"><span class='ocrx_word' id='word_1_37' title='bbox 207 426 308 454; x_wconf 79' lang='lat' dir='ltr'>stituta</span> <span class='ocrx_word' id='word_1_38' title='bbox 332 426 366 453; x_wconf 86' lang='lat' dir='ltr'>ad</span> <span class='ocrx_word' id='word_1_39' title='bbox 389 424 607 453; x_wconf 76' lang='lat' dir='ltr'>Atheniensium</span> <span class='ocrx_word' id='word_1_40' title='bbox 633 422 764 452; x_wconf 79' lang='lat' dir='ltr'>colonias</span> <span class='ocrx_word' id='word_1_41' title='bbox 789 421 935 450; x_wconf 77' lang='lat' dir='ltr'>transferri</span> <span class='ocrx_word' id='word_1_42' title='bbox 963 427 1111 457; x_wconf 89' lang='lat' dir='ltr'>poterunt.</span> <span class='ocrx_word' id='word_1_43' title='bbox 1718 428 1720 431; x_wconf 92' lang='lat'>·</span> 
     </span>
    </p>

    <p class='ocr_par' dir='ltr' id='par_1_3' title="bbox 205 471 1727 1787">
     <span class='ocr_line' id='line_1_6' title="bbox 244 471 1721 510; baseline -0.003 -6"><span class='ocrx_word' id='word_1_44' title='bbox 244 476 349 504; x_wconf 68' lang='lat' dir='ltr'>Graeci</span> <span class='ocrx_word' id='word_1_45' title='bbox 380 475 556 503; x_wconf 81' lang='lat' dir='ltr'>coloniarum</span> <span class='ocrx_word' id='word_1_46' title='bbox 586 474 648 510; x_wconf 83' lang='lat' dir='ltr'>jura</span> <span class='ocrx_word' id='word_1_47' title='bbox 681 480 708 501; x_wconf 90' lang='lat' dir='ltr'>et</span> <span class='ocrx_word' id='word_1_48' title='bbox 732 473 822 501; x_wconf 82' lang='lat' dir='ltr'>officia</span> <span class='ocrx_word' id='word_1_49' title='bbox 851 472 1014 501; x_wconf 87' lang='lat' dir='ltr'>communis</span> <span class='ocrx_word' id='word_1_50' title='bbox 1044 472 1165 508; x_wconf 87' lang='lat' dir='ltr'>originis</span> <span class='ocrx_word' id='word_1_51' title='bbox 1198 471 1409 509; x_wconf 70' lang='grc' dir='ltr'>(ξυγγενείκς)</span> <span class='ocrx_word' id='word_1_52' title='bbox 1438 471 1583 500; x_wconf 86' lang='lat' dir='ltr'>vocabulo</span> <span class='ocrx_word' id='word_1_53' title='bbox 1612 471 1721 500; x_wconf 86' lang='lat' dir='ltr'>indica·</span> 
     </span>
     <span class='ocr_line' id='line_1_7' title="bbox 206 523 1720 561; baseline -0.002 -7"><span class='ocrx_word' id='word_1_54' title='bbox 206 527 293 561; x_wconf 81' lang='lat' dir='ltr'>hant,</span> <span class='ocrx_word' id='word_1_55' title='bbox 322 533 349 554; x_wconf 90' lang='lat' dir='ltr'>et</span> <span class='ocrx_word' id='word_1_56' title='bbox 374 525 581 561; x_wconf 73' lang='lat' dir='ltr'>postulabant,</span> <span class='ocrx_word' id='word_1_57' title='bbox 612 531 643 552; x_wconf 86' lang='lat' dir='ltr'>ut</span> <span class='ocrx_word' id='word_1_58' title='bbox 668 523 840 559; x_wconf 85' lang='lat' dir='ltr'>metropolin</span> <span class='ocrx_word' id='word_1_59' title='bbox 871 526 956 560; x_wconf 64' lang='lat' dir='ltr'>{snam</span> <span class='ocrx_word' id='word_1_60' title='bbox 987 532 1018 551; x_wconf 86' lang='lat' dir='ltr'>ea</span> <span class='ocrx_word' id='word_1_61' title='bbox 1046 524 1152 559; x_wconf 86' lang='lat' dir='ltr'>pietate</span> <span class='ocrx_word' id='word_1_62' title='bbox 1181 529 1446 558; x_wconf 85' lang='lat' dir='ltr'>prosequerentur,</span> <span class='ocrx_word' id='word_1_63' title='bbox 1475 530 1550 557; x_wconf 87' lang='lat' dir='ltr'>quae</span> <span class='ocrx_word' id='word_1_64' title='bbox 1577 528 1622 551; x_wconf 88' lang='lat' dir='ltr'>est</span> <span class='ocrx_word' id='word_1_65' title='bbox 1651 523 1720 551; x_wconf 86' lang='lat' dir='ltr'>libe-</span> 
     </span>
     <span class='ocr_line' id='line_1_8' title="bbox 206 573 1714 612; baseline -0.003 -6"><span class='ocrx_word' id='word_1_66' title='bbox 206 586 302 606; x_wconf 88' lang='lat' dir='ltr'>rorum</span> <span class='ocrx_word' id='word_1_67' title='bbox 327 577 355 605; x_wconf 89' lang='lat' dir='ltr'>in</span> <span class='ocrx_word' id='word_1_68' title='bbox 383 582 528 612; x_wconf 82' lang='lat' dir='ltr'>parentes;</span> <span class='ocrx_word' id='word_1_69' title='bbox 561 575 628 603; x_wconf 90' lang='lat' dir='ltr'>haec</span> <span class='ocrx_word' id='word_1_70' title='bbox 657 582 757 604; x_wconf 90' lang='lat' dir='ltr'>contra</span> <span class='ocrx_word' id='word_1_71' title='bbox 779 575 808 603; x_wconf 90' lang='lat' dir='ltr'>in</span> <span class='ocrx_word' id='word_1_72' title='bbox 834 575 911 610; x_wconf 86' lang='lat' dir='ltr'>ipsas</span> <span class='ocrx_word' id='word_1_73' title='bbox 941 581 1054 609; x_wconf 87' lang='lat' dir='ltr'>paterna</span> <span class='ocrx_word' id='word_1_74' title='bbox 1084 574 1217 608; x_wconf 80' lang='lat' dir='ltr'>lenitate,</span> <span class='ocrx_word' id='word_1_75' title='bbox 1248 582 1333 609; x_wconf 83' lang='lat' dir='ltr'>cura,</span> <span class='ocrx_word' id='word_1_76' title='bbox 1356 573 1552 602; x_wconf 85' lang='lat' dir='ltr'>benevolentia</span> <span class='ocrx_word' id='word_1_77' title='bbox 1576 579 1714 602; x_wconf 86' lang='lat' dir='ltr'>uteretur.</span> 
     </span>
     <span class='ocr_line' id='line_1_9' title="bbox 205 624 1715 664; baseline -0.005 -6"><span class='ocrx_word' id='word_1_78' title='bbox 205 631 304 664; x_wconf 74' lang='lat' dir='ltr'>Deos,</span> <span class='ocrx_word' id='word_1_79' title='bbox 332 629 435 662; x_wconf 79' lang='lat' dir='ltr'>Sacra,</span> <span class='ocrx_word' id='word_1_80' title='bbox 467 627 584 662; x_wconf 83' lang='lat' dir='ltr'>Leges,</span> <span class='ocrx_word' id='word_1_81' title='bbox 610 627 699 654; x_wconf 86' lang='lat' dir='ltr'>multa</span> <span class='ocrx_word' id='word_1_82' title='bbox 724 626 858 654; x_wconf 88' lang='lat' dir='ltr'>instituta</span> <span class='ocrx_word' id='word_1_83' title='bbox 884 626 1046 661; x_wconf 87' lang='lat' dir='ltr'>multasque</span> <span class='ocrx_word' id='word_1_84' title='bbox 1077 625 1303 653; x_wconf 89' lang='lat' dir='ltr'>consuetudines</span> <span class='ocrx_word' id='word_1_85' title='bbox 1335 625 1503 660; x_wconf 86' lang='lat' dir='ltr'>plerumque</span> <span class='ocrx_word' id='word_1_86' title='bbox 1537 624 1715 659; x_wconf 79' lang='lat' dir='ltr'>retinebant3</span> 
     </span>
     <span class='ocr_line' id='line_1_10' title="bbox 206 674 1718 714; baseline -0.005 -4"><span class='ocrx_word' id='word_1_87' title='bbox 206 681 361 710; x_wconf 75' lang='lat' dir='ltr'>nonnullae</span> <span class='ocrx_word' id='word_1_88' title='bbox 387 686 502 714; x_wconf 85' lang='lat' dir='ltr'>quoque</span> <span class='ocrx_word' id='word_1_89' title='bbox 534 678 683 712; x_wconf 85' lang='lat' dir='ltr'>coloniae,</span> <span class='ocrx_word' id='word_1_90' title='bbox 714 678 747 705; x_wconf 85' lang='lat' dir='ltr'>ad</span> <span class='ocrx_word' id='word_1_91' title='bbox 774 676 893 712; x_wconf 78' lang='lat' dir='ltr'>originis</span> <span class='ocrx_word' id='word_1_92' title='bbox 919 684 986 704; x_wconf 89' lang='lat' dir='ltr'>suae</span> <span class='ocrx_word' id='word_1_93' title='bbox 1016 676 1177 705; x_wconf 85' lang='lat' dir='ltr'>memoriam</span> <span class='ocrx_word' id='word_1_94' title='bbox 1209 675 1395 711; x_wconf 85' lang='lat' dir='ltr'>servandam,</span> <span class='ocrx_word' id='word_1_95' title='bbox 1423 674 1579 710; x_wconf 83' lang='lat' dir='ltr'>quotannis</span> <span class='ocrx_word' id='word_1_96' title='bbox 1608 674 1718 710; x_wconf 83' lang='lat' dir='ltr'>legatos</span> 
     </span>
     <span class='ocr_line' id='line_1_11' title="bbox 206 725 1721 766; baseline -0.004 -6"><span class='ocrx_word' id='word_1_97' title='bbox 206 732 236 761; x_wconf 89' lang='lat' dir='ltr'>in</span> <span class='ocrx_word' id='word_1_98' title='bbox 261 730 434 766; x_wconf 82' lang='lat' dir='ltr'>metropolin</span> <span class='ocrx_word' id='word_1_99' title='bbox 461 729 631 762; x_wconf 80' lang='lat' dir='ltr'>mittebant,</span> <span class='ocrx_word' id='word_1_100' title='bbox 653 728 702 763; x_wconf 89' lang='lat' dir='ltr'>qui</span> <span class='ocrx_word' id='word_1_101' title='bbox 730 727 823 756; x_wconf 81' lang='lat' dir='ltr'>Sacris</span> <span class='ocrx_word' id='word_1_102' title='bbox 849 726 976 762; x_wconf 86' lang='lat' dir='ltr'>publicis</span> <span class='ocrx_word' id='word_1_103' title='bbox 1007 728 1160 761; x_wconf 83' lang='lat' dir='ltr'>adessent;</span> <span class='ocrx_word' id='word_1_104' title='bbox 1192 727 1388 763; x_wconf 86' lang='lat' dir='ltr'>metropoleos</span> <span class='ocrx_word' id='word_1_105' title='bbox 1412 726 1526 755; x_wconf 91' lang='lat' dir='ltr'>civibus</span> <span class='ocrx_word' id='word_1_106' title='bbox 1547 726 1596 762; x_wconf 84' lang='lat' dir='ltr'>jus</span> <span class='ocrx_word' id='word_1_107' title='bbox 1615 725 1721 754; x_wconf 83' lang='lat' dir='ltr'>dabant</span> 
     </span>
     <span class='ocr_line' id='line_1_12' title="bbox 205 777 1722 819; baseline -0.005 -6"><span class='ocrx_word' id='word_1_108' title='bbox 205 784 341 819; x_wconf 57' lang='lat' dir='ltr'>uxosapioee</span> <span class='ocrx_word' id='word_1_109' title='bbox 364 788 391 809; x_wconf 87' lang='lat' dir='ltr'>et</span> <span class='ocrx_word' id='word_1_110' title='bbox 411 782 567 816; x_wconf 70' lang='grc' dir='ltr'><em>προεδρίας,</em></span> <span class='ocrx_word' id='word_1_111' title='bbox 588 779 618 807; x_wconf 87' lang='lat' dir='ltr'>id</span> <span class='ocrx_word' id='word_1_112' title='bbox 643 786 705 814; x_wconf 84' lang='lat' dir='ltr'>est,</span> <span class='ocrx_word' id='word_1_113' title='bbox 727 778 933 814; x_wconf 84' lang='lat' dir='ltr'>permittebant</span> <span class='ocrx_word' id='word_1_114' title='bbox 948 778 1040 814; x_wconf 84' lang='lat' dir='ltr'>ipsis,</span> <span class='ocrx_word' id='word_1_115' title='bbox 1065 785 1097 806; x_wconf 89' lang='lat' dir='ltr'>ut</span> <span class='ocrx_word' id='word_1_116' title='bbox 1117 779 1148 806; x_wconf 84' lang='lat' dir='ltr'>in</span> <span class='ocrx_word' id='word_1_117' title='bbox 1173 778 1342 807; x_wconf 88' lang='lat' dir='ltr'>concionem</span> <span class='ocrx_word' id='word_1_118' title='bbox 1368 777 1517 812; x_wconf 88' lang='lat' dir='ltr'>venirent,</span> <span class='ocrx_word' id='word_1_119' title='bbox 1537 777 1567 805; x_wconf 85' lang='lat' dir='ltr'>in</span> <span class='ocrx_word' id='word_1_120' title='bbox 1585 777 1722 812; x_wconf 87' lang='lat' dir='ltr'>ludisque</span> 
     </span>
     <span class='ocr_line' id='line_1_13' title="bbox 206 827 1717 870; baseline -0.005 -8"><span class='ocrx_word' id='word_1_121' title='bbox 206 834 331 870; x_wconf 86' lang='lat' dir='ltr'>publicis</span> <span class='ocrx_word' id='word_1_122' title='bbox 356 832 479 869; x_wconf 87' lang='lat' dir='ltr'>primum</span> <span class='ocrx_word' id='word_1_123' title='bbox 504 831 602 860; x_wconf 87' lang='lat' dir='ltr'>locum</span> <span class='ocrx_word' id='word_1_124' title='bbox 632 836 805 865; x_wconf 81' lang='lat' dir='ltr'>occuparent</span> <span class='ocrx_word' id='word_1_125' title='bbox 828 830 909 867; x_wconf 79' lang='lat'><strong>(2).</strong></span> <span class='ocrx_word' id='word_1_126' title='bbox 950 829 1058 864; x_wconf 85' lang='lat' dir='ltr'>Porro,</span> <span class='ocrx_word' id='word_1_127' title='bbox 1087 829 1181 858; x_wconf 75' lang='lat' dir='ltr'>siant</span> <span class='ocrx_word' id='word_1_128' title='bbox 1214 829 1385 865; x_wconf 81' lang='lat' dir='ltr'>metropolis</span> <span class='ocrx_word' id='word_1_129' title='bbox 1415 834 1464 857; x_wconf 84' lang='lat' dir='ltr'>aut</span> <span class='ocrx_word' id='word_1_130' title='bbox 1496 827 1611 856; x_wconf 90' lang='lat' dir='ltr'>colonia</span> <span class='ocrx_word' id='word_1_131' title='bbox 1643 827 1717 856; x_wconf 88' lang='lat' dir='ltr'>bello</span> 
     </span>
     <span class='ocr_line' id='line_1_14' title="bbox 210 879 1723 922; baseline -0.006 -7"><span class='ocrx_word' id='word_1_132' title='bbox 210 886 425 922; x_wconf 78' lang='lat' dir='ltr'>implicaretur,</span> <span class='ocrx_word' id='word_1_133' title='bbox 456 882 513 910; x_wconf 89' lang='lat' dir='ltr'>sibi</span> <span class='ocrx_word' id='word_1_134' title='bbox 539 881 660 910; x_wconf 85' lang='lat' dir='ltr'>invicem</span> <span class='ocrx_word' id='word_1_135' title='bbox 685 889 767 916; x_wconf 88' lang='lat' dir='ltr'>opem</span> <span class='ocrx_word' id='word_1_136' title='bbox 797 879 945 914; x_wconf 80' lang='lat' dir='ltr'>ferebant,</span> <span class='ocrx_word' id='word_1_137' title='bbox 974 886 1001 907; x_wconf 91' lang='lat' dir='ltr'>et</span> <span class='ocrx_word' id='word_1_138' title='bbox 1023 879 1102 908; x_wconf 88' lang='lat' dir='ltr'>nefas</span> <span class='ocrx_word' id='word_1_139' title='bbox 1128 880 1303 916; x_wconf 82' lang='lat' dir='ltr'>habebatur,</span> <span class='ocrx_word' id='word_1_140' title='bbox 1331 880 1357 909; x_wconf 88' lang='lat' dir='ltr'>si</span> <span class='ocrx_word' id='word_1_141' title='bbox 1380 879 1494 908; x_wconf 88' lang='lat' dir='ltr'>colonia</span> <span class='ocrx_word' id='word_1_142' title='bbox 1516 886 1584 907; x_wconf 90' lang='lat' dir='ltr'>curn</span> <span class='ocrx_word' id='word_1_143' title='bbox 1616 884 1723 907; x_wconf 91' lang='lat' dir='ltr'>metro-</span> 
     </span>
     <span class='ocr_line' id='line_1_15' title="bbox 211 930 1722 974; baseline -0.007 -8"><span class='ocrx_word' id='word_1_144' title='bbox 211 939 314 974; x_wconf 84' lang='lat' dir='ltr'>poleos</span> <span class='ocrx_word' id='word_1_145' title='bbox 344 932 480 962; x_wconf 83' lang='lat' dir='ltr'>hostibus</span> <span class='ocrx_word' id='word_1_146' title='bbox 505 940 535 960; x_wconf 91' lang='lat' dir='ltr'>se</span> <span class='ocrx_word' id='word_1_147' title='bbox 555 932 742 968; x_wconf 85' lang='lat' dir='ltr'>conjungeret</span> <span class='ocrx_word' id='word_1_148' title='bbox 770 931 846 968; x_wconf 81' lang='lat'>(3).</span> <span class='ocrx_word' id='word_1_149' title='bbox 888 930 964 959; x_wconf 76' lang='lat' dir='ltr'>naec</span> <span class='ocrx_word' id='word_1_150' title='bbox 992 931 1087 959; x_wconf 85' lang='lat' dir='ltr'>onmia</span> <span class='ocrx_word' id='word_1_151' title='bbox 1109 939 1198 966; x_wconf 89' lang='lat' dir='ltr'>quum</span> <span class='ocrx_word' id='word_1_152' title='bbox 1224 939 1258 960; x_wconf 88' lang='lat' dir='ltr'>ex</span> <span class='ocrx_word' id='word_1_153' title='bbox 1277 931 1338 967; x_wconf 89' lang='lat' dir='ltr'>ipsa</span> <span class='ocrx_word' id='word_1_154' title='bbox 1360 933 1398 958; x_wconf 92' lang='lat' dir='ltr'>rei</span> <span class='ocrx_word' id='word_1_155' title='bbox 1420 937 1521 958; x_wconf 90' lang='lat' dir='ltr'>natura</span> <span class='ocrx_word' id='word_1_156' title='bbox 1543 935 1722 965; x_wconf 86' lang='lat' dir='ltr'>sequantur,</span> 
     </span>
     <span class='ocr_line' id='line_1_16' title="bbox 208 979 1721 1021; baseline -0.006 -5"><span class='ocrx_word' id='word_1_157' title='bbox 208 989 243 1017; x_wconf 93' lang='lat' dir='ltr'>de</span> <span class='ocrx_word' id='word_1_158' title='bbox 262 984 480 1015; x_wconf 85' lang='lat' dir='ltr'>Atheniensium</span> <span class='ocrx_word' id='word_1_159' title='bbox 516 991 635 1018; x_wconf 86' lang='lat' dir='ltr'>quoque</span> <span class='ocrx_word' id='word_1_160' title='bbox 658 981 782 1010; x_wconf 88' lang='lat' dir='ltr'>coloniis</span> <span class='ocrx_word' id='word_1_161' title='bbox 811 981 917 1009; x_wconf 88' lang='lat' dir='ltr'>valent.</span> <span class='ocrx_word' id='word_1_162' title='bbox 959 981 1025 1021; x_wconf 43' lang='lat' dir='ltr'>Sed,</span> <span class='ocrx_word' id='word_1_163' title='bbox 1039 982 1092 1009; x_wconf 84' lang='lat' dir='ltr'>alia</span> <span class='ocrx_word' id='word_1_164' title='bbox 1123 982 1200 1016; x_wconf 87' lang='lat' dir='ltr'>apud</span> <span class='ocrx_word' id='word_1_165' title='bbox 1228 982 1300 1009; x_wconf 88' lang='lat' dir='ltr'>alios</span> <span class='ocrx_word' id='word_1_166' title='bbox 1332 989 1386 1016; x_wconf 87' lang='lat' dir='ltr'>pro</span> <span class='ocrx_word' id='word_1_167' title='bbox 1419 980 1505 1008; x_wconf 89' lang='lat' dir='ltr'>variis</span> <span class='ocrx_word' id='word_1_168' title='bbox 1535 979 1721 1015; x_wconf 89' lang='lat' dir='ltr'>foederibus,</span> 
     </span>
     <span class='ocr_line' id='line_1_17' title="bbox 210 1030 1722 1074; baseline -0.004 -8"><span class='ocrx_word' id='word_1_169' title='bbox 210 1046 283 1074; x_wconf 89' lang='lat' dir='ltr'>quae</span> <span class='ocrx_word' id='word_1_170' title='bbox 305 1036 453 1070; x_wconf 73' lang='lat' dir='ltr'>fecerant,</span> <span class='ocrx_word' id='word_1_171' title='bbox 481 1043 534 1070; x_wconf 89' lang='lat' dir='ltr'>pro</span> <span class='ocrx_word' id='word_1_172' title='bbox 555 1034 631 1062; x_wconf 85' lang='lat' dir='ltr'>varia</span> <span class='ocrx_word' id='word_1_173' title='bbox 654 1039 680 1062; x_wconf 89' lang='lat' dir='ltr'>et</span> <span class='ocrx_word' id='word_1_174' title='bbox 704 1031 835 1060; x_wconf 88' lang='lat' dir='ltr'>coloniae</span> <span class='ocrx_word' id='word_1_175' title='bbox 857 1037 885 1059; x_wconf 91' lang='lat' dir='ltr'>et</span> <span class='ocrx_word' id='word_1_176' title='bbox 914 1032 1106 1067; x_wconf 87' lang='lat' dir='ltr'>metropoleos</span> <span class='ocrx_word' id='word_1_177' title='bbox 1138 1031 1266 1067; x_wconf 86' lang='lat' dir='ltr'>potentia</span> <span class='ocrx_word' id='word_1_178' title='bbox 1295 1031 1502 1064; x_wconf 83' lang='lat' dir='ltr'>obtinuerunt,</span> <span class='ocrx_word' id='word_1_179' title='bbox 1530 1038 1603 1066; x_wconf 84' lang='lat' dir='ltr'>quae</span> <span class='ocrx_word' id='word_1_180' title='bbox 1627 1030 1722 1066; x_wconf 70' lang='lat' dir='ltr'>qualit</span> 
     </span>
     <span class='ocr_line' id='line_1_18' title="bbox 208 1080 1722 1118; baseline -0.006 -1"><span class='ocrx_word' id='word_1_181' title='bbox 208 1090 237 1118; x_wconf 88' lang='lat' dir='ltr'>in</span> <span class='ocrx_word' id='word_1_182' title='bbox 261 1086 481 1116; x_wconf 84' lang='lat' dir='ltr'>Atheniensium</span> <span class='ocrx_word' id='word_1_183' title='bbox 505 1084 632 1114; x_wconf 87' lang='lat' dir='ltr'>coloniis</span> <span class='ocrx_word' id='word_1_184' title='bbox 654 1083 782 1118; x_wconf 84' lang='lat' dir='ltr'>fuerint,</span> <span class='ocrx_word' id='word_1_185' title='bbox 808 1083 965 1112; x_wconf 88' lang='lat' dir='ltr'>nescimus.</span> <span class='ocrx_word' id='word_1_186' title='bbox 1005 1082 1071 1111; x_wconf 92' lang='lat' dir='ltr'>Hoc</span> <span class='ocrx_word' id='word_1_187' title='bbox 1095 1088 1187 1111; x_wconf 89' lang='lat' dir='ltr'>tamen</span> <span class='ocrx_word' id='word_1_188' title='bbox 1211 1088 1344 1112; x_wconf 83' lang='lat' dir='ltr'>constare</span> <span class='ocrx_word' id='word_1_189' title='bbox 1368 1081 1498 1116; x_wconf 85' lang='lat' dir='ltr'>videtur,</span> <span class='ocrx_word' id='word_1_190' title='bbox 1523 1080 1722 1116; x_wconf 76' lang='lat' dir='ltr'>temporibus,</span> 
     </span>
     <span class='ocr_line' id='line_1_19' title="bbox 209 1130 1722 1177; baseline -0.005 -9"><span class='ocrx_word' id='word_1_191' title='bbox 209 1148 281 1177; x_wconf 86' lang='lat' dir='ltr'>quae</span> <span class='ocrx_word' id='word_1_192' title='bbox 307 1145 430 1175; x_wconf 83' lang='lat' dir='ltr'>pugnam</span> <span class='ocrx_word' id='word_1_193' title='bbox 461 1136 651 1165; x_wconf 80' lang='lat' dir='ltr'>Plataeensem</span> <span class='ocrx_word' id='word_1_194' title='bbox 677 1135 805 1170; x_wconf 80' lang='lat' dir='ltr'>proxime</span> <span class='ocrx_word' id='word_1_195' title='bbox 835 1141 933 1162; x_wconf 80' lang='lat' dir='ltr'>secuta</span> <span class='ocrx_word' id='word_1_196' title='bbox 957 1140 1046 1169; x_wconf 90' lang='lat' dir='ltr'>sunt,</span> <span class='ocrx_word' id='word_1_197' title='bbox 1075 1134 1148 1162; x_wconf 81' lang='lat' dir='ltr'>satis</span> <span class='ocrx_word' id='word_1_198' title='bbox 1182 1133 1298 1162; x_wconf 88' lang='lat' dir='ltr'>liberam</span> <span class='ocrx_word' id='word_1_199' title='bbox 1329 1133 1422 1161; x_wconf 83' lang='lat' dir='ltr'>fuisse</span> <span class='ocrx_word' id='word_1_200' title='bbox 1451 1140 1547 1161; x_wconf 87' lang='lat' dir='ltr'>earum</span> <span class='ocrx_word' id='word_1_201' title='bbox 1577 1130 1722 1160; x_wconf 86' lang='lat' dir='ltr'>conditio·</span> 
     </span>
     <span class='ocr_line' id='line_1_20' title="bbox 208 1181 1723 1226; baseline -0.004 -10"><span class='ocrx_word' id='word_1_202' title='bbox 208 1199 270 1222; x_wconf 77' lang='lat' dir='ltr'>nem</span> <span class='ocrx_word' id='word_1_203' title='bbox 283 1210 294 1226; x_wconf 84' lang='lat'>‚</span> <span class='ocrx_word' id='word_1_204' title='bbox 315 1196 425 1224; x_wconf 85' lang='lat' dir='ltr'>eosque</span> <span class='ocrx_word' id='word_1_205' title='bbox 448 1195 523 1216; x_wconf 90' lang='lat' dir='ltr'>recte</span> <span class='ocrx_word' id='word_1_206' title='bbox 545 1188 581 1216; x_wconf 85' lang='lat' dir='ltr'>ad</span> <span class='ocrx_word' id='word_1_207' title='bbox 604 1188 764 1222; x_wconf 64' lang='grc' dir='ltr'>αὐτονόμους</span> <span class='ocrx_word' id='word_1_208' title='bbox 792 1185 888 1214; x_wconf 88' lang='lat' dir='ltr'>socios</span> <span class='ocrx_word' id='word_1_209' title='bbox 906 1183 1018 1213; x_wconf 85' lang='lat' dir='ltr'>referri:</span> <span class='ocrx_word' id='word_1_210' title='bbox 1041 1185 1170 1214; x_wconf 90' lang='lat' dir='ltr'>omnium</span> <span class='ocrx_word' id='word_1_211' title='bbox 1187 1185 1262 1214; x_wconf 89' lang='lat' dir='ltr'>enim</span> <span class='ocrx_word' id='word_1_212' title='bbox 1286 1184 1397 1213; x_wconf 87' lang='lat' dir='ltr'>animos</span> <span class='ocrx_word' id='word_1_213' title='bbox 1418 1183 1610 1213; x_wconf 80' lang='lat' dir='ltr'>Athenienses</span> <span class='ocrx_word' id='word_1_214' title='bbox 1631 1181 1723 1211; x_wconf 80' lang='lat' dir='ltr'>offen·</span> 
     </span>
     <span class='ocr_line' id='line_1_21' title="bbox 209 1231 1722 1275; baseline -0.008 -3"><span class='ocrx_word' id='word_1_215' title='bbox 209 1243 338 1275; x_wconf 86' lang='lat' dir='ltr'>dissent,</span> <span class='ocrx_word' id='word_1_216' title='bbox 369 1239 415 1274; x_wconf 87' lang='lat' dir='ltr'>si,</span> <span class='ocrx_word' id='word_1_217' title='bbox 445 1247 535 1274; x_wconf 89' lang='lat' dir='ltr'>quum</span> <span class='ocrx_word' id='word_1_218' title='bbox 563 1247 595 1268; x_wconf 83' lang='lat' dir='ltr'>se</span> <span class='ocrx_word' id='word_1_219' title='bbox 618 1237 757 1266; x_wconf 89' lang='lat' dir='ltr'>libertatis</span> <span class='ocrx_word' id='word_1_220' title='bbox 779 1242 901 1265; x_wconf 88' lang='lat' dir='ltr'>statores</span> <span class='ocrx_word' id='word_1_221' title='bbox 934 1242 1154 1271; x_wconf 83' lang='lat' dir='ltr'>servatoresque</span> <span class='ocrx_word' id='word_1_222' title='bbox 1176 1237 1336 1273; x_wconf 71' lang='lat' dir='ltr'>iactarem,</span> <span class='ocrx_word' id='word_1_223' title='bbox 1361 1235 1488 1264; x_wconf 84' lang='lat' dir='ltr'>coloniis</span> <span class='ocrx_word' id='word_1_224' title='bbox 1515 1234 1571 1270; x_wconf 87' lang='lat' dir='ltr'>ipsi</span> <span class='ocrx_word' id='word_1_225' title='bbox 1599 1233 1661 1262; x_wconf 85' lang='lat' dir='ltr'>suis</span> <span class='ocrx_word' id='word_1_226' title='bbox 1683 1231 1722 1261; x_wconf 78' lang='lat' dir='ltr'>li-</span> 
     </span>
     <span class='ocr_line' id='line_1_22' title="bbox 208 1282 1723 1327; baseline -0.007 -5"><span class='ocrx_word' id='word_1_227' title='bbox 208 1295 345 1322; x_wconf 86' lang='lat' dir='ltr'>bertatem</span> <span class='ocrx_word' id='word_1_228' title='bbox 371 1289 554 1327; x_wconf 79' lang='lat' dir='ltr'>eripuissent.</span> <span class='ocrx_word' id='word_1_229' title='bbox 602 1288 710 1318; x_wconf 88' lang='lat' dir='ltr'>Ioniam</span> <span class='ocrx_word' id='word_1_230' title='bbox 739 1287 853 1323; x_wconf 86' lang='lat' dir='ltr'>quidem</span> <span class='ocrx_word' id='word_1_231' title='bbox 875 1293 901 1315; x_wconf 90' lang='lat' dir='ltr'>et</span> <span class='ocrx_word' id='word_1_232' title='bbox 925 1286 1054 1315; x_wconf 87' lang='lat' dir='ltr'>Aeoliam</span> <span class='ocrx_word' id='word_1_233' title='bbox 1082 1287 1243 1316; x_wconf 74' lang='lat' dir='ltr'>Herodotus</span> <span class='ocrx_word' id='word_1_234' title='bbox 1265 1287 1349 1316; x_wconf 88' lang='lat' dir='ltr'>tradit</span> <span class='ocrx_word' id='word_1_235' title='bbox 1373 1287 1403 1317; x_wconf 88' lang='lat' dir='ltr'>in</span> <span class='ocrx_word' id='word_1_236' title='bbox 1432 1292 1612 1315; x_wconf 89' lang='lat' dir='ltr'>communem</span> <span class='ocrx_word' id='word_1_237' title='bbox 1632 1282 1723 1313; x_wconf 82' lang='lat' dir='ltr'>Grae·</span> 
     </span>
     <span class='ocr_line' id='line_1_23' title="bbox 207 1337 1724 1376; baseline -0.008 -2"><span class='ocrx_word' id='word_1_238' title='bbox 207 1353 310 1374; x_wconf 86' lang='lat' dir='ltr'>corum</span> <span class='ocrx_word' id='word_1_239' title='bbox 336 1342 499 1371; x_wconf 89' lang='lat' dir='ltr'>societatem</span> <span class='ocrx_word' id='word_1_240' title='bbox 524 1339 619 1368; x_wconf 87' lang='lat' dir='ltr'>fnisse</span> <span class='ocrx_word' id='word_1_241' title='bbox 645 1345 772 1375; x_wconf 87' lang='lat' dir='ltr'>receptas</span> <span class='ocrx_word' id='word_1_242' title='bbox 796 1341 877 1376; x_wconf 59' lang='lat'>(4).</span> <span class='ocrx_word' id='word_1_243' title='bbox 919 1337 1103 1375; x_wconf 83' lang='lat' dir='ltr'>Quamquam</span> <span class='ocrx_word' id='word_1_244' title='bbox 1127 1339 1224 1366; x_wconf 84' lang='lat' dir='ltr'>eodem</span> <span class='ocrx_word' id='word_1_245' title='bbox 1256 1346 1290 1366; x_wconf 81' lang='lat' dir='ltr'>ex</span> <span class='ocrx_word' id='word_1_246' title='bbox 1322 1339 1389 1367; x_wconf 90' lang='lat' dir='ltr'>loco</span> <span class='ocrx_word' id='word_1_247' title='bbox 1421 1338 1551 1366; x_wconf 87' lang='lat' dir='ltr'>videmus</span> <span class='ocrx_word' id='word_1_248' title='bbox 1582 1337 1639 1373; x_wconf 81' lang='lat' dir='ltr'>jam</span> <span class='ocrx_word' id='word_1_249' title='bbox 1662 1341 1724 1363; x_wconf 86' lang='lat' dir='ltr'>tum</span> 
     </span>
     <span class='ocr_line' id='line_1_24' title="bbox 213 1384 1727 1432; baseline -0.007 -9"><span class='ocrx_word' id='word_1_250' title='bbox 213 1402 344 1432; x_wconf 83' lang='lat' dir='ltr'>magnam</span> <span class='ocrx_word' id='word_1_251' title='bbox 372 1392 412 1420; x_wconf 90' lang='lat' dir='ltr'>ibi</span> <span class='ocrx_word' id='word_1_252' title='bbox 434 1391 526 1419; x_wconf 85' lang='lat' dir='ltr'>fuisse</span> <span class='ocrx_word' id='word_1_253' title='bbox 548 1390 770 1418; x_wconf 87' lang='lat' dir='ltr'>Atheniensium</span> <span class='ocrx_word' id='word_1_254' title='bbox 795 1389 1012 1424; x_wconf 76' lang='lat' dir='ltr'>auctoritatem3</span> <span class='ocrx_word' id='word_1_255' title='bbox 1035 1397 1117 1423; x_wconf 89' lang='lat' dir='ltr'>nam,</span> <span class='ocrx_word' id='word_1_256' title='bbox 1140 1397 1230 1424; x_wconf 89' lang='lat' dir='ltr'>quum</span> <span class='ocrx_word' id='word_1_257' title='bbox 1257 1389 1387 1424; x_wconf 78' lang='lat' dir='ltr'>quaestio</span> <span class='ocrx_word' id='word_1_258' title='bbox 1412 1389 1445 1416; x_wconf 89' lang='lat' dir='ltr'>de</span> <span class='ocrx_word' id='word_1_259' title='bbox 1469 1387 1590 1416; x_wconf 86' lang='lat' dir='ltr'>Ionibus</span> <span class='ocrx_word' id='word_1_260' title='bbox 1613 1386 1643 1414; x_wconf 86' lang='lat' dir='ltr'>in</span> <span class='ocrx_word' id='word_1_261' title='bbox 1664 1384 1727 1414; x_wconf 88' lang='lat' dir='ltr'>Eu-</span> 
     </span>
     <span class='ocr_line' id='line_1_25' title="bbox 211 1434 1723 1484; baseline -0.006 -11"><span class='ocrx_word' id='word_1_262' title='bbox 211 1454 310 1484; x_wconf 72' lang='lat' dir='ltr'>ropam</span> <span class='ocrx_word' id='word_1_263' title='bbox 333 1441 537 1472; x_wconf 84' lang='lat' dir='ltr'>transferendis</span> <span class='ocrx_word' id='word_1_264' title='bbox 556 1441 726 1477; x_wconf 81' lang='lat' dir='ltr'>agitaretur,</span> <span class='ocrx_word' id='word_1_265' title='bbox 753 1447 780 1468; x_wconf 90' lang='lat' dir='ltr'>et</span> <span class='ocrx_word' id='word_1_266' title='bbox 800 1439 1091 1469; x_wconf 83' lang='lat' dir='ltr'>Lacedaemoniorum</span> <span class='ocrx_word' id='word_1_267' title='bbox 1117 1439 1255 1467; x_wconf 88' lang='lat' dir='ltr'>sententia</span> <span class='ocrx_word' id='word_1_268' title='bbox 1277 1446 1310 1466; x_wconf 92' lang='lat' dir='ltr'>eo</span> <span class='ocrx_word' id='word_1_269' title='bbox 1334 1437 1501 1472; x_wconf 82' lang='lat' dir='ltr'>inclinaret,</span> <span class='ocrx_word' id='word_1_270' title='bbox 1531 1434 1723 1464; x_wconf 74' lang='lat' dir='ltr'>Athenienses</span> 
     </span>
     <span class='ocr_line' id='line_1_26' title="bbox 215 1485 1724 1533; baseline -0.01 -5"><span class='ocrx_word' id='word_1_271' title='bbox 215 1500 282 1528; x_wconf 86' lang='lat' dir='ltr'>huic</span> <span class='ocrx_word' id='word_1_272' title='bbox 307 1493 471 1533; x_wconf 67' lang='lat' dir='ltr'>nilgrationi</span> <span class='ocrx_word' id='word_1_273' title='bbox 503 1501 533 1521; x_wconf 89' lang='lat' dir='ltr'>se</span> <span class='ocrx_word' id='word_1_274' title='bbox 566 1497 786 1528; x_wconf 83' lang='lat' dir='ltr'>opposuerunt,</span> <span class='ocrx_word' id='word_1_275' title='bbox 815 1491 992 1526; x_wconf 86' lang='lat' dir='ltr'>molesteque</span> <span class='ocrx_word' id='word_1_276' title='bbox 1025 1491 1180 1526; x_wconf 80' lang='lat' dir='ltr'>tulerunt,</span> <span class='ocrx_word' id='word_1_277' title='bbox 1206 1490 1366 1525; x_wconf 85' lang='lat' dir='ltr'>Spartanos</span> <span class='ocrx_word' id='word_1_278' title='bbox 1392 1487 1504 1523; x_wconf 80' lang='lat' dir='ltr'>aliquid</span> <span class='ocrx_word' id='word_1_279' title='bbox 1534 1486 1568 1514; x_wconf 90' lang='lat' dir='ltr'>de</span> <span class='ocrx_word' id='word_1_280' title='bbox 1598 1485 1724 1515; x_wconf 74' lang='lat' dir='ltr'>coloniis</span> 
     </span>
     <span class='ocr_line' id='line_1_27' title="bbox 215 1537 1725 1579; baseline -0.01 -1"><span class='ocrx_word' id='word_1_281' title='bbox 215 1552 276 1579; x_wconf 86' lang='lat' dir='ltr'>suis</span> <span class='ocrx_word' id='word_1_282' title='bbox 301 1554 442 1576; x_wconf 85' lang='lat' dir='ltr'>statuere:</span> <span class='ocrx_word' id='word_1_283' title='bbox 475 1551 502 1572; x_wconf 87' lang='lat' dir='ltr'>et</span> <span class='ocrx_word' id='word_1_284' title='bbox 533 1552 592 1572; x_wconf 91' lang='lat' dir='ltr'>tum</span> <span class='ocrx_word' id='word_1_285' title='bbox 616 1544 745 1572; x_wconf 89' lang='lat' dir='ltr'>nondum</span> <span class='ocrx_word' id='word_1_286' title='bbox 776 1548 941 1578; x_wconf 89' lang='lat' dir='ltr'>acceperant</span> <span class='ocrx_word' id='word_1_287' title='bbox 967 1541 1176 1578; x_wconf 88' lang='lat' dir='ltr'>principatum.</span> <span class='ocrx_word' id='word_1_288' title='bbox 1230 1540 1391 1577; x_wconf 79' lang='lat' dir='ltr'>Cyclades,</span> <span class='ocrx_word' id='word_1_289' title='bbox 1423 1545 1544 1574; x_wconf 88' lang='lat' dir='ltr'>quarum</span> <span class='ocrx_word' id='word_1_290' title='bbox 1575 1537 1725 1572; x_wconf 88' lang='lat' dir='ltr'>plerasque</span> 
     </span>
     <span class='ocr_line' id='line_1_28' title="bbox 213 1588 1724 1631; baseline -0.011 0"><span class='ocrx_word' id='word_1_291' title='bbox 213 1601 404 1631; x_wconf 77' lang='lat' dir='ltr'>Athenienses</span> <span class='ocrx_word' id='word_1_292' title='bbox 430 1595 534 1624; x_wconf 90' lang='lat' dir='ltr'>incolis</span> <span class='ocrx_word' id='word_1_293' title='bbox 556 1594 824 1631; x_wconf 81' lang='lat' dir='ltr'>frequentaverant,</span> <span class='ocrx_word' id='word_1_294' title='bbox 851 1594 942 1628; x_wconf 81' lang='lat' dir='ltr'>hinc,</span> <span class='ocrx_word' id='word_1_295' title='bbox 973 1601 1044 1623; x_wconf 86' lang='lat' dir='ltr'>teste</span> <span class='ocrx_word' id='word_1_296' title='bbox 1065 1594 1193 1622; x_wconf 80' lang='lat' dir='ltr'>Isocrate</span> <span class='ocrx_word' id='word_1_297' title='bbox 1220 1593 1311 1629; x_wconf 69' lang='lat'>(5)⁷</span> <span class='ocrx_word' id='word_1_298' title='bbox 1337 1591 1434 1620; x_wconf 89' lang='lat' dir='ltr'>eodem</span> <span class='ocrx_word' id='word_1_299' title='bbox 1459 1590 1587 1618; x_wconf 88' lang='lat' dir='ltr'>Deorum</span> <span class='ocrx_word' id='word_1_300' title='bbox 1620 1588 1724 1622; x_wconf 75' lang='lat' dir='ltr'>cultu‚&#39;</span> 
     </span>
     <span class='ocr_line' id='line_1_29' title="bbox 214 1639 1723 1685; baseline -0.011 -4"><span class='ocrx_word' id='word_1_301' title='bbox 214 1653 374 1685; x_wconf 67' lang='lat' dir='ltr'>iisdemque</span> <span class='ocrx_word' id='word_1_302' title='bbox 394 1647 508 1683; x_wconf 72' lang='lat' dir='ltr'>legibus</span> <span class='ocrx_word' id='word_1_303' title='bbox 526 1653 611 1681; x_wconf 84' lang='lat' dir='ltr'>atque</span> <span class='ocrx_word' id='word_1_304' title='bbox 634 1645 824 1674; x_wconf 81' lang='lat' dir='ltr'>Athenienses</span> <span class='ocrx_word' id='word_1_305' title='bbox 852 1645 1016 1674; x_wconf 88' lang='lat' dir='ltr'>utebantur.</span> <span class='ocrx_word' id='word_1_306' title='bbox 1057 1644 1161 1680; x_wconf 83' lang='lat' dir='ltr'>Neque</span> <span class='ocrx_word' id='word_1_307' title='bbox 1178 1642 1426 1680; x_wconf 86' lang='lat' dir='ltr'>praetermittenda</span> <span class='ocrx_word' id='word_1_308' title='bbox 1443 1641 1554 1669; x_wconf 90' lang='lat' dir='ltr'>videtur</span> <span class='ocrx_word' id='word_1_309' title='bbox 1569 1639 1723 1667; x_wconf 85' lang='lat' dir='ltr'>multarum</span> 
     </span>
     <span class='ocr_line' id='line_1_30' title="bbox 211 1689 1724 1735; baseline -0.009 -4"><span class='ocrx_word' id='word_1_310' title='bbox 211 1703 385 1734; x_wconf 76' lang='lat' dir='ltr'>civitatum,</span> <span class='ocrx_word' id='word_1_311' title='bbox 408 1697 572 1735; x_wconf 86' lang='lat' dir='ltr'>praesertim</span> <span class='ocrx_word' id='word_1_312' title='bbox 596 1696 775 1725; x_wconf 86' lang='lat' dir='ltr'>coloniarum</span> <span class='ocrx_word' id='word_1_313' title='bbox 789 1716 799 1731; x_wconf 88' lang='lat'><em>‚</em></span> <span class='ocrx_word' id='word_1_314' title='bbox 822 1697 1022 1731; x_wconf 86' lang='lat' dir='ltr'>consuetudo,</span> <span class='ocrx_word' id='word_1_315' title='bbox 1044 1695 1199 1732; x_wconf 85' lang='lat' dir='ltr'>quotannis</span> <span class='ocrx_word' id='word_1_316' title='bbox 1218 1694 1335 1730; x_wconf 87' lang='lat' dir='ltr'>frugum</span> <span class='ocrx_word' id='word_1_317' title='bbox 1353 1692 1493 1728; x_wconf 84' lang='lat' dir='ltr'>primitias</span> <span class='ocrx_word' id='word_1_318' title='bbox 1514 1691 1549 1719; x_wconf 85' lang='lat' dir='ltr'>ad</span> <span class='ocrx_word' id='word_1_319' title='bbox 1564 1689 1724 1719; x_wconf 86' lang='lat' dir='ltr'>Athenien-</span> 
     </span>
     <span class='ocr_line' id='line_1_31' title="bbox 215 1741 1724 1787; baseline -0.011 -4"><span class='ocrx_word' id='word_1_320' title='bbox 215 1763 260 1783; x_wconf 78' lang='lat' dir='ltr'>ses</span> <span class='ocrx_word' id='word_1_321' title='bbox 284 1751 413 1781; x_wconf 82' lang='lat' dir='ltr'>mittendi</span> <span class='ocrx_word' id='word_1_322' title='bbox 439 1750 505 1787; x_wconf 84' lang='lat'>(6)</span> <span class='ocrx_word' id='word_1_323' title='bbox 526 1755 557 1776; x_wconf 91' lang='lat' dir='ltr'>ut</span> <span class='ocrx_word' id='word_1_324' title='bbox 578 1755 687 1784; x_wconf 86' lang='lat' dir='ltr'>gratum</span> <span class='ocrx_word' id='word_1_325' title='bbox 711 1747 836 1776; x_wconf 88' lang='lat' dir='ltr'>animum</span> <span class='ocrx_word' id='word_1_326' title='bbox 861 1748 899 1776; x_wconf 90' lang='lat' dir='ltr'>ob</span> <span class='ocrx_word' id='word_1_327' title='bbox 920 1748 1122 1784; x_wconf 83' lang='lat' dir='ltr'>agriculturam</span> <span class='ocrx_word' id='word_1_328' title='bbox 1148 1755 1184 1775; x_wconf 86' lang='lat' dir='ltr'>ex</span> <span class='ocrx_word' id='word_1_329' title='bbox 1207 1746 1306 1775; x_wconf 86' lang='lat' dir='ltr'>Attica</span> <span class='ocrx_word' id='word_1_330' title='bbox 1326 1750 1469 1780; x_wconf 82' lang='lat' dir='ltr'>acceptam</span> <span class='ocrx_word' id='word_1_331' title='bbox 1491 1741 1724 1770; x_wconf 80' lang='lat' dir='ltr'>testificarentur.</span> 
     </span>
    </p>

    <p class='ocr_par' dir='ltr' id='par_1_4' title="bbox 256 1791 1723 1838">
     <span class='ocr_line' id='line_1_32' title="bbox 256 1791 1723 1838; baseline -0.012 -4"><span class='ocrx_word' id='word_1_332' title='bbox 256 1809 415 1838; x_wconf 79' lang='lat' dir='ltr'>Antequam</span> <span class='ocrx_word' id='word_1_333' title='bbox 443 1799 479 1829; x_wconf 88' lang='lat' dir='ltr'>ab</span> <span class='ocrx_word' id='word_1_334' title='bbox 510 1800 667 1835; x_wconf 68' lang='grc' dir='ltr'>αὐτονόμοις</span> <span class='ocrx_word' id='word_1_335' title='bbox 694 1799 897 1834; x_wconf 83' lang='lat' dir='ltr'>discedamus,</span> <span class='ocrx_word' id='word_1_336' title='bbox 927 1799 1059 1827; x_wconf 93' lang='lat' dir='ltr'>nonnulli</span> <span class='ocrx_word' id='word_1_337' title='bbox 1091 1798 1195 1834; x_wconf 88' lang='lat' dir='ltr'>populi</span> <span class='ocrx_word' id='word_1_338' title='bbox 1229 1796 1401 1825; x_wconf 84' lang='lat' dir='ltr'>memorandi</span> <span class='ocrx_word' id='word_1_339' title='bbox 1431 1799 1519 1828; x_wconf 87' lang='lat' dir='ltr'>sunt,</span> <span class='ocrx_word' id='word_1_340' title='bbox 1548 1791 1723 1827; x_wconf 84' lang='lat' dir='ltr'>quibuscum</span> 
     </span>
    </p>
   </div>
   <div class='ocr_carea' id='block_1_3' title="bbox 214 1840 1733 1929">
    <p class='ocr_par' dir='ltr' id='par_1_5' title="bbox 214 1840 1733 1929">
     <span class='ocr_line' id='line_1_33' title="bbox 214 1840 1729 1888; baseline -0.011 -3"><span class='ocrx_word' id='word_1_341' title='bbox 214 1856 311 1886; x_wconf 87' lang='lat' dir='ltr'>brevis</span> <span class='ocrx_word' id='word_1_342' title='bbox 336 1852 472 1888; x_wconf 88' lang='lat' dir='ltr'>temporis</span> <span class='ocrx_word' id='word_1_343' title='bbox 497 1851 660 1879; x_wconf 87' lang='lat' dir='ltr'>societatem</span> <span class='ocrx_word' id='word_1_344' title='bbox 688 1849 878 1879; x_wconf 89' lang='lat' dir='ltr'>Athenienses</span> <span class='ocrx_word' id='word_1_345' title='bbox 906 1850 1053 1886; x_wconf 82' lang='lat' dir='ltr'>inierunt,</span> <span class='ocrx_word' id='word_1_346' title='bbox 1073 1849 1196 1887; x_wconf 83' lang='lat' dir='ltr'>Argivi,</span> <span class='ocrx_word' id='word_1_347' title='bbox 1218 1847 1370 1883; x_wconf 86' lang='lat' dir='ltr'>Thessali,</span> <span class='ocrx_word' id='word_1_348' title='bbox 1392 1846 1575 1878; x_wconf 87' lang='lat' dir='ltr'>Phocenses,</span> <span class='ocrx_word' id='word_1_349' title='bbox 1605 1840 1729 1875; x_wconf 84' lang='lat' dir='ltr'>Boeoti,</span> 
     </span>
     <span class='ocr_line' id='line_1_34' title="bbox 1647 1899 1733 1929; baseline 0 -9"><span class='ocrx_word' id='word_1_350' title='bbox 1647 1899 1733 1929; x_wconf 81' lang='lat' dir='ltr'>quae·</span> 
     </span>
    </p>
   </div>
   <div class='ocr_carea' id='block_1_4' title="bbox 244 1973 1675 2052">
    <p class='ocr_par' dir='ltr' id='par_1_6' title="bbox 244 1973 1675 2052">
     <span class='ocr_line' id='line_1_35' title="bbox 244 1973 1479 2011; baseline -0.006 -11"><span class='ocrx_word' id='word_1_351' title='bbox 244 1981 297 2011; x_wconf 68' lang='grc' dir='ltr'>(ι)</span> <span class='ocrx_word' id='word_1_352' title='bbox 319 1979 412 2005; x_wconf 81' lang='lat' dir='ltr'>Thucyd.</span> <span class='ocrx_word' id='word_1_353' title='bbox 436 1980 482 2005; x_wconf 83' lang='lat' dir='ltr'>lv,</span> <span class='ocrx_word' id='word_1_354' title='bbox 501 1978 539 2000; x_wconf 78' lang='lat'>61.</span> <span class='ocrx_word' id='word_1_355' title='bbox 703 1978 755 2006; x_wconf 82' lang='lat'>(2)</span> <span class='ocrx_word' id='word_1_356' title='bbox 779 1977 872 2004; x_wconf 78' lang='lat' dir='ltr'>Tlmcyd.</span> <span class='ocrx_word' id='word_1_357' title='bbox 895 1979 919 2005; x_wconf 84' lang='lat'>1,</span> <span class='ocrx_word' id='word_1_358' title='bbox 941 1983 978 2004; x_wconf 74' lang='grc' dir='ltr'>ας.</span> <span class='ocrx_word' id='word_1_359' title='bbox 1155 1975 1208 2004; x_wconf 66' lang='lat' dir='ltr'>(a)</span> <span class='ocrx_word' id='word_1_360' title='bbox 1228 1973 1334 1998; x_wconf 75' lang='lat' dir='ltr'>Herodot.</span> <span class='ocrx_word' id='word_1_361' title='bbox 1355 1973 1422 2000; x_wconf 78' lang='lat' dir='ltr'>vni,</span> <span class='ocrx_word' id='word_1_362' title='bbox 1442 1977 1479 1995; x_wconf 64' lang='grc' dir='ltr'>ει.</span> 
     </span>
     <span class='ocr_line' id='line_1_36' title="bbox 245 2013 1675 2052; baseline -0.007 -10"><span class='ocrx_word' id='word_1_363' title='bbox 245 2021 301 2052; x_wconf 69' lang='grc'>(4)</span> <span class='ocrx_word' id='word_1_364' title='bbox 321 2020 424 2043; x_wconf 74' lang='lat' dir='ltr'>Herodot.</span> <span class='ocrx_word' id='word_1_365' title='bbox 448 2020 493 2046; x_wconf 80' lang='lat' dir='ltr'>lx,</span> <span class='ocrx_word' id='word_1_366' title='bbox 511 2023 560 2044; x_wconf 83' lang='lat'><strong>¹06-</strong></span> <span class='ocrx_word' id='word_1_367' title='bbox 697 2018 751 2048; x_wconf 79' lang='lat'>(5)</span> <span class='ocrx_word' id='word_1_368' title='bbox 774 2019 901 2043; x_wconf 72' lang='lat' dir='ltr'>Panathen,</span> <span class='ocrx_word' id='word_1_369' title='bbox 922 2026 945 2047; x_wconf 76' lang='lat' dir='ltr'>p.</span> <span class='ocrx_word' id='word_1_370' title='bbox 959 2024 1018 2046; x_wconf 74' lang='lat'>241,</span> <span class='ocrx_word' id='word_1_371' title='bbox 1033 2019 1069 2045; x_wconf 87' lang='lat' dir='ltr'>D,</span> <span class='ocrx_word' id='word_1_372' title='bbox 1091 2021 1146 2045; x_wconf 70' lang='lat'><strong>¹⁴3,</strong></span> <span class='ocrx_word' id='word_1_373' title='bbox 1160 2017 1190 2040; x_wconf 83' lang='lat' dir='ltr'>D.</span> <span class='ocrx_word' id='word_1_374' title='bbox 1323 2014 1377 2043; x_wconf 85' lang='lat'>(6)</span> <span class='ocrx_word' id='word_1_375' title='bbox 1400 2014 1467 2038; x_wconf 76' lang='lat' dir='ltr'>[socr.</span> <span class='ocrx_word' id='word_1_376' title='bbox 1483 2013 1591 2039; x_wconf 66' lang='lat' dir='ltr'>Panegyr·</span> <span class='ocrx_word' id='word_1_377' title='bbox 1613 2016 1634 2032; x_wconf 78' lang='lat' dir='ltr'>c·</span> <span class='ocrx_word' id='word_1_378' title='bbox 1651 2013 1675 2038; x_wconf 70' lang='lat'>7·</span> 
     </span>
    </p>
   </div>
  </div>
 </body>
</html>
