1913 2417
306 201 347 223 20
816 185 1276 220 MEMORIA

310 285 445 316 miseriis
467 284 624 327 indiguit,
658 287 690 315 in
717 282 860 325 juvando
883 282 1023 324 denique
1056 287 1088 312 et
1115 280 1336 312 subveniendo
1365 286 1395 311 et
1421 280 1618 312 sublexando
1646 281 1780 316 afflictas

310 351 433 384 pronus
453 351 578 384 semper
603 346 697 382 atque
725 345 823 370 totus.

352 397 448 436 Quod
490 396 616 428 tandem
656 405 808 427 nouum
836 394 1023 437 dignitatem
1055 395 1192 426 maxime
1221 395 1375 431 absolvit,
1413 392 1534 424 modica
1570 392 1623 424 illa
1657 392 1716 424 fuit
1747 399 1785 426 eh

308 453 479 484 mediocris
505 451 634 483 vivendi
663 452 764 491 ratio,
787 461 868 493 qua,
891 451 1014 481 tametsi
1037 452 1082 481 rei
1103 450 1267 482 familiaris
1298 451 1399 494 copiis
1422 449 1589 481 abundans
1603 472 1612 486 ‚
1636 451 1783 492 corporis

311 508 406 539 saluti
441 497 561 551 optime
584 518 707 550 semper
731 506 913 545 consuluit,
938 509 972 537 in
993 509 1083 538 omni
1107 507 1172 538 vita
1196 508 1250 538 vix
1276 517 1312 538 ac
1344 518 1384 537 ne
1416 506 1469 537 vix
1506 506 1635 548 quidem
1665 504 1786 536 morbo'

312 570 462 596 tentatus.
517 566 646 594 Senecta
680 562 810 593 demum
846 562 886 592 ad
913 563 1023 594 munia
1058 563 1202 605 corporis
1238 562 1399 600 invalido,
1432 563 1603 604 tussique,
1633 572 1715 604 quae
1742 560 1786 592 ad

307 627 442 651 mortem
459 619 576 657 adfuit,
601 618 797 661 spasmodica
815 618 985 661 impedito,
1009 619 1106 649 simul
1127 629 1209 661 quae
1227 619 1262 649 in
1282 618 1423 650 videndo
1440 618 1665 660 audiendoque
1684 623 1777 649 acuta

308 676 386 706 olim
419 675 546 707 fuerant
577 685 730 707 sensuum
757 685 896 717 organa,
930 674 1089 706 imbecilla
1121 685 1156 706 ac
1190 674 1305 706 debilia
1334 669 1513 706 evaserunt.
1565 674 1712 716 Denique
1740 684 1782 704 ex

305 731 397 763 obitu
427 742 628 763 ANDREAE
652 741 787 763 count
803 743 842 762 DI
873 731 932 762 filii
967 731 1163 763 dilectissimi
1194 730 1395 773 aliquatenus
1426 729 1581 760 afssictum
1603 729 1780 771 dejectum-

307 799 370 831 que
396 789 552 825 *animum
577 788 638 819 sibi
668 789 775 820 sensit.
830 788 911 818 Hinc
938 788 972 818 in
1001 787 1177 818 solitudine
1202 787 1348 829 degenti,
1371 786 1534 817 literarum
1554 785 1659 816 studia
1678 784 1787 828 perfu-

309 845 397 886 gium
424 845 453 874 ei
484 855 519 875 ac
543 844 690 876 solatium
716 843 940 887 praebuerunt.
987 844 1031 875 lta
1053 843 1092 874 ad
1123 843 1264 874 Instituit
1289 844 1379 885 Regii
1411 841 1533 873 labores
1566 847 1597 872 et
1624 841 1785 885 disceptat·-

305 901 408 931 tiones
443 901 644 943 potissimum
690 901 832 931 animum
859 899 995 931 intendit
1021 904 1108 942 (9¹,
1141 900 1221 941 quin
1246 905 1277 930 et
1306 909 1424 942 paucos
1450 905 1522 929 aute
1549 897 1616 929 dies
1639 909 1736 940 quam
1759 909 1782 929 e

305 958 368 987 vita
396 957 586 995 discederet,
611 968 740 999 operam
770 967 899 986 omnem
928 956 967 986 ad
1001 956 1269 993 examinandum,
1300 955 1389 998 quod
1421 957 1455 985 in
1489 954 1609 997 aegroti
1645 954 1783 997 alicujus

304 1013 407 1043 vesica
437 1012 642 1044 observatum
669 1012 730 1043 fuit
756 1012 888 1048 vitium,
911 1013 978 1054 jam
1006 1019 1078 1042 ante
1103 1012 1348 1054 investigatum,
1370 1012 1549 1042 accuratius
1577 1009 1780 1053 diligentius·

303 1079 367 1111 que
395 1068 652 1111 perspiciendum
682 1068 724 1097 ita
751 1067 920 1104 adhibuit,
955 1073 992 1099 ut
1017 1075 1179 1110 quotquot
1203 1068 1237 1098 in
1264 1068 1367 1098 varias
1390 1068 1558 1110 opiniones
1581 1066 1780 1098 discederent

302 1124 436 1162 eruditi,
470 1124 509 1155 ad
535 1134 633 1155 unam
668 1122 757 1154 facile
780 1126 970 1154 sententiam
997 1131 1212 1166 congruerent
1232 1134 1350 1154 omues<
1371 1130 1402 1155 et
1424 1122 1658 1154 concordarent
1685 1123 1788 1160 (ιοῖ.

346 1183 455 1223 Atque
488 1182 529 1211 ita
557 1179 684 1211 taudem
711 1181 744 1211 in
777 1179 884 1211 labore
907 1180 1139 1223 cujuscumque
1166 1181 1290 1223 generis
1320 1179 1449 1211 salutari
1487 1178 1655 1217 assiduus,
1687 1189 1781 1210 nou·

304 1248 422 1275 ulus,
447 1238 497 1268 vir
522 1236 716 1279 praeclarus,
742 1235 780 1266 ad
808 1236 960 1268 ultimum
985 1236 1111 1267 dierum
1140 1236 1312 1267 terminum
1342 1237 1569 1279 perseveravit..
1611 1234 1789 1266 Exhaustis

304 1293 444 1332 viribus,
479 1293 578 1325 altero
600 1299 632 1324 et
653 1293 849 1334 octogesimo
877 1293 986 1323 aetatis
1015 1302 1117 1331 anno,
1151 1291 1191 1323 de
1218 1293 1288 1323 vita
1303 1292 1473 1334 migravit,
1497 1297 1534 1322 ut
1557 1291 1706 1322 coelestes
1737 1298 1791 1322 re·

301 1350 431 1392 gioues,
456 1361 522 1381 non
550 1349 637 1380 velut
664 1349 778 1390 hospes
804 1359 840 1379 ac
871 1348 1074 1391 peregrinus,
1100 1348 1155 1380 sed
1186 1355 1222 1380 ut
1250 1348 1374 1391 pridem
1408 1348 1587 1391 adscriptus
1615 1348 1672 1385 iis,
1696 1346 1785 1378 colo·

302 1416 363 1436 nus
395 1407 568 1444 inviseret,
605 1406 666 1436 levi
692 1404 806 1435 morbo
832 1404 960 1447 lenique
992 1406 1106 1436 mortis
1139 1416 1254 1447 genere
1283 1405 1453 1436 translatus
1484 1405 1560 1436 illuc
1577 1427 1587 1441 ,
1619 1404 1676 1435 ubi
1702 1401 1790 1434 nulli.

302 1467 377 1491 sunt
403 1461 558 1493 felicitatis
582 1460 680 1498 fines,
702 1460 784 1491 nulli
807 1463 936 1492 virtutis
960 1462 1099 1493 termini.
1146 1464 1212 1500 lta,
1237 1455 1386 1504 inquam,
1420 1461 1473 1492 ille
1495 1472 1514 1492 a
1535 1461 1639 1503 prima
1666 1461 1782 1501 juven--

301 1524 368 1548 tute
393 1517 432 1548 ad
462 1518 586 1549 obitum
614 1528 680 1548 non
704 1516 765 1547 sibi
790 1516 894 1548 solum
909 1539 917 1553 ,
943 1517 999 1548 sed
1020 1518 1231 1560 propinquis,
1255 1519 1310 1549 sed
1338 1517 1500 1549 sodalibus
1528 1524 1624 1560 atque
1650 1515 1781 1553 amicis,

301 1573 355 1604 sed
386 1575 526 1616 patriae,
555 1573 609 1605 sed
639 1573 764 1604 civibus
791 1580 822 1603 et
853 1574 1028 1615 posteritati
1063 1573 1252 1605 utilissimus
1286 1574 1346 1605 fuit
1375 1581 1406 1605 et
1437 1572 1788 1605 commendatissimus„

302 1629 349 1659 lta
379 1631 473 1660 etiarn
493 1653 501 1667 ‚
534 1630 688 1672 quamdiu
722 1628 877 1660 masculae
923 1628 1096 1660 eruditioni
1131 1636 1163 1660 et
1202 1631 1312 1661 virtuti
1346 1640 1423 1661 suus
1458 1629 1615 1661 constabit
1654 1628 1780 1664 honos,

302 1685 464 1716 doctrinae
498 1692 528 1717 et
560 1686 731 1725 sapientiae
762 1695 1003 1716 BONNIANAE
1032 1684 1115 1716 fama
1132 1709 1141 1724 ,
1171 1697 1252 1728 quae
1278 1685 1400 1716 tamdiu
1430 1685 1473 1716 ad
1496 1695 1615 1722 unam,
1639 1694 1707 1714 non
1731 1681 1778 1713 di·

300 1752 368 1771 cam
402 1744 588 1784 Europam,
622 1741 675 1772 sed
706 1740 745 1771 ad
775 1751 908 1771 omnem
940 1747 1097 1772 terrarum
1131 1741 1242 1773 orbem
1279 1748 1485 1785 pervaserat,
1518 1740 1558 1771 ad
1589 1744 1780 1783 perpetuam

300 1799 485 1828 memoriam
511 1796 742 1841 propagabitur
768 1802 827 1834 (11
848 1801 869 1836 ).

345 1856 450 1896 Atque
482 1853 576 1885 nobis
603 1854 718 1891 etiam,
749 1853 806 1895 qui
835 1855 942 1885 virum
971 1855 1058 1886 hunc
1088 1854 1285 1898 praeclarum
1316 1857 1377 1886 rite
1404 1854 1556 1885 novimus
1579 1860 1611 1885 et
1643 1865 1683 1885 ex
1717 1855 1786 1886 ani-

299 1920 353 1939 mo
381 1909 599 1948 laudavimus,
628 1908 805 1940 recordatio
831 1909 907 1940 haec
937 1910 1080 1942 dolorem
1124 1911 1258 1950 lembst,
1300 1910 1542 1942 delectationem
1577 1917 1609 1941 et
1637 1910 1785 1942 solamen

294 1964 413 1997 afferet.
458 1967 540 2006 Nos,
578 1972 742 2008 quotquot
765 1965 961 1998 Medicorum
986 1967 1094 2000 ordini
1117 1978 1230 2001 sumus
1261 1966 1432 2010 adscripti,
1465 1967 1622 2010 peritiam
1653 1967 1722 2010 ejus
1751 1974 1784 1998 et

1742 2022 1785 2055 di.
