1913 2417
366 113 871 144 COMMENTATIO
929 113 1280 144 BOTANICA.
1541 125 1578 154 53

113 195 156 226 Ut
180 201 273 226 autem
299 204 333 224 ex
356 196 446 226 humo
470 197 611 226 radiculae
632 197 767 225 hauriunt
792 205 915 232 aquam,
936 197 979 225 sic
1005 195 1074 225 folia
1100 205 1133 225 ex
1158 198 1235 225 ae're:
1260 196 1330 226 folia
1354 198 1427 226 enim
1454 196 1526 227 roris
1547 202 1575 225 et

66 248 239 283 humorum,
271 248 321 283 qui
343 256 358 276 e
389 254 476 277 terrae
498 248 659 277 visceribus
682 248 881 283 adscendunt,
909 248 1050 284 insignem
1077 248 1228 277 absorbere
1252 249 1364 285 copiam
1398 251 1500 286 (15),
1530 257 1579 277 su-

62 308 113 336 pra
142 299 275 335 pluribus
307 299 506 335 experimentis
535 299 807 328 demonstravimus.
860 300 905 328 Ex
938 299 1018 328 hisce
1048 299 1135 335 igitur
1164 299 1233 327 satis
1266 305 1400 329 constare
1433 300 1572 334 videtur,

64 359 166 385 aquam
191 357 343 379 commune
364 358 428 379 esse
451 350 611 385 plantarum
637 350 823 385 alimentum,
854 358 992 385 eamque,
1022 356 1053 378 ut
1078 351 1217 386 eleganter
1240 350 1441 379 llumboldtius
1466 352 1579 387 (16),

63 409 123 430 non
146 402 240 429 solum
266 401 391 435 plantam
419 400 546 436 nutrire,
578 400 669 429 totius
694 400 817 429 fabricae
839 409 907 429 vasa
934 401 1069 436 dilatare,
1090 402 1141 430 sed
1166 401 1251 430 fibras
1278 403 1492 438 languescentes
1517 401 1579 429 irri-

62 458 141 487 tare,
162 451 367 486 corroborare,
390 450 520 486 reficere,
542 451 600 479 vim
621 452 736 480 vitalem
757 460 870 488 augere.

102 502 182 532 Haec
204 510 278 538 aqua
290 522 300 537 ‚
321 502 505 531 secretionem
531 509 683 538 postquam
702 503 730 530 in
749 501 831 531 foliis
847 511 937 539 passa
950 509 1015 538 est,
1033 503 1132 538 ibique
1148 504 1240 533 varias
1262 504 1398 541 deposuit
1415 512 1508 541 partes
1525 512 1577 533 nu·-

66 555 178 584 tritioni
194 554 353 589 plantarum
373 553 578 588 inservientes,
600 562 649 589 per
665 552 734 582 folia
744 554 844 583 iterum
862 555 1017 584 exhalatur.
1055 556 1139 590 Aqua
1157 555 1223 590 illa,
1245 565 1318 592 quae
1333 565 1347 585 a
1364 556 1442 585 foliis
1455 555 1580 584 excerni-

64 612 131 640 tur,
160 603 331 641 limpiditate
355 610 382 631 et
402 604 540 640 gravitate
563 604 593 632 in
614 613 713 641 genere
736 613 802 634 cum
828 607 902 641 aqua
929 605 1039 642 vulgari
1059 607 1215 642 convenit,
1245 616 1453 643 nonnunquam
1485 614 1579 635 autem

65 656 210 693 principio
231 654 376 683 odorifero
406 655 598 692 impraegnata
621 663 649 684 et
673 665 746 692 aqua
770 657 881 694 vulgari
905 657 1001 693 tnagis-
1022 657 1050 685 in
1074 657 1287 694 corruptionem
1305 667 1394 694 prona
1412 664 1454 687 est
1479 659 1579 695 (ιγ).

102 706 146 735 Ut
168 707 202 735 de
221 714 328 741 aquae,
350 714 422 741 quae
446 706 481 734 ab
504 706 567 734 aliis
590 706 671 735 foliis
693 707 723 736 in
747 714 824 736 statu
843 708 974 743 liquido,
1005 708 1039 736 ab
1063 709 1127 737 aliis
1157 709 1186 736 in
1209 715 1293 737 statu—
1311 708 1448 745 gasformi
1471 709 1584 737 exhala-

66 764 133 794 tur,
155 757 316 786 excretione
341 764 473 785 constare
494 757 606 793 possit,
628 759 725 794 plures
751 758 862 787 faciunt
886 759 1034 794 methodi,
1055 767 1175 794 quarum
1202 767 1274 794 seqq
1311 760 1434 788 indicare
1461 761 1554 790 liceat.

74 802 77 804 ¹
107 818 132 839 1.
161 808 242 837 Haec
262 815 335 843 aqua
360 807 398 836 de,
414 806 499 836 foliis
519 809 620 845 magna
645 809 732 845 copia
753 808 922 846 colligitur,
944 810 970 838 si
992 810 1075 846 plura
1101 809 1172 838 folia
1195 809 1388 840 immittantur
1410 811 1440 840 in
1463 812 1586 848 globum

66 861 199 891 vitreum.

101 920 137 942 2.
168 910 299 940 Gramini
315 910 426 948 vulgari
445 910 582 948 imposito
605 913 737 949 cylindro
755 913 866 948 vitreo,
888 909 993 941 multae
1009 917 1079 948 post
1094 912 1206 949 aliquot
1223 913 1328 948 horas,
1347 913 1447 949 parieti
1472 915 1586 951 lagenae

66 963 180 991 interno
202 963 406 998 adhaerentes,
428 971 517 998 aquae
540 965 672 1000 guttulae
697 965 908 1000 observantur-⁷,
936 963 1054 993 etiamsi
1072 971 1123 1000 per
1143 964 1253 993 multos
1284 972 1394 993 menses
1414 966 1492 994 nulla
1514 966 1580 1002 plu»

64 1013 110 1043 via
132 1013 220 1042 fuerit
248 1014 412 1043 observata.

103 1073 132 1100 3.
161 1064 238 1093 Haec
263 1072 336 1100 aqua
355 1073 369 1093 a
396 1066 602 1095 nonnullorum
625 1067 828 1104 vegetabiIIum
857 1060 938 1095 foliis
962 1066 1043 1095 tanta
1073 1066 1237 1095 excernitur
1259 1067 1364 1104 copia,
1393 1073 1425 1096 ut
1448 1068 1582 1104 guttatim

65 1115 186 1151 defluat,
206 1122 237 1144 et
260 1115 424 1146 animalium
452 1111 641 1152 quorumdam
669 1118 806 1147 alimento
837 1117 989 1147 inserviat:
1019 1126 1062 1146 nev
1080 1125 1157 1147 nunc
1181 1117 1294 1153 dicam,
1324 1119 1365 1147 aci
1380 1118 1581 1157 Populorum,

67 1166 193 1195 Salicum
227 1173 254 1195 et
277 1166 382 1195 Musae
405 1168 597 1203 paradisiacae
629 1169 700 1198 folia
731 1175 827 1206 guttas
857 1177 963 1204 aqueas
997 1169 1096 1205 colligi
1123 1177 1210 1205 posse
1236 1169 1343 1206 (18),
1373 1171 1497 1206 exempli
1516 1172 1583 1201 loco

62 1217 166 1253 potius
187 1225 338 1246 memorem
364 1218 545 1255 Nepenthem
571 1220 786 1248 destillatoriam
812 1219 873 1248 sive
898 1219 1033 1249 Indicam>
1052 1221 1164 1258 (19),
1191 1220 1222 1249 in
1243 1220 1330 1249 Asiae
1355 1221 1476 1251 desertis
1506 1223 1586 1252 inve-

66 1268 219 1303 niendam3
244 1269 312 1298 haec
335 1270 492 1305 singularis
514 1271 612 1305 planta
626 1270 697 1299 folia
717 1270 772 1299 fert
794 1270 974 1305 lanceolata,
1006 1279 1129 1306 quorum
1152 1271 1247 1307 apices
1270 1271 1341 1307 filo,
1363 1281 1378 1300 e
1400 1281 1461 1309 quo
1482 1274 1588 1310 depen-

64 1319 111 1347 det
138 1319 280 1348 ascidium
307 1319 433 1357 (saccus
464 1321 691 1357 compositionis
718 1320 887 1359 foliosae),
918 1321 1063 1351 instructi·
1087 1328 1183 1359 sunt,
1212 1322 1301 1360 hujus
1335 1323 1437 1352 ascidii
1472 1325 1590 1354 orificio-

1526 1383 1587 1404 cre-

95 1467 166 1495 (15)
188 1469 225 1490 Ad
243 1469 379 1494 humorum,
394 1474 452 1495 quos
470 1468 527 1491 folia
546 1474 574 1491 ex
593 1469 646 1491 nete
668 1468 858 1496 Atmosphaerico
874 1468 1014 1496 suscipiunt,
1030 1469 1176 1497 quantitatem
1197 1469 1403 1497 determinandam,
1419 1469 1588 1493 accuratissima

67 1507 198 1535 Balesium,
219 1509 241 1530 in
263 1509 429 1537 vegetabilium
448 1510 549 1538 Sintica,
565 1510 688 1532 instituisse
701 1509 865 1537 experimenta,
881 1515 990 1537 quantum
1013 1511 1121 1538 memini,
1144 1517 1225 1538 supra,
1242 1512 1282 1533 ubi
1301 1514 1329 1533 de
1351 1512 1498 1538 absorptione
1519 1511 1589 1533 folio·

65 1554 114 1570 rum
135 1548 185 1577 egi,
207 1551 308 1571 nondum
328 1552 413 1573 monui.
443 1551 481 1577 Si,
502 1552 627 1573 secundum
646 1551 710 1576 hujus
730 1551 779 1574 Viri
798 1551 834 1573 cl.
854 1553 1001 1578 methodum,
1021 1551 1084 1573 radix
1109 1553 1198 1579 plantae
1219 1553 1356 1574 immittatur*
1381 1552 1404 1573 in
1432 1558 1471 1573 vas
1490 1553 1588 1574 vitreum

65 1595 203 1618 recurvum,
217 1593 273 1618 aqua
291 1591 397 1619 plenum,
414 1593 490 1614 clauso
511 1592 565 1615 loeo
588 1593 764 1619 commissurae,
780 1598 826 1614 tum
845 1594 1016 1615 decrementum
1037 1599 1122 1620 aquae,
1139 1593 1162 1614 in
1179 1595 1251 1615 altero
1274 1599 1352 1620 crure,
1370 1593 1480 1615 indicabit
1497 1593 1589 1620 quanti-

64 1635 135 1652 tatem
155 1637 224 1658 aquae
243 1638 283 1659 per
303 1632 401 1654 radicem
420 1633 556 1661 absorptae,
572 1640 643 1661 quae,
666 1640 677 1655 a
698 1634 800 1661 pondere
817 1633 886 1656 totius
907 1633 997 1661 plamae
1016 1635 1128 1660 detracta,
1154 1634 1272 1656 exhibebit
1291 1636 1453 1656 incrementum
1474 1636 1561 1660 plantae
1574 1639 1588 1654 e

66 1672 158 1694 materia
186 1678 214 1693 ex
239 1667 292 1694 εἶτε
315 1675 434 1701 absorptat
458 1674 512 1697 Vid.
533 1675 557 1700 J.
579 1675 796 1704 Gomar‚,D1·ssert.
816 1675 924 1702 Physica«
945 1673 971 1694 de
998 1675 1166 1701 Vegetabr'ltbus
1194 1676 1252 1697 Part.
1269 1676 1286 1697 Ῐ.
1307 1681 1357 1702 pag.
1373 1675 1415 1702 76,
1438 1681 1494 1702 quae
1513 1675 1587 1697 addita

65 1717 99 1735 est
119 1713 141 1734 C.
163 1712 264 1732 Lr'tmaei
294 1714 396 1736 Orationi
417 1715 441 1734 de
460 1715 604 1736 Necosst'sate
622 1715 836 1742 Peregrinationum
859 1716 923 1736 intra
938 1716 1041 1743 patriam
1062 1720 1105 1738 etc.
1127 1717 1196 1742 Lugd.
1213 1717 1292 1739 Batav.
1311 1721 1372 1742 1743.

93 1755 162 1782 (¹⁶)
184 1755 236 1777 vid.
257 1760 300 1774 van
322 1754 363 1775 der
381 1757 439 1776 Bonn
461 1757 555 1785 Μυσὴ,
576 1758 651 1780 Comm.
671 1756 741 1779 ehem,
766 1757 782 1780 1.
803 1763 823 1779 c.
845 1763 894 1784 pag.
914 1763 956 1784 40„
986 1758 1021 1779 Ex
1043 1758 1140 1785 antiquis
1168 1759 1305 1779 Graecorum
1330 1756 1473 1784 Philosophis
1496 1757 1588 1785 Thala,

65 1802 117 1819 cum
140 1797 215 1818 omnia
238 1797 332 1818 humore
353 1796 429 1819 nutriri
450 1798 556 1827 videret,
571 1805 650 1826 aquam
668 1804 718 1820 esse
738 1798 795 1820 dixit
815 1804 890 1821 rerum
910 1799 1014 1826 initium,
1036 1804 1059 1820 et
1078 1800 1152 1821 Deum
1173 1804 1202 1821 ex
1221 1805 1277 1827 aqua
1303 1804 1385 1822 cuncta
1407 1799 1508 1821 finxisse.
1538 1797 1588 1822 Viti.

65 1837 160 1863 Claro,
182 1837 214 1859 N.
231 1837 260 1859 D.
284 1838 310 1859 L.
324 1838 342 1859 1-
366 1845 386 1860 c.
404 1844 437 1861 Ιο.

93 1878 162 1904 (17)
184 1877 235 1900 Vid.
255 1877 419 1899 Moldmhawer
441 1879 456 1901 Ι.
479 1885 498 1902 c.
518 1886 568 1906 pag.
584 1880 619 1902 80.
650 1880 688 1900 Du
708 1880 786 1901 Ham!
806 1880 822 1902 1.
843 1886 862 1903 c.
883 1881 951 1903 Tom.
966 1882 985 1903 1.
1009 1886 1061 1908 pag.
1076 1886 1125 1909 143.

93 1919 158 1947 (18)
180 1917 232 1940 vid.
249 1918 370 1939 Sennehier
386 1919 402 1942 l.
418 1926 437 1942 α.
459 1922 526 1943 Tom.
542 1922 580 1943 lv.
602 1927 651 1948 mg.
665 1923 702 1946 85-

94 1959 161 1988 (19)
183 1959 256 1986 nujus
268 1959 386 1987 singularis
407 1962 528 1984 admodum
543 1963 632 1991 plantae
652 1962 776 1992 descriptio
791 1963 895 1986 videntur
915 1963 937 1985 in
959 1963 1156 1992 clarummane,
1171 1962 1253 1984 Monat
1268 1963 1384 1991 February
1401 1962 1462 1987 1806.
1477 1967 1527 1990 pne·
1542 1967 1589 1988 ²⁵⁴·

858 2003 923 2040 Ga
