1913 2417
284 114 564 146 RESPONSIO
588 123 637 145 An
667 114 1023 153 QU'AESTIONEM
1052 117 1505 150 HYDROSTATICAM.
1610 120 1646 149 61

138 201 265 241 pondere
288 207 386 237 agere,
414 208 466 228 nec
488 199 518 228 in
544 199 703 236 bilancem,
723 208 774 229 nec
800 199 829 228 in
854 200 986 230 fluidum.
1029 199 1121 229 Tenet
1149 201 1278 236 equidem
1301 210 1410 238 corpus
1435 202 1490 230 hoc
1515 202 1543 229 in
1567 207 1646 230 statu

136 260 232 284 totum
256 259 340 281 suum
365 251 482 287 pondus
501 251 606 288 (quod
622 251 788 280 absolutum
811 252 940 288 vocant)
964 259 1028 280 nam
1054 257 1118 287 est,
1139 252 1298 282 immediate
1319 254 1375 282 hoc
1401 262 1505 289 corpus
1524 253 1552 281 in
1575 261 1644 281 con-

132 305 286 345 junctione
310 309 338 332 et
361 310 425 331 cum
450 302 562 331 bilance
584 308 613 331 et
637 310 702 331 cum
724 302 830 331 fluido:
855 303 904 331 sed
924 303 1039 339 pondus
1063 303 1135 331 illud
1159 303 1325 332 absolutum
1349 311 1454 333 neutro
1485 305 1587 333 horum
1611 304 1643 332 fit

128 356 325 388 manifestum.
365 353 533 388 Dividitur,
563 359 595 382 ut
620 353 659 382 ita
692 353 804 390 dicam,
835 354 924 383 fluido
956 360 1067 382 tantum
1098 354 1289 392 sustinente,
1325 362 1464 391 quantum
1503 355 1646 384 sustinere

129 418 164 439 ex
194 416 245 437 sua
272 405 410 435 densitate
441 411 539 440 potest
558 425 569 440 ,
604 405 672 433 dum
697 405 806 441 reliqua
838 414 925 442 pars,
955 413 1078 441 quacum
1103 414 1230 442 corpus,
1257 406 1283 435 si
1316 406 1435 436 liberum
1469 413 1567 442 esset,
1595 414 1646 442 per

129 459 249 490 fluidum
280 457 480 491 descenderet,
507 455 537 484 in
565 456 707 485 bilancem
737 458 815 493 agit,
846 457 945 493 ibique
978 456 1212 494 contrapondiO,
1241 459 1319 493 quod
1347 459 1503 494 requiritur
1529 459 1563 487 ad
1585 466 1645 486 eam

127 509 362 543 sustentandam,
383 506 561 541 innotescit,
582 508 657 536 unde
680 508 748 536 haec
770 517 836 545 pars
858 509 974 545 pondus
1000 509 1151 542 relat1vum
1175 515 1306 538 vocatur.

167 562 215 592 Ex
239 560 285 589 his
313 558 448 588 omnibus
469 559 566 594 itaque
587 565 726 595 apparet,
747 559 776 588 in
799 559 981 588 examinanda
998 560 1048 588 lite
1069 560 1103 588 de
1138 560 1326 596 gravitatione
1351 561 1506 590 fluidorum
1530 560 1559 588 in
1577 568 1648 595 pro-

128 614 203 652 priis
228 612 321 647 locis,
353 610 424 638 bene
450 618 512 653 esse
540 611 743 640 attendendum
769 610 804 639 ad
826 616 950 639 mentem
975 611 1175 649 litigantium,
1203 611 1315 641 scilicet
1343 620 1493 648 quemnam
1522 619 1645 648 sequen-

126 672 187 694 tum
209 664 295 693 trium
323 670 443 690 casuum
466 661 678 692 intellexerim:

166 716 207 746 10.
237 713 416 744 Gravitatem
437 713 519 747 fluidi
539 713 570 742 in
596 713 699 744 fluido.

165 766 210 796 20.
239 765 356 794 Pondus
377 764 459 792 fluidi
482 764 512 792 in
533 764 642 800 fluido,
663 766 725 794 sive
747 766 864 801 pondus
887 765 1069 798 absolutum.

167 817 213 854 30.
239 816 356 845 Pondus
383 814 464 844 fluidi
489 815 518 843 in
544 815 671 851 bilance,
693 817 754 845 sive
778 817 894 853 pondus
919 818 1079 846 relativum.

166 869 243 898 Haec
267 866 381 903 quidem
417 866 453 895 ad
478 866 644 895 discrimina
667 867 742 896 inter
773 867 949 905 litigantium
979 869 1134 898 sententias
1168 870 1336 899 invenienda
1370 870 1461 899 facere
1488 879 1638 907 possunt,

129 919 287 950 secundum
317 926 405 954 quae,
428 917 452 946 si
473 917 567 948 varIas
589 918 655 948 illas
677 919 953 957 examinaverimus,
978 920 1128 949 maximam
1153 921 1305 951 dissensus
1336 929 1444 959 partem
1471 923 1567 951 cadere
1591 931 1644 951 ve·

122 970 252 1001 rosimile
274 969 360 999 nobis
385 968 512 999 videtur.

167 1022 244 1050 Inter
270 1020 453 1056 ,antiquiores
476 1021 701 1058 philosophos,
731 1023 867 1058 quiante
895 1023 1034 1059 Boyleum
1060 1024 1197 1059 fuerunt,
1225 1031 1254 1053 et
1287 1033 1353 1054 suas
1378 1025 1422 1058 vde
1452 1024 1646 1061 gravitatione

123 1072 278 1102 fluidorum
301 1072 456 1100 sententias
487 1073 758 1102 ratiocinationibus
791 1075 991 1103 tantummodo
1018 1081 1292 1111 supet-struxerunt,
1318 1082 1352 1104 ut
1372 1082 1400 1104 et
1427 1076 1641 1107 observationi.

128 1124 186 1152 bus
209 1129 236 1152 et
258 1123 478 1159 experimentis,
507 1132 629 1158 quorum
652 1125 771 1154 effectus
795 1126 868 1155 veris
900 1128 1071 1162 plerumque
1093 1134 1153 1155 non
1181 1127 1305 1155 tribuere
1325 1126 1441 1162 causis3
1473 1127 1547 1155 inter
1571 1127 1643 1156 illos

121 1175 239 1212 inquam
264 1174 459 1211 philosophos
487 1175 620 1212 majorem
651 1176 772 1205 inveniri
795 1177 983 1212 dissensum,
1007 1185 1105 1205 verum
1130 1185 1224 1212 neque
1243 1185 1448 1213 apparentem,
1479 1186 1564 1213 quam
1590 1179 1640 1207 in-

120 1232 164 1255 ter
182 1226 375 1261 recentiores,
399 1226 475 1254 haud
493 1226 595 1255 mirum
621 1227 767 1255 videbitur
781 1228 844 1263 illi,
867 1228 917 1263 qui
938 1236 1033 1256 secum
1054 1234 1186 1264 reputet,
1208 1228 1338 1264 antiquis
1359 1229 1418 1258 illis
1435 1229 1641 1266 temporibus,

118 1277 162 1306 uti
193 1278 333 1306 variarum
354 1276 571 1312 doctrinarum,
598 1277 640 1307 sic
660 1285 688 1305 et
709 1277 851 1314 Physices
876 1285 971 1314 partes
993 1287 1052 1307 non
1077 1279 1146 1307 adeo
1176 1278 1269 1308 fuisse
1293 1280 1420 1309 excultas
1451 1289 1536 1316 quam
1559 1281 1639 1311 dein-

118 1336 199 1365 ceps.
241 1327 324 1355 Unde
348 1329 509 1357 necessario
533 1328 583 1364 qui
607 1336 641 1356 ex
665 1329 787 1357 diversis
811 1329 981 1365 principiis,
1011 1338 1135 1366 quorum
1158 1336 1252 1359 tamen
1277 1331 1496 1366 quodque‘suo.
1524 1332 1642 1361 auctorit

118 1388 215 1409 verum
241 1379 409 1415 videbatur,
433 1379 710 1415 proficiscebantur,
731 1379 847 1408 facilius
869 1380 943 1410 inter
963 1390 993 1410 se
1016 1382 1166 1410 dissentire
1196 1388 1373 1417 potuerunt-z
1406 1383 1475 1411 dum
1496 1391 1510 1411 e
1532 1390 1637 1412 contra

118 1431 291 1460 recentiores
313 1437 381 1466 post
405 1431 500 1467 magis
520 1432 669 1467 magisque
691 1432 848 1460 elaboratas
872 1437 898 1460 et
921 1431 1063 1467 perfectas
1078 1432 1268 1468 disciplinas,
1289 1433 1403 1461 etiamsi
1420 1441 1454 1461 ex
1478 1442 1537 1462 uno
1554 1433 1635 1470 prin-

119 1482 198 1519 cipio
223 1481 389 1518 progressi,
412 1488 505 1510 tractu
525 1488 616 1510 tamen
636 1482 774 1517 temporis
799 1491 814 1510 a
836 1490 867 1510 se
891 1483 1013 1511 invicem
1030 1483 1220 1518 dissentiant,
1243 1483 1303 1511 fieri
1331 1492 1390 1512 non
1419 1484 1534 1521 possit,
1556 1485 1630 1521 quin

118 1534 270 1563 dissensus
294 1532 341 1560 ille
367 1533 459 1569 major
480 1533 608 1562 videatur
630 1540 716 1569 quam
742 1533 801 1568 sit,
829 1533 951 1570 ejusque.
974 1541 1061 1562 causa
1085 1533 1184 1570 potius
1207 1534 1236 1562 in
1261 1534 1376 1570 verbis,
1407 1543 1493 1571 quam
1518 1536 1548 1565 in
1571 1536 1635 1573 ipsa

112 1593 143 1614 re
165 1585 203 1613 sit
229 1583 397 1620 quaerenda.

153 1635 219 1664 Hoc
243 1635 271 1663 in
294 1634 343 1662 lite
364 1636 517 1671 proposita
543 1635 706 1665 obtinuisse
735 1636 949 1666 contendimus.
989 1636 1145 1666 Videamus
1173 1643 1291 1672 autem,
1315 1644 1350 1666 an
1384 1638 1557 1668 sententiam
1580 1647 1639 1668 no*

110 1694 199 1718 stram
221 1686 342 1722 probare
364 1684 525 1721 possimus.

152 1738 325 1768 Aristoteles
350 1743 378 1765 et
403 1737 530 1774 Magnan
557 1738 635 1766 unici
660 1745 724 1767 ante
741 1739 886 1775 Boyleum*
897 1739 998 1775 fuere,
1021 1739 1072 1775 qui
1098 1739 1322 1776 gravitationem
1336 1740 1490 1769 fluidorum
1513 1742 1545 1769 in
1559 1749 1635 1778 pro-

116 1791 187 1829 priis
223 1790 297 1819 locis
330 1788 517 1825 affirmarent,
553 1789 619 1817 dum
651 1798 750 1819 omnes
787 1797 1028 1820 commentatores
1059 1791 1140 1820 illius
1173 1798 1200 1819 et
1230 1791 1365 1828 deinceps
1398 1791 1567 1828 Schottus,
1597 1793 1632 1821 il-

112 1843 169 1872 lam
194 1840 408 1878 gravitationem
427 1849 547 1877 prorsus
565 1848 710 1877 negarent.
750 1841 859 1871 Omnes
882 1842 931 1878 hi,
957 1849 1067 1878 praeter
1083 1842 1280 1879 Magnanum,
1304 1851 1338 1870 ex
1362 1850 1479 1872 naturae
1499 1850 1631 1873 contem·

111 1893 263 1931 piatione,
291 1899 324 1921 ex
358 1891 611 1921 observationibus
645 1893 858 1929 vulgatissimis
875 1914 886 1929 ,
921 1900 948 1922 et
973 1894 1094 1931 Judiciis
1120 1894 1155 1922 iis
1183 1894 1413 1930 superstructis,
1451 1895 1485 1923 ad
1517 1902 1631 1924 senten-

112 1943 180 1974 tiam
206 1952 290 1974 sunm⁴
316 1942 400 1973 fuere
423 1943 550 1974 deducti.
598 1943 726 1981 Magnan
759 1945 841 1975 solus
871 1944 946 1980 fuit,
978 1947 1029 1982 qui
1056 1946 1256 1983 experimentis
1285 1946 1444 1983 adhibitis,
1474 1946 1627 1976 eorundem

911 1995 943 2025 H
961 2005 975 2034 3
1586 2004 1631 2026 se—
