1913 2417
301 176 348 219 1‘3'
753 179 780 211 J.
832 167 873 211 Τ.’
921 166 1309 215 PL'USCHKE,

307 282 466 326 refugium
498 288 530 313 et
559 280 776 325 praesidium,
807 276 969 320 peculium
1003 282 1034 307 et
1058 276 1307 319 possessionem,
1338 274 1487 307 solatium
1513 281 1546 308 et
1566 277 1680 317 vitam3
1703 277 1768 322 qu'i

298 344 456 378 innuunt,
479 337 633 381 quicquid
663 334 811 367 mortales
843 335 878 364 in
908 333 960 364 his
993 333 1085 363 terris
1116 333 1225 375 magni
1262 332 1362 364 facere
1396 333 1535 372 soleant,
1558 340 1672 365 terram
1704 335 1773 368 fer*

299 397 407 436 tilem,
430 396 558 439 plenam
586 392 725 429 deliciis,
757 390 886 429 cibum,
916 395 1029 434 potum
1048 413 1056 426 ‚
1089 400 1215 432 pacem,
1246 389 1501 427 abundantiam,
1531 392 1669 429 amicos,
1702 392 1763 424 ho·

298 463 413 491 nores,
442 451 633 495 potentiam,
669 448 831 487 victorias,
863 458 899 479 ea
930 439 1039 477 omnia
1074 456 1108 476 se
1139 446 1173 476 in
1205 448 1273 478 Deo
1299 454 1330 478 et
1359 447 1428 490 ejus
1453 446 1685 479 consuetudine
1713 448 1766 480 in-

299 507 437 540 venisse!
470 508 527 551 qui
557 505 689 545 docent,
713 504 839 536 nullum
871 503 906 534 in
937 503 1045 533 animo
1081 501 1225 533 humano
1255 502 1446 535 desiderium
1472 503 1567 541 oriri,
1596 504 1690 546 cujus
1709 516 1765 536 ex.

299 564 471 608 pletionem
505 570 610 607 petere
637 573 703 594 non
730 561 829 604 possit
857 560 897 591 ab
918 569 977 598 eo,
1005 569 1103 602 penes
1129 569 1225 601 quem
1251 560 1291 591 sit
1314 559 1386 591 fons
1413 560 1562 603 perennis
1585 561 1691 592 omnis
1718 562 1767 593 vi-

299 627 367 657 tae,
392 621 484 663 cujus
510 621 544 651 in
569 619 692 651 lumine
713 617 823 649 lumen
856 616 1020 654 videatur,
1045 625 1062 646 a
1087 625 1154 657 quo
1187 622 1338 658 tanquam
1365 622 1453 660 patre
1483 615 1644 647 luminum
1669 628 1777 650 omne*

297 675 421 708 bonum
451 683 482 707 et
514 674 687 718 perfectum
713 673 837 705 donum
866 673 905 704 ad
931 671 1079 703 mortales
1101 671 1274 703 redundet!
1298 673 1356 715 qui
1374 678 1511 714 negant,
1535 671 1633 702 ullam
1655 672 1705 703 vel
1728 674 1773 705 in„

297 733 390 764 coelo
415 732 466 763 vel
496 732 530 762 in
564 732 655 762 terris
681 740 789 762 veram
824 729 1021 772 voluptatem
1059 734 1180 771 praeter
1211 730 1315 759 Deum
1351 726 1495 759 exstare!
1529 728 1586 770 qui
1619 739 1775 770 pronun·—

300 790 398 828 tiant,
427 799 530 831 neque
558 787 752 824 calamitate,
778 796 883 829 neque
909 785 1081 827 augustia,
1112 795 1217 827 neque
1241 785 1425 822 vexatione,
1456 794 1561 826 neque
1585 783 1688 822 fame,
1712 795 1769 816 ne-

300 856 365 888 que
381 844 542 888 periculo,
567 854 671 886 neque
690 842 818 885 gladio,
850 852 955 884 neque
982 847 1106 880 morte,
1135 851 1240 884 neque
1262 841 1348 882 vita,
1375 851 1480 883 neque
1501 840 1640 882 angelis,
1664 851 1780 884 neque⁴

301 900 529 944 potestatibus,
554 911 659 943 neque
678 899 917 943 praesentibus,
942 909 1046 940 neque
1070 896 1210 936 futuris,
1233 907 1338 939 neque
1356 895 1564 934 sublimibus,
1593 907 1697 940 neque
1715 897 1782 929 dea

301 958 405 989 missis
432 956 541 990 divelli
567 967 602 988 se
625 957 825 999 seperarique
849 965 941 998 posse
967 953 1008 985 ab
1036 954 1194 984 immenso
1220 963 1328 983 amore
1364 953 1427 984 Dei
1452 951 1639 991 invisibilis,
1668 964 1775 996 quem?

301 1019 454 1056 tanquam
487 1013 589 1045 oculis
624 1012 869 1055 adspectabilern
905 1011 1029 1042 fortiter
1062 1008 1331 1053 apprehenderint
1364 1014 1396 1039 et
1429 1007 1564 1039 firmiter
1593 1008 1783 1040 tenuerint?

300 1071 358 1113 qui
387 1068 466 1100 adeo
494 1068 577 1100 vitae
610 1068 738 1099 divinae
767 1074 798 1098 et
828 1067 975 1098 coelestis
1003 1072 1171 1109 compotes
1198 1064 1271 1095 facti
1299 1063 1507 1106 filiorumque
1533 1064 1592 1095 Dei
1617 1064 1789 1108 dignitate*

302 1126 396 1170 potiti
432 1124 516 1156 hanc
545 1124 644 1155 vitam
671 1123 847 1154 humanam
868 1122 956 1154 velut
979 1122 1142 1164 superiore
1167 1131 1186 1153 e
1216 1120 1289 1151 loco
1315 1125 1555 1163 spectaverunt,
1585 1126 1618 1152 et
1642 1122 1677 1152 in
1705 1121 1787 1163 ipsat

300 1189 405 1214 morte
431 1186 561 1224 portum
591 1179 653 1211 sibi
676 1186 823 1222 paratum
845 1176 1134 1210 existimaveruntl.

345 1240 410 1270 Aut
444 1236 520 1268 tales
545 1237 606 1268 viri
633 1235 738 1267 felices
765 1236 912 1278 beatique
938 1233 1073 1277 putandi
1101 1239 1197 1270 sunt,
1228 1239 1287 1264 aut·
1310 1243 1413 1264 nemo·
1435 1241 1580 1275 unquam
1606 1231 1717 1263 beatus
1741 1235 1785 1262 ei:

304 1291 374 1324 ferm
401 1292 477 1326 fuit!
503 1293 626 1324 Annon
654 1292 743 1334 justo
769 1293 841 1333 jure
870 1291 1020 1333 spiritum
1051 1289 1200 1320 divinum
1220 1288 1281 1319 sibi
1302 1289 1472 1330 contigisse
1497 1287 1693 1329 gloriantur,
1717 1286 1785 1329 qui·

306 1359 374 1381 non
407 1351 559 1389 optimam
591 1358 658 1379 sese
684 1348 845 1378 invenisse
869 1345 1123 1389 philosophiam,
1153 1343 1209 1376 sed
1231 1354 1338 1376 veram
1371 1354 1404 1374 se
1434 1350 1540 1374 tenere
1567 1348 1654 1373 certo
1677 1342 1789 1373 suive-Y

305 1410 382 1436 runt
404 1399 666 1444 exploratumun
688 1402 891 1434 habuerunt?
913 1413 955 1433 an
979 1400 1165 1433 incredibile
1193 1407 1259 1441 est,
1283 1406 1427 1431 aeternae
1448 1405 1479 1429 et
1493 1398 1707 1429 sanctissimae
1724 1397 1774 1435 luq

306 1461 352 1492 cis
380 1456 542 1502 quendam
571 1455 664 1497 quasi
690 1454 815 1485 radium
852 1457 885 1488 in
919 1468 974 1490 eos
1004 1464 1157 1500 tanquam
1185 1456 1311 1487 fulmen
1336 1455 1475 1487 coelitus
1498 1454 1662 1496 delapsum
1689 1464 1774 1492 esse,

306 1527 373 1559 quo
404 1515 456 1557 pia
485 1522 596 1544 eorum
621 1517 749 1554 pectora
775 1509 1010 1542 illustrarentur
1034 1521 1067 1542 et
1092 1512 1362 1544 incenderentur?
1406 1522 1516 1542 annon
1541 1519 1572 1541 et
1595 1509 1775 1541 admiratio-

307 1582 385 1604 nem
410 1576 442 1600 et
470 1567 734 1600 auscultationem
757 1566 911 1597 debemus
939 1568 995 1605 its,
1018 1568 1076 1609 qui
1105 1576 1180 1597 cum
1203 1567 1288 1598 cives
1312 1574 1418 1598 essent
1440 1567 1537 1608 hujus
1563 1565 1696 1604 mundi,
1718 1565 1776 1597 ubi

310 1628 417 1660 onmia
445 1630 521 1656 sunt
543 1624 644 1658 varia,
670 1622 773 1659 fluxa,
796 1621 979 1661 mutabilia,
1004 1630 1110 1654 tamen
1138 1624 1234 1653 etiam
1257 1622 1388 1665 adeptos
1408 1632 1474 1652 sese
1496 1621 1608 1652 dicunt
1624 1621 1695 1662 jura
1714 1631 1775 1664 op-

312 1685 386 1715 tima
415 1682 542 1713 divinae
572 1678 708 1708 civitatis
724 1699 733 1713 ‚
763 1677 848 1709 dona
880 1685 912 1709 et
944 1685 1131 1710 ornamenta
1157 1677 1307 1721 perfecta,
1330 1677 1524 1713 constantia,
1547 1675 1696 1706 aeterna?
1716 1676 1774 1719 qui

311 1750 344 1771 se
374 1749 391 1768 a
426 1735 552 1768 coelesti
580 1741 667 1777 patre
703 1739 924 1774 consignatos,
956 1736 1088 1778 suisque
1121 1735 1236 1765 animis
1260 1734 1408 1776 spiritum
1440 1731 1531 1762 illum
1559 1741 1617 1773 pro
1641 1732 1776 1774 pignore

311 1794 421 1826 datum
444 1791 642 1826 existimant,
664 1788 771 1831 quod,
796 1788 873 1818 dum
901 1788 935 1818 in
957 1789 1002 1819 rei
1031 1787 1148 1818 fiducia
1173 1797 1203 1818 et
1229 1791 1469 1830 praesensione,
1495 1797 1562 1818 non
1588 1788 1622 1817 iu
1648 1788 1716 1830 ipsa
1741 1799 1776 1820 re

313 1854 500 1881 versentur,
524 1846 557 1875 in
583 1845 770 1886 corporibus
796 1845 862 1875 suis
892 1843 1078 1887 fragilibus,
1114 1850 1265 1886 tanquam
1289 1844 1472 1873 thesaurum
1501 1843 1533 1871 in
1558 1845 1698 1873 testaceis
1724 1854 1776 1876 ναι,

313 1907 375 1945 sis,
405 1912 510 1934 secum
542 1899 656 1931 set-ant!
688 1901 745 1942 qui
772 1901 880 1942 eloqui
907 1911 940 1931 se
968 1911 1059 1943 posse
1088 1906 1228 1943 negant,
1260 1899 1365 1930 brevis
1389 1904 1419 1928 et
1444 1897 1521 1928 levis
1547 1899 1580 1927 in
1608 1897 1658 1928 his
1684 1900 1776 1931 terrIs

316 1960 474 1994 calamitas
499 1968 596 2001 quain
624 1955 778 1997 sublime,
802 1967 900 2000 quam
925 1957 1111 1990 incredibile
1135 1956 1243 1996 dictu,
1267 1966 1364 1999 quam
1386 1962 1548 1987 aeternum
1565 1954 1682 1996 gloriae
1701 1967 1778 1998 pon-

1725 2011 1786 2044 dus
