1913 2417
258 147 656 180 *COMMENT-ATIO
674 155 733 176 nn
759 146 1130 186 QUAESTJQNEM
1154 148 1473 182 BOT-ANICAM.
1590 162 1631 191 -ιγ

92 232 184 264 ’ἰηῐει-
211 241 273 262 esse
297 233 421 263 videtur.
467 231 547 261 Folia
577 231 677 259 leviter
705 231 806 260 viridia
837 230 964 260 indicant
995 231 1109 261 fructus
1139 232 1218 261 omni
1248 231 1306 262 fere
1339 242 1441 269 sapore
1475 241 1625 271 expertes;

112 285 270 314 si-laetius
303 284 430 319 viridia,
460 282 557 312 mollia
589 288 616 310 et
647 282 703 310 lata
741 288 837 318 sunt,
872 282 987 311 fructus
1024 289 1136 320 gratum
1169 291 1298 320 saporem
1336 284 1489 321 referunt,
1527 294 1554 314 et
1585 286 1623 315 ita

104 343 206 372 porro.

144 386 290 415 Arborum
315 384 520 422 amputationis
540 394 587 415 ars
618 386 671 415 hac
694 384 803 414 theoria
824 380 937 415 nititur.
979 385 1041 414 Hac
1069 385 1143 415 enlm
1167 391 1225 415 arte
1254 387 1335 416 succi
1360 386 1390 415 in
1415 382 1496 416 foliis
1524 389 1619 416 elabo-

105 437 160 466 rati
185 445 246 473 quo
267 437 363 466 minus
384 437 419 466 ad
443 436 587 466 aliafoiia
610 435 834 470 transferantur,
864 435 1080 472 impediuntur,
1112 444 1140 465 et
1164 438 1199 466 ad
1226 437 1340 466 fructus
1371 438 1486 467 tendere
1509 447 1620 475 cogun-

98 493 164 517 tur.
199 487 275 516 'Non
296 495 380 516 omne
400 494 493 516 tamen
517 487 721 524 vegetabilium
740 487 906 516 alimentum
932 496 948 515 a
971 488 1115 517 radicibus
1143 486 1292 524 adfertur-3
1315 489 1443 517 innotuit
1465 498 1480 518 e
1503 489 1616 526 pericu·

96 537 159 573 lis,
189 545 262 573 quae
283 537 354 568 fecit
372 539 418 568 ill.
441 539 599 574 Bonnam,
629 538 700 567 folia
731 538 814 567 etiam
844 539 880 566 ad
909 539 1075 568 nutriendas
1111 540 1224 576 plantas
1258 548 1308 568 sua
1336 540 1488 576 conferre,
1519 550 1618 577 quarn-

92 587 199 618 sobrem
220 589 268 618 illa
289 590 372 618 nullo
394 589 510 618 nomine
531 590 632 618 melius
655 589 857 626 designantur,
878 598 963 626 quam
992 586 1118 618 radicum
1145 590 1312 619 atticarum.

98 650 106 666 ἰ
139 638 261 668 Inferior
279 634 446 676 praesertim
481 639 617 673 foliorum
632 640 743 677 ,pagina
760 639 852 668 fluida
883 641 937 669 aeri
967 641 1198 678 atmosphaerico
1228 642 1317 671 mixta
1346 642 1492 672 absorbet.
1534 643 1616 674 Patet

88 697 118 719 ιε
137 690 310 726 perpulchro
332 692 402 728 illo,
424 693 504 728 quod
526 692 655 721 instituit
678 690 836 726 Bonnam,
858 692 1069 727 experimentot
1094 692 1197 721 folium
1215 701 1316 729 nempe
1336 695 1408 723 mori
1426 694 1504 723 albae
1520 704 1611 731 aquae

99 741 237 778 exposuit
263 742 337 772 facie
361 743 523 779 superiori3
553 743 608 771 hoc
640 740 743 770 folium
779 741 883 777 quinto
911 739 956 770 die
978 743 1036 779 jam
1059 743 1221 780 marcebat3
1249 743 1378 773 inferiori
1406 753 1474 774 vero
1511 746 1612 783 pagina

88 799 189 827 »aquae
211 793 347 829 inmissa,
374 793 444 822 folia
468 787 516 823 sex
542 790 601 821 fere
628 800 738 821 menses
770 790 872 821 viridia
902 784 1106 829 permanebant
1137 795 1216 832 (ι).
1265 795 1315 823 Sic
1347 803 1391 823 res
1420 803 1451 824 se
1472 796 1556 824 habet
1580 797 1611 825 in

87 842 227 872 ‘omnium
247 852 337 880 paene
357 843 490 872 arborum
524 843 618 872 foliis.
659 842 748 879 Quod
764 843 804 870 rad
828 842 928 871 herbas
959 844 1080 879 attinet,
1108 843 1178 873 fo'lia
1201 846 1418 880 quatuordecim
1449 847 1609 883 specierum

89 893 300 930 experimentis
327 895 451 932 subiecit
477 894 629 923 Bonnctus.
677 891 732 922 His
766 893 901 930 apparuit
934 900 1002 923 octo
1032 895 1191 931 specierum
1223 895 1294 925 folia
1325 905 1414 934 paene
1445 905 1535 933 aeque
1558 898 1608 926 diu

88 952 280 982 permanere,
309 946 372 975 sive
393 946 559 983 superiori,
587 945 649 975 sive
672 943 801 974 inferiori
824 943 928 981 pagina
951 945 982 974 in
1010 954 1112 982 aquam
1139 947 1271 976 inmissa.
1319 947 1449 976 Aliarum
1471 956 1520 977 sex
1545 957 1610 985 spe·

88 995 204 1025 -cierum
230 998 334 1034 pagina
354 997 486 1033 superior
507 997 615 1033 majore
639 995 724 1024 etiam
748 995 779 1025 vi
799 995 999 1026 absorbtionis
1032 1006 1100 1034 prae
1129 996 1260 1027 inferiori
1293 998 1414 1034 gaudere
1442 998 1610 1028 ‘videbatur-

95 1048 170 1078 Inde
197 1049 368 1077 concludere
388 1048 458 1077 licet
484 1048 639 1077 fluidorum
666 1045 882 1088 absorbtionem
914 1048 944 1076 in
968 1048 1065 1077 herbis
1096 1055 1216 1085 utraque
1234 1049 1337 1086 pagina
1357 1044 1495 1078 foliorum
1523 1046 1605 1085 fieri,

92 1096 126 1127 in
147 1098 254 1134 plantis
277 1099 400 1136 lignosis
426 1106 494 1128 vero
517 1099 682 1135 praesertim
709 1097 850 1128 inferiori.
887 1098 950 1136 Jam
975 1100 1044 1128 hinc
1069 1107 1327 1136 caussaapparet,
1357 1100 1395 1128 ob
1422 1104 1506 1135 quam
1530 1099 1603 1129 folia

87 1150 134 1180 ita
153 1151 294 1189 disposita
313 1154 461 1190 videmus,
483 1159 515 1182 ut
539 1153 661 1182 inferius
686 1161 834 1189 nunquam
857 1161 874 1182 a
898 1151 1045 1188 superiore
1068 1156 1179 1187 tegatur
1204 1151 1289 1189 (2v>;
1321 1159 1377 1187 qua
1408 1148 1606 1187 dispositione

82 1201 209 1241 jam‘ad
233 1203 386 1234 utilitatem
406 1204 544 1234 foliorum
569 1204 812 1241 praesentiendam
836 1203 952 1233 adducti
976 1202 1097 1231 fuimus.

129 1254 159 1283 A
183 1253 264 1284 foliis
284 1255 372 1286 fluida
395 1263 462 1285 non
487 1260 598 1285 tantum
626 1255 836 1290 absorbentur,
864 1262 963 1283 verum
989 1254 1074 1282 etiam
1099 1253 1278 1283 emittuntur.
1326 1252 1504 1290 Evaporatio
1524 1250 1597 1292 illa,

83 1309 121 1334 ut
146 1304 344 1335 demonstrant
373 1307 501 1343 pericula
516 1326 528 1342 ,
557 1313 629 1342 quae
654 1304 745 1333 fecere
772 1304 838 1333 Viri
866 1304 990 1334 clariss.
1019 1303 1173 1338 Halesius,
1202 1301 1396 1332 Duhamelius
1413 1325 1424 1340 ,
1454 1302 1521 1341 a‘lii²
1556 1306 1601 1335 in·

80 1353 179 1388 ‘signis
198 1361 257 1379 cat·
301 1356 370 1385 Fir,
391 1362 424 1378 ut
444 1362 522 1385 pater
539 1364 581 1378 ιον
603 1355 732 1388 ejusdem
753 1355 869 1386 Halasii
892 1355 1105 1390 experimento,
1128 1354 1190 1388 die,
1206 1359 1239 1382 'et
1260 1354 1373 1389 quidem
1395 1363 1449 1391 ope
1476 1351 1599 1385 *luminis

86 1400 206 1433 solaris.
239 1399 316 1429 ‘Sine
337 1399 402 1428 ullo
423 1399 523 1428 labore
544 1399 662 1429 institui
684 1401 786 1438 potest*
801 1407 1027 1437 experimentum
1048 1403 1108 1432 vim
1133 1403 1207 1432 lucis
1234 1403 1263 1433 in
1291 1403 1428 1433 foliorum
1456 1412 1596 1442 evapora-

82 1453 195 1483 tionem
215 1449 444 1480 luculentissime
467 1450 633 1480 ostendens.
671 1450 752 1480 Pone
771 1452 886 1488 plantas
909 1453 939 1482 in
961 1462 1029 1483 vasa
1055 1454 1163 1489 vitrea3
1194 1462 1243 1482 vas
1269 1454 1388 1483 alterum
1411 1455 1471 1484 luci
1503 1464 1592 1492 expo-

86 1511 142 1539 ne3
164 1500 331 1531 aherumin
350 1499 475 1530 tenebris
493 1508 589 1531 serva.
627 1500 703 1531 Illud
724 1502 817 1540 guttis
839 1502 997 1533 obductum
1021 1512 1132 1541 semper
1147 1504 1280 1541 videbis,
1300 1505 1369 1534 dum
1399 1505 1455 1535 hoc
1478 1507 1589 1537 siccum

79 1553 205 1591 reperies
226 1554 305 1592 (3).
746 1590 747 1593 Ἴ

120 1604 255 1634 Docuere
282 1604 420 1642 Knigthii
445 1604 661 1635 observationes
686 1601 827 1642 imprimis
851 1603 982 1644 paginam
1013 1606 1177 1636 inferiorem
1204 1607 1400 1644 evaporationi
1424 1609 1581 1646 inservire,

82 1664 168 1694 quam
201 1656 322 1685 Bonncti
353 1663 504 1686 memorata
542 1656 669 1693 pericula
702 1665 819 1695 quoque
847 1660 1011 1694 praesertim
1037 1659 1189 1688 absorbere
1220 1660 1449 1690 luculentissime
1468 1661 1588 1691 demon·

79 1712 218 1736 strat-unt.
258 1706 312 1735 Ille
328 1706 405 1736 enim
435 1707 567 1737 laminam
591 1708 707 1737 vitream
736 1708 924 1745 quorumdam
959 1708 1096 1739 foliorum
1125 1710 1244 1746 paginae
1268 1710 1398 1741 inferiori
1416 1732 1426 1748 ‚
1463 1713 1586 1743 aliorum

75 1765 147 1788 νει-ο
166 1757 308 1795 superiori
328 1758 484 1795 imposuit.
521 1758 641 1789 Lamina
662 1759 800 1796 imposita
826 1761 945 1798 paginae
973 1761 1103 1792 inferiori
1131 1769 1242 1800 semper
1268 1769 1338 1800 post
1367 1763 1486 1800 aliquod
1511 1770 1584 1792 tem-

1537 1822 1591 1852 ΡΟ·

99 1885 155 1915 (ε)
174 1885 334 1914 Retinet-cheu,
353 1887 371 1910 1.
386 1887 457 1911 Mem.
477 1894 501 1916 p.
517 1892 551 1914 Ις.
634 1888 686 1918 (a)
707 1889 760 1914 vid.
779 1895 847 1920 uupn
864 1889 885 1917 Β.
902 1891 932 1914 11·
951 1889 975 1914 ln
997 1887 1052 1913 fine.

95 1927 136 1958 (⁸
146 1927 162 1958 )
180 1927 332 1958 Tauranus,
355 1930 416 1954 Biol.
428 1930 467 1956 lv,
487 1936 511 1960 p,
521 1935 558 1958 3⁸.
