1913 2417
282 114 559 146 RESPONSIO
586 123 634 145 AD
663 114 1035 154 QUAESTIONEM
1062 114 1514 147 HYDROSTATICAM.
1622 126 1655 157 37

144 199 292 237 gallinacei
314 200 539 239 magnitudinem
564 199 734 234 aequans),
763 206 849 234 eaque
872 199 926 227 sub
951 208 1024 234 aqua
1045 198 1155 234 fracta,
1184 200 1296 236 gravior
1318 200 1408 229 evasit
1431 208 1449 236 7
1466 200 1610 230 drachmis
1629 205 1657 229 et

148 259 186 287 34
205 251 322 287 granis,
343 257 526 286 extractaque
545 250 641 284 bulla,
664 256 691 276 et
714 257 788 284 aqua
804 250 833 278 in
856 250 962 278 vitrum
987 250 1204 285 aequilibratum
1229 252 1368 287 expulsa,
1392 252 1651 287 deprehendimus,

146 301 284 336 liquorem
320 308 527 330 transvasatum
565 301 599 328 ad
630 301 700 328 idem
726 301 841 335 pondus
873 302 1057 336 accessisse,
1094 302 1198 331 demtis
1228 303 1245 330 6
1274 301 1354 339 ve17
1385 303 1501 339 granis,
1533 309 1656 338 quorum

138 351 232 380 facilis
255 351 313 380 fuit
333 360 367 381 ex
388 352 452 380 istis
478 353 574 380 causis
594 352 723 388 jactura,
746 359 817 386 quas
843 352 930 387 paulo
955 359 1017 380 ante
1041 352 1268 381 recitavimus.'’

178 402 243 431 Hoc
261 409 306 431 est
329 403 511 430 memorabile
535 403 606 430 illud
623 402 846 437 experimentum
870 403 1065 438 Boylcanum,
1087 411 1114 432 et
1140 405 1205 432 ideo
1222 404 1335 438 quidem
1355 404 1562 440 memorabile,
1585 413 1657 440 quo-

137 453 233 489 niam,
256 454 299 481 uti
318 455 375 490 jam
398 453 488 481 verbo
507 454 651 488 diximus,
680 460 708 481 et
726 461 794 482 mox
823 453 948 488 patebit,
979 455 1013 481 de
1034 454 1084 482 illo
1106 455 1321 491 experimento,
1352 456 1385 484 de
1411 456 1654 485 conclusionibus

140 505 205 533 inde
230 503 382 539 deducus,
404 505 514 532 tandem
538 505 571 533 de
595 505 785 541 gravitatione
809 505 962 534 fluidorum
980 505 1009 533 in
1035 506 1159 542 propriis
1185 506 1281 541 locIs,
1302 507 1586 536 vehementissimum
1614 508 1658 536 in-

138 561 181 584 ter
207 556 314 584 doctos
343 563 453 591 gestum
479 562 521 583 est
553 556 671 584 bellum.
721 555 865 584 Nimirum
894 562 962 591 post
989 556 1089 593 Boylei
1121 558 1259 593 egregiam
1289 559 1444 587 sententiae
1476 567 1544 588 suae
1569 567 1658 595 expo-

135 605 272 635 sitionem
302 605 605 642 confirmationemque
624 628 634 643 ,
662 616 745 636 nemo
775 607 900 643 ampl-ius
923 608 958 635 de
984 608 1046 644 ejus
1072 602 1187 636 veiitate
1222 608 1381 639 dubitabat.
1422 610 1580 648 Quotquot
1602 610 1658 639 sal-

137 662 194 684 tem
219 657 354 693 deinceps
377 657 456 685 fuere
482 658 510 685 in
535 659 620 686 rebus
642 659 773 695 physicis
804 657 949 694 principes
975 658 1049 694 viri,
1083 658 1107 687 's
1130 658 1345 688 Gravesandius
1378 661 1415 698 (1
1431 663 1465 698 )‚
1493 662 1669 698 Desaguliem

135 707 196 737 rius
217 709 305 745 (2),
334 708 632 737 Musschenbroekius
659 710 747 746 (g),
778 709 916 737 Nolletus
949 709 1044 746 (4),
1073 709 1181 746 Sigaud
1197 711 1231 738 de
1248 711 1274 739 la
1300 711 1381 740 Fond
1404 712 1473 748 (5)
1501 713 1568 748 alii,
1595 720 1660 742 sen-

137 759 255 787 tentiam
285 760 376 788 secuti
407 759 525 795 Boylei,
556 761 677 788 docuere
709 769 767 788 non
799 766 908 788 tantum
938 768 1039 795 aquam
1074 761 1103 788 in
1120 769 1194 796 aqua¹
1215 762 1275 790 sive
1298 762 1328 790 in
1355 762 1471 798 proprio
1501 764 1566 792 loco
1597 772 1660 801 gra-

135 809 242 845 vitate,
272 811 322 839 sed
345 810 428 838 etiam
452 811 676 846 experimentum
704 812 759 839 hoc
787 811 957 846 ssoyleanum
982 831 992 845 ,
1021 817 1053 838 ut
1078 811 1276 847 probationem
1313 821 1456 848 sumsere,
1486 815 1562 850 quod
1585 822 1660 850 aqua

136 861 168 890 in
189 870 263 896 aqua
289 861 360 890 idern
397 868 488 890 teneat
523 862 637 896 pondus
667 870 699 890 ac
724 862 753 890 in
777 863 848 890 aere.
895 861 983 890 Nulla
1015 862 1082 890 hinc
1116 870 1168 898 per
1196 871 1330 900 magnum
1367 865 1504 901 temporis
1534 865 1660 901 spatium

135 912 170 940 de
193 912 346 941 fluidorum
374 913 565 948 gravitatione
590 913 619 940 in
641 902 767 949 propriis
792 912 865 940 locis
890 913 925 940 lis
943 913 1047 949 agitata
1066 913 1143 948 fuit,
1165 915 1256 943 donee
1281 916 1396 944 tandem>
1409 915 1447 944 V.
1464 914 1513 945 C'l.
1528 916 1568 945 G.
1586 917 1662 946 Hes-

136 962 248 998 selink‚
271 963 482 1000 Philosophiae
504 970 531 991 et
550 963 727 1000 Theologiae
752 964 828 999 apud
844 964 1032 992 Seminarium
1052 964 1152 1002 Telej0
1166 965 1379 1001 -Baptistarum
1397 966 1568 1002 Professor,
1590 968 1655 997 inde

134 1013 250 1042 circiter
276 1014 311 1042 ab
343 1023 418 1043 anno
452 1015 523 1051 1805
553 1021 693 1050 negaret,
726 1016 948 1050 experimentum
982 1015 1157 1050 Boyleanum
1193 1016 1339 1051 probare,
1369 1018 1447 1052 quod
1484 1026 1518 1046 ex
1556 1018 1656 1055 Boylei

136 1064 259 1101 ejusque
287 1067 457 1093 asseclarum
487 1065 627 1093 sententia
655 1065 777 1100 probat,
804 1072 831 1093 et
859 1065 947 1094 simul
980 1066 1239 1095 animadversiones
1272 1068 1407 1102 quasdam
1438 1068 1601 1098 institueret
1628 1070 1658 1100 in

136 1114 251 1144 thesin:
276 1115 362 1144 fluida
387 1117 415 1145 in
440 1117 515 1144 locis
537 1116 718 1144 naturalibus
739 1117 881 1152 gravitant
909 1117 989 1154 (6).
1030 1117 1076 1145 Ab
1108 1126 1144 1146 eo
1170 1118 1235 1146 inde
1257 1124 1383 1153 tempore
1410 1120 1487 1148 varia
1515 1121 1550 1149 ab
1579 1128 1657 1151 utra-

135 1173 193 1201 que
222 1174 326 1203 ραι-ω,
356 1168 377 1196 i.
401 1176 426 1196 e.
463 1177 516 1203 pro
548 1167 679 1202 Boyleo,
712 1168 757 1196 vel
788 1174 887 1196 contra
916 1176 1000 1202 eum,
1035 1167 1112 1196 fuere
1143 1167 1173 1196 in
1201 1169 1293 1197 lucem
1324 1169 1448 1205 emissa,
1478 1179 1550 1206 quae
1581 1181 1655 1209 nos,

136 1224 275 1251 quantum
303 1218 339 1246 ad
369 1225 502 1248 nostrum
537 1218 648 1247 faciunt
677 1218 855 1253 consilium,
885 1220 980 1248 eodem
1009 1220 1095 1248 modo
1121 1228 1153 1248 ac
1180 1221 1393 1256 praecedentia,
1421 1221 1467 1250 hic
1495 1231 1528 1251 ex
1560 1225 1660 1253 ordine

132 1274 340 1303 proponemus.
1126 1274 1130 1277 ’

177 1317 224 1347 Cl.
250 1317 454 1354 Hesselingius
480 1319 592 1355 primus
617 1319 752 1356 quidem,
771 1320 814 1349 uti
839 1321 986 1357 diximus,
1014 1321 1237 1357 experimentum
1266 1321 1441 1358 Boyleanum
1464 1325 1586 1360 probare
1605 1334 1654 1354 ne-

133 1367 236 1405 gabat,
268 1370 348 1405 quod
371 1370 443 1399 illud
472 1371 593 1407 probare
615 1378 753 1408 putarunt
780 1378 841 1402 tum
866 1372 929 1410 ipse
952 1373 1098 1409 ssoyleus,
1129 1378 1188 1401 tum
1213 1372 1263 1409 qui
1294 1381 1357 1403 eum
1385 1375 1437 1404 hac
1460 1375 1490 1404 in
1514 1385 1543 1404 re
1565 1376 1655 1406 secuti

1573 1433 1662 1457 sunt.-

161 1495 213 1524 (ι)
234 1497 307 1520 Elem.
329 1499 395 1525 Phys·
416 1500 488 1522 Math.
512 1500 541 1523 T.
555 1501 573 1523 1.
594 1501 613 1526 §-
629 1506 682 1529 ¹41¹
702 1505 724 1523 et
742 1506 813 1529 1412.-

158 1536 211 1564 (2)
233 1538 344 1561 Nazuurk.
365 1542 408 1563 Les
422 1542 468 1563 Vll.
490 1541 509 1568 S.
523 1548 544 1564 2.
559 1547 581 1568 4.
597 1547 620 1569 7.

161 1578 212 1606 (3)
237 1580 322 1602 inu-od.
342 1582 370 1603 ad
387 1581 443 1603 Phil.
463 1582 514 1604 Nat·
538 1584 566 1605 T.
581 1583 610 1606 11.
634 1583 654 1609 s.
669 1589 723 1611 ¹247
748 1584 771 1606 in
791 1583 829 1606 Επ.

157 1617 211 1644 (4)
234 1620 344 1642 Natuurk.
364 1621 463 1649 tessen,
486 1623 527 1643 Les
543 1623 590 1645 Vll.
611 1624 733 1646 Afdeei.1.
755 1631 790 1650 pr.
807 1630 827 1646 1.

159 1657 214 1686 (⁵)
233 1650 307 1681 E'lem.
329 1661 358 1682 de
379 1661 488 1688 Physique
513 1662 538 1684 T.
553 1662 582 1684 li.
602 1663 650 1687 331.
672 1665 761 1691 p.16⁶.
779 1671 829 1692 sqq.
867 1664 953 1687 Horum
981 1668 1055 1687 autem
1077 1663 1177 1687 omnium
1198 1664 1431 1693 experimenta‘plus·
1448 1665 1552 1689 minusve
1574 1668 1658 1691 eodem

131 1701 219 1726 modo,
241 1706 268 1722 ac
289 1701 441 1728 Boyleanum,
455 1700 519 1724 fuere
539 1701 646 1726 instituta.

159 1742 211 1768 (6)
231 1741 324 1764 Scilicet
345 1744 381 1765 Cl.
401 1743 521 1765 Hesselink
544 1743 603 1767 circa
622 1751 702 1768 annum
728 1748 784 1772 ¹⁸05
807 1749 941 1775 opusculum
968 1749 1011 1769 sub
1036 1747 1120 1769 timim
1147 1746 1328 1774 Aanmerkingen
1357 1754 1386 1775 op
1414 1749 1440 1770 de
1468 1748 1656 1774 Hydrostatische

130 1782 234 1808 aeusng,
250 1784 396 1805 vioeistoffen
416 1790 493 1810 wegen
519 1785 547 1806 in'
561 1786 730 1814 gelijksoonige
751 1789 910 1815 vloeistoffen,
935 1789 1043 1810 Societati
1067 1794 1111 1809 tum
1126 1789 1235 1815 temporis
1257 1790 1367 1816 ilaravae,
1384 1790 1436 1811 dein
1458 1786 1542 1815 Regiae
1563 1789 1657 1813 Hellan-

130 1822 212 1851 ὕας,
225 1823 378 1851 scientiarum,
403 1831 460 1852 quae
479 1826 578 1848 liarlerni
600 1834 647 1854 est,
665 1829 761 1856 obtulit,
783 1835 807 1851 ut
827 1830 874 1854 ejus
895 1829 1003 1856 operibus
1025 1830 1178 1854 insereretu13
1203 1831 1264 1857 quod
1280 1836 1370 1857 tamen,
1392 1831 1422 1852 ob
1439 1831 1540 1852 rationes
1556 1832 1593 1852 hic
1610 1837 1656 1854 non

131 1865 302 1891 memorandas,
323 1870 423 1889 optatum
449 1873 576 1889 successum
601 1874 647 1891 non
673 1870 757 1891 hahuit.
797 1870 949 1897 Quamobrem
977 1875 1058 1893 auctor
1076 1876 1134 1896 opus
1154 1876 1235 1896 suum,
1263 1871 1287 1892 in
1314 1871 1410 1897 linguam
1437 1872 1528 1894 latinam
1552 1877 1656 1901 versum,

119 1903 173 1926 'cub
193 1903 272 1926 ιίιιιῐοι
294 1906 355 1934 Quid
373 1909 512 1929 §tatuendum
534 1908 562 1930 uit
582 1910 610 1931 de
628 1911 784 1937 experimento
811 1911 942 1939 Hoyleano,
964 1917 1009 1939 quo
1041 1912 1135 1939 probari
1160 1913 1234 1941 solet,
1257 1912 1322 1934 fluida
1350 1914 1372 1934 in
1394 1911 1470 1934 fluidis
1490 1914 1654 1941 homogcnels‚

129 1943 180 1968 dvc
200 1945 224 1967 iu
245 1945 304 1968 locis
322 1946 367 1969 suls
388 1949 539 1977 naturalibus,
558 1951 634 1977 gravia
652 1957 716 1980 csse,
737 1957 795 1975 :nno
817 1952 874 1975 1806
896 1957 947 1974 cum
976 1952 1101 1981 adscripti>-
1118 1952 1221 1976 societati
1241 1953 1399 1983 irai-lemensi,
1421 1956 1517 1982 unisque
1544 1955 1653 1981 Physices

905 1993 931 2023 E
955 2002 970 2032 3
1608 1994 1660 2017 cal-¹*

977 2047 986 2058 z
