1913 2417
244 142 522 176 RESPONSIO
547 150 596 172 Au
625 138 996 180 QUAESTIONEM
1022 139 1451 172 PHILOSOPHICAM.
1576 141 1601 178 ⁶!

126 231 203 260 Hinc
226 235 344 258 ventum
364 235 407 257 est
427 228 460 257 ad
481 225 664 262 Scepticismi
682 225 895 260 maturitatem,
918 233 1002 261 quam
1018 225 1199 254 conditorum
1216 224 1353 260 historia,
1377 225 1514 262 ingenio,
1534 223 1596 253 for-

91 283 235 316 matione,
256 279 426 314 sententiis,
454 278 492 307 ita
516 277 676 306 describere
703 276 888 312 studuimus,
918 282 952 305 ut
972 276 1065 313 rogati
1089 276 1266 306 discriminis
1293 284 1501 313 causarumque
1524 275 1596 305 faci-

86 334 124 363 lis
145 332 209 361 inde
225 337 324 368 posset
344 330 407 359 elici
430 328 650 358 animadversio.

126 383 259 418 Denique
279 382 513 410 Academicorum
538 379 636 415 initia,
657 379 849 415 incrementa,
870 385 898 408 et
914 380 945 409 in
967 379 1169 417 oppugnandis
1194 380 1375 418 Dogmaticis
1400 385 1540 409 momenta
1561 386 1594 408 ac

84 435 207 464 rationes
230 433 325 462 eodem
351 433 437 460 modo
457 438 534 460 erant
556 431 760 467 persequenda.

120 486 232 514 Partem
255 486 387 523 primam
409 483 515 519 excipit
537 482 604 511 Pars
625 482 769 517 secunda,
799 482 829 512 in
860 491 944 519 quam
976 483 1126 520 rejecimus
1158 490 1289 513 notarum
1320 482 1494 512 discriminis
1526 481 1599 510 inter

84 535 275 566 Academicos
301 540 329 563 et
351 534 520 570 Scepticos‚
551 542 583 562 ex
609 540 674 562 ante
698 533 789 563 factae
814 535 1019 571 descriptionis
1054 535 1226 564 auctoritate
1256 535 1388 570 ductam,
1419 533 1598 563 observatio-

82 596 159 618 nem.
183 587 266 624 -Qua
292 586 322 614 in
345 594 374 614 re
404 591 436 613 ut
468 586 538 614 ordo
570 585 683 621 quidam
716 592 791 614 esset
821 587 1000 616 tractationis
1018 609 1028 623 ‚
1054 587 1260 624 fontiumque,
1290 587 1365 615 unde
1390 586 1475 614 ssuere
1496 589 1597 620 posset

83 639 203 674 aliquod
226 636 435 674 discrepantiae
458 637 592 674 signum,
620 637 720 666 nullus
744 636 1033 674 praetermitteretur,
1061 638 1143 674 prius
1173 639 1299 675 regulam
1330 643 1358 666 et
1380 636 1526 665 criterium
1551 635 1595 663 in-

84 689 335 718 ternoscendarum
359 688 577 725 disciplinarum
600 689 729 718 stabilire
753 689 924 726 voluimus,
952 699 1011 727 quo
1031 698 1131 720 nostra
1156 690 1310 727 inquisitio
1331 690 1477 726 juvaretur
1499 695 1531 715 ac
1554 693 1596 714 re-

80 747 206 778 geretur.

121 792 282 820 Oausarum
309 791 420 820 tandem
445 791 589 828 indagatio
613 798 737 828 occupat
761 793 872 822 Partem
895 795 1036 828 tertiam,
1065 801 1137 828 quae
1160 793 1260 822 itidem
1279 791 1397 820 duobus
1415 795 1531 819 constat
1552 796 1601 816 ca-

82 843 216 879 pitibus3
240 844 350 878 altero,
374 842 402 871 in
428 851 487 878 quo
509 843 770 879 investigandarum
795 852 945 874 causarum
968 844 1112 873 criterium
1130 844 1272 873 traditur:
1295 843 1402 877 altero,
1426 840 1505 876 quod
1531 846 1601 868 cau-

81 901 199 928 sarum,
220 902 234 922 a
261 893 370 929 quibus
395 893 544 922 inventum
568 894 722 922 discrimen
747 896 895 931 manavit,
915 895 1021 925 indicia
1049 895 1191 924 continet.

122 943 275 973 Rationem
299 945 484 981 ordinemque
509 945 688 981 quaestionis
711 947 873 975 tractandae
894 948 1011 982 planum
1037 947 1171 977 fecimus.
1212 946 1301 984 Quod
1323 951 1415 974 autem
1440 941 1596 971 maximum

83 1001 190 1030 restat,
219 995 388 1031 scriptionis
410 1003 555 1025 auctorem
578 997 663 1025 velim
687 1005 855 1033 persuasum
882 997 940 1026 sibi
969 998 1090 1026 habeant
1117 999 1259 1033 lectores,
1288 1005 1319 1025 se
1344 1004 1404 1026 non
1429 993 1501 1023 tueri
1525 1000 1592 1028 ope·

80 1052 127 1072 rae
147 1053 216 1074 suae
239 1046 369 1077 bonitate
394 1047 511 1087 aliqua,
539 1049 590 1079 sed
620 1048 750 1087 judicum
775 1048 859 1079 unice
882 1048 1100 1089 benevolentia,
1129 1055 1156 1079 et
1180 1048 1320 1088 juvenilis
1348 1045 1493 1087 praesidio
1514 1042 1593 1074 infir·

75 1095 194 1127 mitatis.

1481 2025 1603 2061 PARS
