1913 2417
225 165 296 210 ιζ’
492 156 640 205 ῙΑΝῙ
696 148 1551 196 GoiLrss'LMt'ERMERrNs‘²

232 261 306 289 quac
331 251 393 288 ejus
419 246 640 286 applicationem
667 246 853 278 universalem
879 253 995 277 vetantae
1030 246 1118 275 Omni
1145 244 1333 283 proportione
1356 243 1520 283 junguntur
1536 243 1672 280 inprimis
1695 232 1761 275 nia'

230 301 355 341 quorum
377 302 452 331 actio
469 303 569 339 exigua
595 307 654 330 est:
686 300 799 329 metalla
823 300 853 328 in
887 299 1124 335 amalgamatibus
1155 297 1262 326 tamdiu
1289 297 1470 326 connubium
1496 296 1621 332 ineunt,
1650 291 1759 326 donec'

232 356 358 393 gravitas
390 353 521 390 specifica
550 360 600 381 aut
628 351 789 380 fusibilitas
817 360 878 380 sese
912 347 980 379 huic
1015 355 1156 386 opponat.
1206 349 1246 378 At
1273 338 1351 377 nunc
1380 348 1463 377 etiam
1492 347 1623 377 dubitare
1652 347 1740 383 licet,

229 416 298 437 num
317 406 437 443 ‚quidem
462 412 527 432 vera
547 404 616 432 unio
643 402 770 431 chemica
794 402 841 431 hic
866 402 993 431 obtineat
1024 410 1079 437 qua
1104 401 1137 429 de
1163 408 1192 429 re
1213 398 1326 429 dubitat
1351 399 1396 429 1⁴11.
1429 400 1558 436 Davyus.
1598 399 1741 427 Praeterea

231 459 335 496 procul
363 456 452 485 dubio
476 462 647 491 magnopere
667 454 698 482 in
716 453 873 483 formandis
897 451 1006 481 salibus
1027 453 1101 480 valet
1136 451 1301 481 solubilitas
1329 457 1357 479 et
1389 457 1483 479 status
1515 458 1653 487 gazozus.
1692 449 1741 479 Ab

232 510 318 539 altera
342 513 421 544 parte
444 514 561 542 quoque
585 505 721 541 plurimae
743 511 811 533 sunt
835 502 1080 538 combinationes,
1109 511 1181 538 quae
1214 508 1381 532 constantes
1403 508 1431 529 et
1461 501 1651 530 immutabiles
1674 510 1741 536 pro-

235 559 382 597 portiones
412 557 621 593 principiorum
654 562 765 585 tantum
797 556 969 584 admittunt:
999 554 1040 583 sic
1074 555 1103 583 in
1129 553 1344 583 combinatione
1369 561 1523 588 corporum
1555 551 1745 589 gasformium

236 611 287 639 ubi
312 609 437 647 perfecta
464 609 609 637 mobilitas
633 608 838 644 particularum
862 607 991 642 obtinet,
1024 606 1226 642 proportiones
1253 611 1344 633 certae
1374 610 1453 633 sunt.
1500 604 1545 631 De
1568 604 1745 633 metallorum

233 661 335 697 oxydis
367 661 422 689 hoc
449 660 477 688 in
507 660 606 696 primis
634 665 772 694 constat,
803 665 829 688 et
855 659 911 696 jam
937 657 1049 694 vulgari
1079 657 1129 685 illa
1161 655 1362 685 observatione
1394 654 1425 683 in
1451 653 1568 683 fabricis
1593 654 1674 683 minii
1697 663 1749 684 seu

235 712 392 749 deutoxydi
415 711 527 747 plumbi
551 711 702 747 probatur..
742 708 804 739 Ubi
829 710 886 738 hoc
913 707 1067 738 sufficienti
1101 708 1209 736 ratione
1233 714 1292 735 non
1325 707 1507 740 calcinatur,
1536 705 1575 734 ita
1598 712 1631 734 ut
1652 712 1748 736 totum

231 762 424 800 quantuniin
446 763 630 798 deutoxydon
656 761 759 790 unwan
783 769 842 789 non
866 762 980 797 posmt‚
1002 759 1242 796 dupncirauone
1264 759 1389 794 oxydum
1413 757 1523 793 plumbi
1548 757 1691 792 occurfit,
1720 754 1761 786 in'

232 821 312 844 statu
339 822 440 850 nempe
468 813 623 849 deutoxydi
653 820 680 841 et
704 814 732 841 in
758 813 809 841 illo
834 812 1012 848 protoxydi‚
1043 810 1159 839 minime
1188 818 1256 838 vero
1287 810 1317 838 in
1349 815 1427 838 statu
1456 807 1642 844 intermedio,
1671 807 1752 844 quod

234 869 317 904 juxta
344 864 516 894 Bes-tholleti
547 864 635 892 ideam
663 863 821 898 obtineret,
852 864 901 899 qui
935 864 990 891 hoc
1011 863 1045 891 de
1076 861 1139 890 aliis
1168 861 1290 890 metallis
1323 860 1483 889 concedens
1512 860 1546 888 de
1576 859 1699 896 plumbo
1722 865 1750 888 et

237 924 342 946 stanno
365 923 468 952 negat,
491 915 578 950 quia,
601 922 631 943 ut
657 915 717 949 ait,
739 915 811 943 haec
833 915 928 943 soluta
946 914 1050 943 sensim
1078 913 1241 948 sensimque
1257 911 1290 940 ab
1317 919 1376 940 uno
1400 910 1582 947 oxydationis
1604 911 1692 947 gradu
1712 909 1751 939 ad

239 970 542 998 akmumthfflmn
592 967 647 994 bffl
677 965 879 994 dmmmumoe
912 963 1171 1001 mmufflstismss
1202 963 1356 999 mmmmm
1384 960 1754 997 aet,h1m&ssmoe‚ne

241 1021 333 1048 dicam
361 1017 519 1052 omnibus,
541 1017 644 1052 oxydis
669 1017 838 1051 metallicis,
860 1017 991 1045 definitas
1017 1023 1079 1044 esse
1105 1013 1240 1050 oxygenii
1259 1013 1446 1049 quantitates.
1483 1011 1624 1040 Praeterea
1648 1011 1676 1040 in
1692 1010 1760 1041 sul-⁵

239 1073 332 1108 pliure
355 1076 382 1098 ct
408 1069 580 1105 Phosphoro
611 1073 735 1103 quatuor
760 1068 944 1105 oxydationis
980 1067 1084 1103 gradus
1117 1071 1225 1094 tantum
1257 1065 1474 1098 observantur,
1503 1070 1556 1091 nec
1588 1062 1672 1092 initio
1693 1062 1763 1092 sese'

236 1122 318 1152 omni
343 1120 532 1158 proportione
553 1120 694 1155 J'ungunt.
736 1119 833 1154 Haec,
857 1127 942 1155 quam
967 1127 1044 1146 nunc
1069 1125 1102 1145 ex
1125 1124 1210 1153 opere
1235 1115 1347 1152 egregio
1372 1114 1476 1144 summi
1499 1113 1672 1143 Barthollett‘
1691 1110 1764 1143 colb'

238 1174 320 1210 legi,
342 1171 482 1201 sententia
503 1178 585 1200 antea
610 1179 705 1199 ansam
727 1170 802 1198 dedit
825 1169 1017 1206 disputationi
1041 1169 1115 1197 inter
1136 1168 1216 1196 illum
1236 1174 1267 1195 >et
1295 1167 1340 1197 lll.
1366 1167 1472 1195 Proust
1493 1165 1561 1203 (6)
1585 1165 1636 1201 qui
1661 1164 1761 1201 plut-i·->

242 1226 300 1254 bus
323 1224 498 1261 argumentis
522 1222 676 1258 probavit,
698 1221 864 1257 praesertim
888 1222 917 1250 in
941 1221 1043 1258 oxydis
1068 1220 1246 1248 metallorum
1271 1223 1364 1247 certos
1395 1225 1457 1246 esse
1483 1216 1586 1254 gradus
1609 1215 1761 1245 combinari

243 1277 356 1306 tionum
388 1276 461 1303 ultra
495 1282 569 1309 quos
601 1273 778 1302 combinatio
810 1281 868 1301 non
893 1273 982 1302 fieret.
1032 1271 1112 1309 Quid
1135 1271 1244 1299 multa:
1283 1268 1391 1297 theoria
1415 1267 1636 1297 Bettholletiana
1663 1275 1723 1296 non
1742 1274 1761 1295 e

243 1329 383 1356 diametro
406 1326 543 1361 opposita
566 1333 608 1352 est
637 1324 679 1352 illi
704 1324 906 1351 Recentiorum
921 1345 931 1358 ,
953 1324 992 1351 ita
1019 1330 1050 1351 ut
1072 1323 1123 1350 hac
1148 1321 1273 1350 admissa
1298 1320 1348 1347 illa
1366 1320 1534 1356 negligenda
1555 1324 1642 1348 esset.
1683 1314 1760 1347 Tani

248 1384 380 1408 accurate
404 1376 590 1410 observavit,
613 1382 639 1403 ct
666 1382 722 1403 tam
744 1370 890 1411 ingeniose
906 1373 1122 1402 observationes
1137 1381 1171 1400 ex
1189 1371 1264 1400 veris
1289 1370 1438 1407 principiis
1458 1369 1617 1406 explicuit,
1641 1374 1674 1397 ut
1698 1369 1762 1406 pla·

248 1439 283 1459 ne
308 1428 385 1466 rejici
409 1434 562 1462 nequeant.
612 1426 677 1454 Hoc
705 1432 797 1454 autem
827 1425 1104 1453 animadvertendum
1128 1431 1190 1451 csse
1216 1422 1348 1456 videtur,
1378 1420 1583 1449 sserthouetum
1617 1427 1651 1448 ex
1676 1416 1764 1449 solu-⁴

250 1482 330 1510 tione
359 1479 393 1508 ad
418 1479 559 1506 chemicas
589 1477 818 1506 combinationes
850 1476 1049 1510 conclusisse,
1077 1483 1150 1511 quac
1180 1473 1330 1503 conclusio
1362 1479 1421 1500 non
1447 1471 1499 1500 rite
1523 1470 1675 1508 procedere
1696 1468 1761 1500 visa'

251 1533 308 1562 fuit
330 1530 463 1560 Berzclio
487 1529 627 1564 aliisquc3
662 1536 725 1556 cum
751 1528 861 1556 solutio
884 1535 942 1556 non
970 1526 1174 1555 consideranda
1200 1523 1238 1553 sit
1265 1531 1296 1552 ut
1327 1523 1504 1552 combinatio
1526 1522 1678 1559 enemim,
1710 1521 1761 1551 sed

253 1591 365 1613 tantum
399 1588 432 1610 ut
463 1580 659 1617 juxxapositio
687 1579 769 1615 quasi
793 1586 947 1614 corporum
974 1579 1003 1607 in
1028 1587 1084 1613 qua
1105 1577 1229 1613 aequalis
1253 1574 1457 1612 particularum
1480 1573 1621 1610 dispersio
1640 1567 1764 1602 obtinet.¹

291 1635 365 1663 Haec
391 1639 458 1661 sunt
481 1639 554 1666 quae
577 1631 628 1658 hac
657 1631 690 1658 de
717 1639 745 1658 re
767 1630 884 1658 d‘centla
908 1638 972 1658 esse
996 1630 1162 1665 putavimus
1189 1635 1320 1657 nostrum
1352 1625 1380 1654 in
1403 1633 1543 1662 scopum3
1575 1631 1704 1660 superest
1728 1629 1761 1653 ut

251 1688 285 1716 de
307 1686 417 1721 ugibus
441 1691 578 1720 agamus,
603 1690 675 1718 quas
703 1689 868 1718 sequuntur
893 1681 1029 1710 denoenta
1053 1688 1207 1718 corporum
1232 1679 1261 1709 in
1287 1677 1458 1714 composuis
1492 1675 1574 1714 suis,
1604 1675 1682 1712 quod
1704 1674 1758 1704 erst

252 1743 450 1774 argumentum
476 1733 578 1769 capitis
605 1732 692 1762 tertii.

284 1843 338 1871 (6)
359 1843 415 1863 Anu.
438 1842 467 1862 de
489 1841 562 1864 Chim.
580 1843 607 1864 T.
622 1839 710 1863 xxxii.
734 1846 756 1867 p·
774 1843 807 1865 3¹.

1636 2050 1775 2083 CAPUT
