1913 2417
302 154 686 186 COMMENTATIO
717 164 765 185 AD
794 155 1162 201 QUAESTIONEM
1188 156 1388 194 JURIDIC
1409 159 1476 190 XM.
1607 164 1642 198 69

137 241 278 270 bonorum
301 239 434 275 petendi,
464 240 542 275 quod
563 239 647 267 vivus
666 240 722 276 jam
744 238 891 267 habuisset
916 246 949 266 ex
973 245 1034 268 art.
1053 248 1139 275 120.‚
1167 240 1291 269 moriens
1316 242 1345 270 in
1369 251 1431 270 eum
1460 243 1645 272 transtulisse

133 299 304 320 censer-etur.
1373 321 1377 325 ,

135 369 139 375 ,
170 342 223 370 L'ti
254 348 347 369 autem
375 341 513 375 proximis
542 341 760 369 successoribus
785 347 913 377 tempore
933 342 1102 378 discessus,
1132 344 1176 372 vel
1201 344 1295 372 ultimi
1325 345 1421 373 nuntii
1446 345 1543 380 allati,
1574 345 1646 374 haec

129 392 234 422 missio
259 392 415 427 competit.J
437 393 478 420 sic
501 392 573 419 idem
596 392 745 420 dicendum
771 399 814 420 est
838 393 871 420 de
893 393 997 427 bonis,
1027 403 1151 428 quorum
1177 396 1327 431 possessio
1352 395 1538 429 concellitur3
1560 396 1640 423 scili-

131 450 197 479 cet,
213 444 291 472 nulla
308 442 362 470 alia
382 442 531 470 heredibus
546 443 762 478 conceduntur,
784 443 840 483 nisi
860 452 930 478 quae
953 452 987 471 eo
1007 451 1133 479 tempore
1153 448 1209 483 jam
1232 447 1422 482 acquisiverat
1439 447 1555 475 Absens
1574 447 1642 482 (6).

132 493 166 523 Id
188 495 305 523 totidem
331 493 427 522 verbis
452 493 588 521 docemur
611 493 640 522 in
663 500 723 522 art⁴
744 503 830 529 120.,
850 502 877 522 et
904 495 1015 523 abunde
1039 504 1153 525 constat
1175 506 1208 526 ex
1235 497 1290 533 iis,
1313 506 1384 533 quae
1408 507 1494 533 supra
1525 498 1601 533 Cap.
1621 497 1646 528 Ι.

130 545 207 575 Sect.
227 554 254 581 3.
282 545 375 573 fusius
401 542 614 580 disputavimus
636 545 671 573 de
690 545 805 581 juribus
833 545 951 574 Absenti
977 548 1096 576 durante
1123 549 1258 577 Absentia
1282 549 1393 578 delatis.

167 596 343 633 Quicunque
376 595 465 631 igitur
494 604 528 624 ex
554 596 656 624 borum
683 604 884 625 successorum
919 606 1037 626 numero
1071 599 1288 628 declarationem
1321 600 1474 628 Absentiae
1498 609 1514 629 a
1537 600 1645 629 Tribu-

129 648 186 677 nali
219 647 352 684 petierit,
377 646 403 674 si
430 647 516 675 simul
547 647 711 675 missionem
736 647 766 675 in
801 648 876 677 bona
909 650 1051 685 rogaverit
1085 651 1175 687 (vid.
1210 660 1317 686 supra,
1349 651 1480 680 Sect.-1.
1519 652 1548 688 §.
1570 653 1647 689 (n),

128 690 284 733 *utramque
310 697 395 725 simul
421 697 567 733 impetrare
592 705 708 734 potest,
736 705 764 727 et
788 699 913 734 reliqui,
941 700 1007 728 licet
1036 702 1220 736 cognationis
1245 703 1332 738 gradu
1357 703 1529 738 propiores,
1558 703 1644 731 habe,

129 748 217 783 bunt,
246 749 324 784 quod
348 749 403 776 sibi
434 748 598 784 imputtnt,
620 749 644 777 si
668 749 737 785 legis
761 749 900 778 beneficio
924 750 966 778 uti
992 751 1137 780 noluerint
1167 753 1271 785 (conf.
1305 753 1383 781 Stet.
1404 763 1429 783 1.
1456 754 1542 790 hujus
1568 754 1646 790 Cap·-

127 801 157 837 S.
179 809 205 836 3.
230 799 258 827 in
286 799 308 827 f.
335 805 362 827 et
393 801 501 835 Locn‘,
524 799 563 827 ibi
594 801 634 828 cit
656 802 690 836 ):
721 809 891 836 quamquam
921 808 1017 830 tamen
1045 810 1157 838 semper
1184 803 1274 840 judici
1299 804 1382 832 licere
1405 805 1536 839 videtur,
1564 812 1647 841 post-

127 859 211 887 quam
237 849 404 879 Absentiam
426 851 630 885 declaraverit,
653 851 724 879 hanc
749 853 963 887 possessionem
986 861 1046 881 non
1069 853 1165 881 statim
1189 855 1367 889 concedere,
1389 855 1414 883 si
1439 855 1555 884 heredes
1581 863 1645 884 tan-

124 909 188 937 tum
217 902 383 930 remotiores
408 901 442 929 ad
462 901 679 930 declarationem
706 902 861 932 Absentiae
887 904 973 932 simul
1001 912 1028 932 et
1058 905 1223 933 missionem
1253 905 1282 933 in
1306 905 1520 941 possessionem
1546 914 1642 941 peten-

127 954 189 983 dam
220 960 314 981 coram
346 951 501 980 Tribunali
524 960 554 980 se
584 953 707 988 sistant,
737 960 769 982 ut
801 953 912 983 interim
937 956 1077 984 Absentia
1101 956 1261 991 declarata,
1290 957 1440 986 heredibus
1471 959 1643 994 cognatione

125 1004 335 1041 propioribus,
366 1003 389 1031 si
416 1002 491 1031 forte
514 1011 563 1032 eos
596 1005 756 1040 poeniteat,
785 1005 867 1033 detur
888 1007 1005 1035 occasio
1030 1008 1102 1036 hanc
1136 1008 1300 1036 missionem
1327 1009 1451 1044 petendi.
1508 1010 1548 1038 At
1577 1018 1644 1039 curn

123 1055 181 1084 hoc
201 1055 271 1091 legis
294 1054 461 1082 beneficium
488 1063 569 1082 verae
589 1056 766 1083 successioni
791 1057 965 1094 aequiparari
989 1065 1129 1092 nequeat,
1153 1065 1214 1087 art.
1234 1068 1307 1095 125,
1332 1068 1414 1095 130„
1437 1059 1522 1088 facile
1547 1061 1644 1096 sequi-

124 1112 192 1140 tur,
221 1113 289 1140 eos,
312 1105 361 1139 qui
386 1105 414 1132 in
437 1105 577 1140 praesenti
599 1106 759 1134 commodis
785 1107 846 1135 suis
870 1107 1035 1143 prospicere
1058 1109 1225 1143 noluerint,
1253 1110 1464 1138 successionem
1492 1118 1642 1147 propterea

125 1157 204 1186 haud
225 1155 411 1191 repudiasse,
432 1163 524 1189 neque
548 1155 583 1182 iis
608 1155 766 1191 legitimum
789 1157 838 1193 jus
862 1157 890 1185 in
913 1159 1128 1187 successionem
1158 1160 1283 1188 ablatum
1307 1169 1389 1194 esse,
1418 1162 1442 1189 si
1470 1160 1553 1189 obitu
1580 1162 1642 1191 Ab·

127 1208 217 1237 sentis
233 1206 352 1242 cognito
371 1206 435 1234 dein
458 1212 611 1242 appareat,
632 1215 681 1235 eos
699 1207 752 1235 hoc
772 1214 900 1243 tempore
919 1210 967 1245 Jus
993 1209 1163 1238 succedendi
1191 1211 1346 1246 habuisse,
1369 1211 1417 1239 sed
1438 1211 1551 1240 interim
1579 1221 1641 1241 tan-

126 1266 189 1287 tum
210 1267 224 1287 a
243 1256 462 1294 possessoribus
482 1255 629 1285 fructibus
644 1265 677 1286 ex
693 1263 755 1287 art.
775 1267 839 1294 127.
862 1259 1001 1294 perceptis
1026 1260 1142 1295 privari.
1188 1261 1301 1298 Quodsi
1329 1262 1494 1290 missionem
1522 1263 1551 1291 in
1574 1272 1644 1299 pos-

124 1310 282 1339 sessionem
305 1316 364 1336 non
386 1316 440 1335 una
466 1316 530 1335 cum
547 1308 737 1337 declaratione
752 1308 906 1337 Abs-entiae
930 1311 1062 1345 petierint
1087 1312 1222 1346 heredes,
1242 1313 1371 1347 adeoque
1392 1322 1449 1341 non
1475 1314 1643 1349 imp-trave-

123 1361 200 1396 rint,
221 1360 256 1387 ab
282 1359 378 1387 eodem
403 1355 557 1387 Tribunali
583 1367 642 1387 eam
669 1360 734 1388 dein
760 1367 853 1396 petere
875 1368 1002 1396 possunt
1023 1371 1058 1389 cn
1081 1369 1166 1391 verta
1187 1363 1225 1391 du
1238 1363 1390 1400 jugement
1413 1363 1560 1402 definitis,
1590 1367 1643 1403 qut

122 1421 201 1441 aura
230 1410 351 1439 deflare
378 1408 545 1437 l'Afrme:
573 1411 725 1439 declaratio
755 1411 828 1439 enim
859 1411 1015 1440 Absentiae
1040 1414 1117 1442 hunc
1142 1413 1272 1442 effectum
1299 1416 1450 1450 producit,
1481 1424 1512 1445 ut
1537 1418 1636 1446 statiin

125 1463 185 1500 peti
208 1461 306 1497 possit
335 1461 485 1495 possessio
510 1461 577 1489 haec
604 1460 767 1497 fiduciaria3
789 1470 817 1490 et
841 1471 906 1490 cum
935 1463 1001 1491 haec
1026 1464 1129 1498 petitio
1152 1471 1263 1500 spectet
1286 1474 1499 1495 successmnem
1525 1467 1641 1496 Absen-

124 1514 164 1542 tis
186 1513 278 1542 (licet
301 1519 409 1540 tantum
433 1512 469 1539 de
486 1510 548 1548 ejus
566 1509 711 1540 fiduciaria
732 1513 917 1547 possessione
933 1516 1078 1549 agatur),
1095 1523 1128 1542 eo
1145 1516 1211 1544 loco
1228 1515 1341 1544 videtur
1362 1517 1552 1552 instituenda,
1575 1527 1636 1554 quo

121 1565 271 1595 successio
295 1563 435 1595 defertur,
457 1562 479 1589 i.
498 1570 523 1590 e.
544 1563 572 1589 in
592 1562 659 1590 loco
680 1562 775 1591 ultimi
800 1563 941 1592 domicilii
967 1563 1073 1600 (conf.
1091 1570 1154 1592 art.
1179 1574 1243 1594 ΗΟ.
1259 1566 1289 1602 ]”,
1312 1573 1375 1596 art.
1394 1568 1505 1605 ihm),
1529 1569 1556 1597 in
1579 1578 1640 1605 qno

112 1613 149 1645 'et
172 1614 324 1643 declaratio
346 1612 501 1640 Absentiae
523 1612 560 1639 ob
586 1612 710 1641 rationes
736 1622 822 1649 supra
846 1615 946 1642 allatas
966 1623 981 1642 a
1005 1614 1104 1652 judice
1127 1617 1315 1650 pronunciata
1344 1625 1406 1653 est3
1436 1619 1497 1647 vid.
1523 1619 1639 1648 Protul-

121 1666 196 1701 hon,
224 1673 256 1699 p.
278 1663 342 1701 146.
383 1663 489 1691 Eadem
514 1671 581 1691 vcro
603 1663 653 1691 hac
679 1664 707 1692 in
729 1671 758 1692 re
780 1665 913 1694 definitur
937 1664 1010 1694 ratio
1035 1666 1225 1701 procedenii,
1257 1668 1290 1695 de
1313 1677 1368 1703 qua
1392 1678 1479 1705 supra
1502 1672 1531 1699 in
1559 1679 1639 1707 prae-

123 1717 267 1745 sumtione
295 1720 321 1742 et
353 1714 542 1742 declaratione
565 1714 719 1744 Absentiae
743 1715 831 1745 verbo
859 1717 1005 1754 diximus;
1028 1717 1086 1747 vid.
1112 1724 1174 1746 art.
1192 1718 1258 1756 859.
1284 1726 1311 1748 et
1330 1719 1395 1750 860.
1422 1721 1490 1750 cod.
1520 1723 1554 1751 de
1578 1729 1639 1754 rat.

114 1774 195 1806 proc.
223 1767 255 1794 in
280 1767 336 1794 civ.

77 1807 80 1810 ’
160 1818 292 1845 Attamen
319 1817 387 1844 haec
420 1816 523 1845 missio
550 1816 579 1844 in
602 1817 814 1852 possessionem
843 1819 986 1849 bonorum
1021 1820 1158 1849 Absentis
1184 1820 1336 1849 heredibus
1365 1829 1424 1850 non
1448 1825 1639 1862 conceditur,

124 1868 182 1898 nIsi
207 1868 308 1896 idonee
328 1874 443 1896 cautum
473 1868 510 1896 sit
531 1868 657 1897 Absenti
683 1870 862 1906 quandoque,
880 1872 1009 1900 redeunti
1037 1872 1072 1901 de
1094 1871 1269 1909 patrimonio
1293 1873 1490 1905 restituendo:
1519 1877 1641 1913 requirit

1588 1928 1642 1967 igi-

154 1981 209 2014 (6)
230 1982 291 2005 Add.
306 1981 471 2011 echinum,
485 1989 511 2011 p,
529 1989 579 2013 ³4³·
597 1985 649 2018 ⁸3⁸¹!
663 1989 683 2006 1.
705 1989 730 2008 et
749 1984 888 2012 Proxima,
904 1993 925 2013 p.
941 1990 980 2012 ¹5⁵

898 2026 912 2056 1
932 2036 947 2066 3
