<?xml version="1.0" encoding="UTF-8"?>
<!DOCTYPE html PUBLIC "-//W3C//DTD XHTML 1.0 Transitional//EN"
    "http://www.w3.org/TR/xhtml1/DTD/xhtml1-transitional.dtd">
<html xmlns="http://www.w3.org/1999/xhtml" xml:lang="en" lang="en">
 <head>
  <title>
</title>
<meta http-equiv="Content-Type" content="text/html;charset=utf-8" />
  <meta name='ocr-system' content='tesseract 3.04.00' />
  <meta name='ocr-capabilities' content='ocr_page ocr_carea ocr_par ocr_line ocrx_word'/>
</head>
<body>
  <div class='ocr_page' id='page_1' title='image "annalesacademiae19rijk_0707.png"; bbox 0 0 1913 2417; ppageno 0'>
   <div class='ocr_carea' id='block_1_1' title="bbox 372 196 1726 255">
    <p class='ocr_par' dir='ltr' id='par_1_1' title="bbox 372 196 1726 255">
     <span class='ocr_line' id='line_1_1' title="bbox 372 196 1726 255; baseline 0.009 -22"><span class='ocrx_word' id='word_1_1' title='bbox 372 202 646 237; x_wconf 78' lang='lat' dir='ltr'>REsPoNsm</span> <span class='ocrx_word' id='word_1_2' title='bbox 673 213 721 236; x_wconf 59' lang='lat' dir='ltr'>An·</span> <span class='ocrx_word' id='word_1_3' title='bbox 748 196 1112 248; x_wconf 70' lang='grc' dir='ltr'>ρυΑΕςΤῙοΝΕΜ</span> <span class='ocrx_word' id='word_1_4' title='bbox 1138 209 1568 244; x_wconf 69' lang='lat' dir='ltr'>PHILOSOPHICAM..</span> <span class='ocrx_word' id='word_1_5' title='bbox 1687 219 1726 255; x_wconf 70' lang='lat'>93</span> 
     </span>
    </p>
   </div>
   <div class='ocr_carea' id='block_1_2' title="bbox 173 285 1721 1918">
    <p class='ocr_par' dir='ltr' id='par_1_2' title="bbox 248 285 1293 334">
     <span class='ocr_line' id='line_1_2' title="bbox 248 285 1293 334; baseline 0.01 -19"><span class='ocrx_word' id='word_1_6' title='bbox 248 294 278 324; x_wconf 73' lang='lat'>3.</span> <span class='ocrx_word' id='word_1_7' title='bbox 306 285 332 315; x_wconf 84' lang='lat' dir='ltr'><em>T</em></span> <span class='ocrx_word' id='word_1_8' title='bbox 330 294 474 325; x_wconf 71' lang='lat' dir='ltr'>amporam</span> <span class='ocrx_word' id='word_1_9' title='bbox 496 295 525 318; x_wconf 79' lang='lat' dir='ltr'>et</span> <span class='ocrx_word' id='word_1_10' title='bbox 549 292 672 324; x_wconf 80' lang='lat' dir='ltr'>aetatis,</span> <span class='ocrx_word' id='word_1_11' title='bbox 699 291 800 329; x_wconf 77' lang='lat' dir='ltr'>quibus</span> <span class='ocrx_word' id='word_1_12' title='bbox 821 292 925 330; x_wconf 76' lang='lat' dir='ltr'>floruit</span> <span class='ocrx_word' id='word_1_13' title='bbox 942 295 1145 334; x_wconf 77' lang='lat' dir='ltr'>philosophus,</span> <span class='ocrx_word' id='word_1_14' title='bbox 1167 295 1293 325; x_wconf 66' lang='lat' dir='ltr'>conditio</span> 
     </span>
    </p>

    <p class='ocr_par' dir='ltr' id='par_1_3' title="bbox 299 339 1196 378">
     <span class='ocr_line' id='line_1_3' title="bbox 299 339 1196 378; baseline 0.01 -11"><span class='ocrx_word' id='word_1_15' title='bbox 299 348 331 367; x_wconf 84' lang='lat' dir='ltr'>a.</span> <span class='ocrx_word' id='word_1_16' title='bbox 361 339 476 375; x_wconf 72' lang='lat' dir='ltr'>civilis,</span> <span class='ocrx_word' id='word_1_17' title='bbox 496 342 581 378; x_wconf 87' lang='lat' dir='ltr'>cujus</span> <span class='ocrx_word' id='word_1_18' title='bbox 604 342 736 378; x_wconf 80' lang='lat' dir='ltr'>cognitio</span> <span class='ocrx_word' id='word_1_19' title='bbox 760 351 795 372; x_wconf 84' lang='lat' dir='ltr'>ex</span> <span class='ocrx_word' id='word_1_20' title='bbox 821 344 942 373; x_wconf 79' lang='lat' dir='ltr'>historia</span> <span class='ocrx_word' id='word_1_21' title='bbox 966 345 1117 374; x_wconf 68' lang='lat' dir='ltr'>haurienda</span> <span class='ocrx_word' id='word_1_22' title='bbox 1139 353 1196 377; x_wconf 88' lang='lat' dir='ltr'>est.</span> 
     </span>
    </p>

    <p class='ocr_par' dir='ltr' id='par_1_4' title="bbox 297 388 1721 531">
     <span class='ocr_line' id='line_1_4' title="bbox 297 388 1720 438; baseline 0.009 -21"><span class='ocrx_word' id='word_1_23' title='bbox 297 388 327 418; x_wconf 72' lang='lat' dir='ltr'>b.</span> <span class='ocrx_word' id='word_1_24' title='bbox 355 390 457 419; x_wconf 81' lang='lat' dir='ltr'>Status</span> <span class='ocrx_word' id='word_1_25' title='bbox 474 392 689 430; x_wconf 70' lang='lat' dir='ltr'>philosophiae,</span> <span class='ocrx_word' id='word_1_26' title='bbox 711 395 826 423; x_wconf 72' lang='lat' dir='ltr'>ratione</span> <span class='ocrx_word' id='word_1_27' title='bbox 847 397 992 432; x_wconf 81' lang='lat' dir='ltr'><em>imprimis</em></span> <span class='ocrx_word' id='word_1_28' title='bbox 1014 397 1118 426; x_wconf 76' lang='lat' dir='ltr'>habita</span> <span class='ocrx_word' id='word_1_29' title='bbox 1142 398 1202 429; x_wconf 80' lang='lat' dir='ltr'>esus</span> <span class='ocrx_word' id='word_1_30' title='bbox 1228 406 1431 438; x_wconf 76' lang='lat' dir='ltr'><em>progressuum</em></span> <span class='ocrx_word' id='word_1_31' title='bbox 1460 405 1487 427; x_wconf 80' lang='lat' dir='ltr'>et</span> <span class='ocrx_word' id='word_1_32' title='bbox 1514 406 1720 437; x_wconf 73' lang='lat' dir='ltr'><em>systematum,</em></span> 
     </span>
     <span class='ocr_line' id='line_1_5' title="bbox 356 445 1721 489; baseline 0.009 -21"><span class='ocrx_word' id='word_1_33' title='bbox 356 450 420 469; x_wconf 81' lang='lat' dir='ltr'>cum</span> <span class='ocrx_word' id='word_1_34' title='bbox 440 451 515 479; x_wconf 80' lang='lat' dir='ltr'>quae</span> <span class='ocrx_word' id='word_1_35' title='bbox 540 449 630 471; x_wconf 81' lang='lat' dir='ltr'>antea</span> <span class='ocrx_word' id='word_1_36' title='bbox 645 445 797 482; x_wconf 76' lang='lat' dir='ltr'>fuerunt,</span> <span class='ocrx_word' id='word_1_37' title='bbox 817 453 879 475; x_wconf 84' lang='lat' dir='ltr'>tum</span> <span class='ocrx_word' id='word_1_38' title='bbox 904 456 979 485; x_wconf 74' lang='lat' dir='ltr'>quae</span> <span class='ocrx_word' id='word_1_39' title='bbox 1000 448 1180 487; x_wconf 76' lang='lat' dir='ltr'><em>philosophi,</em></span> <span class='ocrx_word' id='word_1_40' title='bbox 1202 449 1238 478; x_wconf 73' lang='lat' dir='ltr'>de</span> <span class='ocrx_word' id='word_1_41' title='bbox 1263 460 1317 489; x_wconf 83' lang='lat' dir='ltr'>quo</span> <span class='ocrx_word' id='word_1_42' title='bbox 1335 451 1462 489; x_wconf 73' lang='lat' dir='ltr'>agitur,</span> <span class='ocrx_word' id='word_1_43' title='bbox 1481 457 1578 480; x_wconf 73' lang='lat' dir='ltr'>aetate</span> <span class='ocrx_word' id='word_1_44' title='bbox 1601 451 1721 489; x_wconf 53' lang='lat' dir='ltr'>vigent}</span> 
     </span>
     <span class='ocr_line' id='line_1_6' title="bbox 347 495 1147 531; baseline 0.011 -11"><span class='ocrx_word' id='word_1_45' title='bbox 347 501 506 531; x_wconf 80' lang='lat' dir='ltr'>earumque</span> <span class='ocrx_word' id='word_1_46' title='bbox 529 495 752 531; x_wconf 77' lang='lat' dir='ltr'>conjunctionis.</span> <span class='ocrx_word' id='word_1_47' title='bbox 1145 499 1147 503; x_wconf 71' lang='grc'>’</span> 
     </span>
    </p>

    <p class='ocr_par' dir='ltr' id='par_1_5' title="bbox 182 542 1719 1452">
     <span class='ocr_line' id='line_1_7' title="bbox 241 542 1719 590; baseline 0.006 -18"><span class='ocrx_word' id='word_1_48' title='bbox 241 542 354 572; x_wconf 86' lang='lat' dir='ltr'>Natura</span> <span class='ocrx_word' id='word_1_49' title='bbox 377 550 405 571; x_wconf 88' lang='lat' dir='ltr'>et</span> <span class='ocrx_word' id='word_1_50' title='bbox 428 543 540 573; x_wconf 86' lang='lat' dir='ltr'>indoles</span> <span class='ocrx_word' id='word_1_51' title='bbox 564 551 592 573; x_wconf 91' lang='lat' dir='ltr'>et</span> <span class='ocrx_word' id='word_1_52' title='bbox 617 546 762 583; x_wconf 85' lang='lat' dir='ltr'>ingenium</span> <span class='ocrx_word' id='word_1_53' title='bbox 790 549 953 579; x_wconf 88' lang='lat' dir='ltr'>conditoris</span> <span class='ocrx_word' id='word_1_54' title='bbox 971 558 1036 579; x_wconf 88' lang='lat' dir='ltr'>cum</span> <span class='ocrx_word' id='word_1_55' title='bbox 1059 551 1095 579; x_wconf 88' lang='lat' dir='ltr'>ad</span> <span class='ocrx_word' id='word_1_56' title='bbox 1118 551 1261 580; x_wconf 85' lang='lat' dir='ltr'>materiem</span> <span class='ocrx_word' id='word_1_57' title='bbox 1289 553 1483 590; x_wconf 83' lang='lat' dir='ltr'>philosophi,</span> <span class='ocrx_word' id='word_1_58' title='bbox 1513 560 1575 582; x_wconf 88' lang='lat' dir='ltr'>tum</span> <span class='ocrx_word' id='word_1_59' title='bbox 1602 554 1636 582; x_wconf 83' lang='lat' dir='ltr'>ad</span> <span class='ocrx_word' id='word_1_60' title='bbox 1660 552 1719 581; x_wconf 88' lang='lat' dir='ltr'>for-</span> 
     </span>
     <span class='ocr_line' id='line_1_8' title="bbox 199 594 1717 642; baseline 0.007 -20"><span class='ocrx_word' id='word_1_61' title='bbox 199 601 275 622; x_wconf 86' lang='lat' dir='ltr'>mam</span> <span class='ocrx_word' id='word_1_62' title='bbox 307 594 505 624; x_wconf 87' lang='lat' dir='ltr'>moderandam</span> <span class='ocrx_word' id='word_1_63' title='bbox 540 596 661 627; x_wconf 85' lang='lat' dir='ltr'>faciunt.</span> <span class='ocrx_word' id='word_1_64' title='bbox 713 599 828 629; x_wconf 81' lang='lat' dir='ltr'>Etenim</span> <span class='ocrx_word' id='word_1_65' title='bbox 858 609 892 629; x_wconf 89' lang='lat' dir='ltr'>ex</span> <span class='ocrx_word' id='word_1_66' title='bbox 921 601 1017 630; x_wconf 90' lang='lat' dir='ltr'>eadem</span> <span class='ocrx_word' id='word_1_67' title='bbox 1041 601 1226 632; x_wconf 82' lang='lat' dir='ltr'>institutione</span> <span class='ocrx_word' id='word_1_68' title='bbox 1253 604 1330 633; x_wconf 86' lang='lat' dir='ltr'>aliud</span> <span class='ocrx_word' id='word_1_69' title='bbox 1363 605 1509 642; x_wconf 85' lang='lat' dir='ltr'>ingenium</span> <span class='ocrx_word' id='word_1_70' title='bbox 1535 606 1589 634; x_wconf 79' lang='lat' dir='ltr'>alia</span> <span class='ocrx_word' id='word_1_71' title='bbox 1616 613 1717 641; x_wconf 85' lang='lat' dir='ltr'>appre-</span> 
     </span>
     <span class='ocr_line' id='line_1_9' title="bbox 199 643 1717 692; baseline 0.009 -21"><span class='ocrx_word' id='word_1_72' title='bbox 199 643 318 680; x_wconf 77' lang='lat' dir='ltr'>hendit,</span> <span class='ocrx_word' id='word_1_73' title='bbox 346 646 430 681; x_wconf 83' lang='lat' dir='ltr'>cujus</span> <span class='ocrx_word' id='word_1_74' title='bbox 456 647 494 675; x_wconf 86' lang='lat' dir='ltr'>rei</span> <span class='ocrx_word' id='word_1_75' title='bbox 522 647 635 677; x_wconf 79' lang='lat' dir='ltr'>illustre</span> <span class='ocrx_word' id='word_1_76' title='bbox 661 656 704 678; x_wconf 87' lang='lat' dir='ltr'>est</span> <span class='ocrx_word' id='word_1_77' title='bbox 733 651 936 681; x_wconf 88' lang='lat' dir='ltr'>documentum</span> <span class='ocrx_word' id='word_1_78' title='bbox 962 653 992 681; x_wconf 92' lang='lat' dir='ltr'>in</span> <span class='ocrx_word' id='word_1_79' title='bbox 1017 653 1171 689; x_wconf 86' lang='lat' dir='ltr'>divortiis,</span> <span class='ocrx_word' id='word_1_80' title='bbox 1200 663 1292 690; x_wconf 83' lang='lat' dir='ltr'>quae,</span> <span class='ocrx_word' id='word_1_81' title='bbox 1322 662 1354 684; x_wconf 89' lang='lat' dir='ltr'>ut</span> <span class='ocrx_word' id='word_1_82' title='bbox 1382 664 1416 684; x_wconf 83' lang='lat' dir='ltr'>ex</span> <span class='ocrx_word' id='word_1_83' title='bbox 1441 656 1594 692; x_wconf 76' lang='lat' dir='ltr'>Apennino</span> <span class='ocrx_word' id='word_1_84' title='bbox 1620 656 1717 684; x_wconf 60' lang='grc' dir='ltr'>Ηιιῐηίὃ</span> 
     </span>
     <span class='ocr_line' id='line_1_10' title="bbox 197 695 1716 744; baseline 0.009 -22"><span class='ocrx_word' id='word_1_85' title='bbox 197 702 288 731; x_wconf 87' lang='lat' dir='ltr'>num,</span> <span class='ocrx_word' id='word_1_86' title='bbox 318 695 357 724; x_wconf 91' lang='lat' dir='ltr'>ita</span> <span class='ocrx_word' id='word_1_87' title='bbox 381 704 414 725; x_wconf 86' lang='lat' dir='ltr'>ex</span> <span class='ocrx_word' id='word_1_88' title='bbox 442 698 541 727; x_wconf 90' lang='lat' dir='ltr'>schola</span> <span class='ocrx_word' id='word_1_89' title='bbox 573 700 703 729; x_wconf 75' lang='lat' dir='ltr'>Socratis</span> <span class='ocrx_word' id='word_1_90' title='bbox 731 708 875 738; x_wconf 86' lang='lat' dir='ltr'>tamquam</span> <span class='ocrx_word' id='word_1_91' title='bbox 904 704 1050 733; x_wconf 89' lang='lat' dir='ltr'>communi</span> <span class='ocrx_word' id='word_1_92' title='bbox 1079 705 1250 741; x_wconf 87' lang='lat' dir='ltr'>sapientium</span> <span class='ocrx_word' id='word_1_93' title='bbox 1274 707 1363 744; x_wconf 85' lang='lat' dir='ltr'>jugo,</span> <span class='ocrx_word' id='word_1_94' title='bbox 1393 707 1467 735; x_wconf 85' lang='lat' dir='ltr'>facta</span> <span class='ocrx_word' id='word_1_95' title='bbox 1496 714 1577 736; x_wconf 86' lang='lat' dir='ltr'>sunt.</span> <span class='ocrx_word' id='word_1_96' title='bbox 1616 707 1716 744; x_wconf 85' lang='lat' dir='ltr'>Repli-</span> 
     </span>
     <span class='ocr_line' id='line_1_11' title="bbox 196 747 1713 792; baseline 0.009 -19"><span class='ocrx_word' id='word_1_97' title='bbox 196 750 279 774; x_wconf 81' lang='lat' dir='ltr'>easse</span> <span class='ocrx_word' id='word_1_98' title='bbox 302 747 437 776; x_wconf 86' lang='lat' dir='ltr'>memoria</span> <span class='ocrx_word' id='word_1_99' title='bbox 461 749 584 778; x_wconf 88' lang='lat' dir='ltr'>sufficiat</span> <span class='ocrx_word' id='word_1_100' title='bbox 606 753 788 786; x_wconf 83' lang='lat' dir='ltr'>asperitatem</span> <span class='ocrx_word' id='word_1_101' title='bbox 814 760 842 782; x_wconf 93' lang='lat' dir='ltr'>et</span> <span class='ocrx_word' id='word_1_102' title='bbox 865 754 1017 784; x_wconf 86' lang='lat' dir='ltr'>duritatem</span> <span class='ocrx_word' id='word_1_103' title='bbox 1042 757 1243 792; x_wconf 77' lang='lat' dir='ltr'>Antisthenis,</span> <span class='ocrx_word' id='word_1_104' title='bbox 1274 764 1301 785; x_wconf 85' lang='lat' dir='ltr'>et</span> <span class='ocrx_word' id='word_1_105' title='bbox 1328 766 1362 786; x_wconf 83' lang='lat' dir='ltr'>ex</span> <span class='ocrx_word' id='word_1_106' title='bbox 1387 759 1484 787; x_wconf 89' lang='lat' dir='ltr'>eodem</span> <span class='ocrx_word' id='word_1_107' title='bbox 1512 759 1593 788; x_wconf 91' lang='lat' dir='ltr'>fonte</span> <span class='ocrx_word' id='word_1_108' title='bbox 1624 759 1713 787; x_wconf 79' lang='lat' dir='ltr'>liaus-</span> 
     </span>
     <span class='ocr_line' id='line_1_12' title="bbox 196 798 1717 847; baseline 0.009 -23"><span class='ocrx_word' id='word_1_109' title='bbox 196 803 254 825; x_wconf 82' lang='lat' dir='ltr'>tam</span> <span class='ocrx_word' id='word_1_110' title='bbox 280 798 447 827; x_wconf 85' lang='lat' dir='ltr'>hilaritatem</span> <span class='ocrx_word' id='word_1_111' title='bbox 477 808 505 828; x_wconf 89' lang='lat' dir='ltr'>et</span> <span class='ocrx_word' id='word_1_112' title='bbox 529 803 713 837; x_wconf 82' lang='lat' dir='ltr'>petulantiam</span> <span class='ocrx_word' id='word_1_113' title='bbox 739 804 899 843; x_wconf 59' lang='lat' dir='ltr'>Aristippi.</span> <span class='ocrx_word' id='word_1_114' title='bbox 942 807 1067 842; x_wconf 85' lang='lat' dir='ltr'>Iisdem,</span> <span class='ocrx_word' id='word_1_115' title='bbox 1098 808 1205 843; x_wconf 84' lang='lat' dir='ltr'>quibus</span> <span class='ocrx_word' id='word_1_116' title='bbox 1239 809 1432 847; x_wconf 69' lang='lat' dir='ltr'>Aristippus,</span> <span class='ocrx_word' id='word_1_117' title='bbox 1463 810 1614 846; x_wconf 84' lang='lat' dir='ltr'>principiis</span> <span class='ocrx_word' id='word_1_118' title='bbox 1639 811 1717 838; x_wconf 69' lang='lat' dir='ltr'>usus&#39;</span> 
     </span>
     <span class='ocr_line' id='line_1_13' title="bbox 196 848 1709 896; baseline 0.009 -20"><span class='ocrx_word' id='word_1_119' title='bbox 196 848 365 885; x_wconf 76' lang='lat' dir='ltr'>Epicurus,</span> <span class='ocrx_word' id='word_1_120' title='bbox 396 851 616 880; x_wconf 76' lang='lat' dir='ltr'>continentioris</span> <span class='ocrx_word' id='word_1_121' title='bbox 640 853 684 881; x_wconf 89' lang='lat' dir='ltr'>vir</span> <span class='ocrx_word' id='word_1_122' title='bbox 714 854 841 891; x_wconf 76' lang='lat' dir='ltr'>indolis,</span> <span class='ocrx_word' id='word_1_123' title='bbox 872 855 974 885; x_wconf 82' lang='lat' dir='ltr'>foedus</span> <span class='ocrx_word' id='word_1_124' title='bbox 1007 859 1150 893; x_wconf 88' lang='lat' dir='ltr'>quoddam</span> <span class='ocrx_word' id='word_1_125' title='bbox 1182 859 1296 888; x_wconf 76' lang='lat' dir='ltr'>induxit</span> <span class='ocrx_word' id='word_1_126' title='bbox 1326 861 1485 896; x_wconf 83' lang='lat' dir='ltr'>voluptatis</span> <span class='ocrx_word' id='word_1_127' title='bbox 1519 869 1554 888; x_wconf 87' lang='lat' dir='ltr'>ac</span> <span class='ocrx_word' id='word_1_128' title='bbox 1582 861 1709 890; x_wconf 87' lang='lat' dir='ltr'>virtutis.</span> 
     </span>
     <span class='ocr_line' id='line_1_14' title="bbox 192 898 1716 948; baseline 0.009 -21"><span class='ocrx_word' id='word_1_129' title='bbox 192 898 363 928; x_wconf 77' lang='lat' dir='ltr'>Platonicae</span> <span class='ocrx_word' id='word_1_130' title='bbox 386 900 593 937; x_wconf 82' lang='lat' dir='ltr'>Philosophiae</span> <span class='ocrx_word' id='word_1_131' title='bbox 622 902 745 932; x_wconf 83' lang='lat' dir='ltr'>formam</span> <span class='ocrx_word' id='word_1_132' title='bbox 772 906 883 941; x_wconf 86' lang='lat' dir='ltr'>peperit</span> <span class='ocrx_word' id='word_1_133' title='bbox 912 909 1040 936; x_wconf 86' lang='lat' dir='ltr'>auctoris</span> <span class='ocrx_word' id='word_1_134' title='bbox 1067 909 1211 945; x_wconf 84' lang='lat' dir='ltr'>ingenium</span> <span class='ocrx_word' id='word_1_135' title='bbox 1243 919 1258 939; x_wconf 85' lang='lat' dir='ltr'>a</span> <span class='ocrx_word' id='word_1_136' title='bbox 1282 911 1377 947; x_wconf 85' lang='lat' dir='ltr'>pueris</span> <span class='ocrx_word' id='word_1_137' title='bbox 1408 912 1443 939; x_wconf 90' lang='lat' dir='ltr'>ad</span> <span class='ocrx_word' id='word_1_138' title='bbox 1475 911 1577 948; x_wconf 71' lang='lat' dir='ltr'>poesin</span> <span class='ocrx_word' id='word_1_139' title='bbox 1606 911 1716 947; x_wconf 71' lang='lat' dir='ltr'>procli‹</span> 
     </span>
     <span class='ocr_line' id='line_1_15' title="bbox 191 950 1714 999; baseline 0.009 -22"><span class='ocrx_word' id='word_1_140' title='bbox 191 951 330 988; x_wconf 68' lang='lat' dir='ltr'>ve&#39;(1):</span> <span class='ocrx_word' id='word_1_141' title='bbox 361 950 548 988; x_wconf 82' lang='lat' dir='ltr'>ejusdemque</span> <span class='ocrx_word' id='word_1_142' title='bbox 569 953 676 990; x_wconf 79' lang='lat' dir='ltr'>ingenii</span> <span class='ocrx_word' id='word_1_143' title='bbox 701 958 876 991; x_wconf 78' lang='lat' dir='ltr'>praestantia</span> <span class='ocrx_word' id='word_1_144' title='bbox 901 967 933 986; x_wconf 91' lang='lat' dir='ltr'>ac</span> <span class='ocrx_word' id='word_1_145' title='bbox 965 958 1135 995; x_wconf 86' lang='lat' dir='ltr'>magnitudo</span> <span class='ocrx_word' id='word_1_146' title='bbox 1165 960 1280 997; x_wconf 80' lang='lat' dir='ltr'>effecit,</span> <span class='ocrx_word' id='word_1_147' title='bbox 1311 968 1343 989; x_wconf 88' lang='lat' dir='ltr'>ut</span> <span class='ocrx_word' id='word_1_148' title='bbox 1374 970 1450 990; x_wconf 87' lang='lat' dir='ltr'>unus</span> <span class='ocrx_word' id='word_1_149' title='bbox 1481 971 1515 990; x_wconf 84' lang='lat' dir='ltr'>ex</span> <span class='ocrx_word' id='word_1_150' title='bbox 1546 962 1714 999; x_wconf 70' lang='lat' dir='ltr'>aequalibus</span> 
     </span>
     <span class='ocr_line' id='line_1_16' title="bbox 192 1001 1712 1050; baseline 0.009 -20"><span class='ocrx_word' id='word_1_151' title='bbox 192 1001 281 1031; x_wconf 81' lang='lat' dir='ltr'>Plato</span> <span class='ocrx_word' id='word_1_152' title='bbox 303 1002 477 1030; x_wconf 88' lang='lat' dir='ltr'>Socraticam</span> <span class='ocrx_word' id='word_1_153' title='bbox 505 1003 662 1033; x_wconf 85' lang='lat' dir='ltr'>ubertatem</span> <span class='ocrx_word' id='word_1_154' title='bbox 688 1006 716 1034; x_wconf 92' lang='lat' dir='ltr'>in</span> <span class='ocrx_word' id='word_1_155' title='bbox 741 1016 771 1036; x_wconf 86' lang='lat' dir='ltr'>se</span> <span class='ocrx_word' id='word_1_156' title='bbox 793 1008 945 1044; x_wconf 81' lang='lat' dir='ltr'>colligere,</span> <span class='ocrx_word' id='word_1_157' title='bbox 967 1017 1086 1045; x_wconf 87' lang='lat' dir='ltr'>eamque</span> <span class='ocrx_word' id='word_1_158' title='bbox 1107 1011 1168 1039; x_wconf 89' lang='lat' dir='ltr'>suis</span> <span class='ocrx_word' id='word_1_159' title='bbox 1196 1012 1321 1040; x_wconf 87' lang='lat' dir='ltr'>vinculis</span> <span class='ocrx_word' id='word_1_160' title='bbox 1348 1014 1565 1048; x_wconf 82' lang='lat' dir='ltr'>consociatam,</span> <span class='ocrx_word' id='word_1_161' title='bbox 1588 1014 1712 1050; x_wconf 84' lang='lat' dir='ltr'>suisque</span> 
     </span>
     <span class='ocr_line' id='line_1_17' title="bbox 189 1051 1712 1100; baseline 0.008 -19"><span class='ocrx_word' id='word_1_162' title='bbox 189 1052 385 1081; x_wconf 79' lang='lat' dir='ltr'>fundamentis</span> <span class='ocrx_word' id='word_1_163' title='bbox 404 1051 571 1089; x_wconf 87' lang='lat' dir='ltr'>fundatam,</span> <span class='ocrx_word' id='word_1_164' title='bbox 594 1055 802 1086; x_wconf 71' lang='lat' dir='ltr'>immortalitati</span> <span class='ocrx_word' id='word_1_165' title='bbox 827 1060 934 1088; x_wconf 82' lang='lat' dir='ltr'>tradere</span> <span class='ocrx_word' id='word_1_166' title='bbox 955 1068 1065 1096; x_wconf 87' lang='lat' dir='ltr'>posset.</span> <span class='ocrx_word' id='word_1_167' title='bbox 1107 1061 1164 1090; x_wconf 87' lang='lat' dir='ltr'>Sed</span> <span class='ocrx_word' id='word_1_168' title='bbox 1187 1063 1259 1091; x_wconf 88' lang='lat' dir='ltr'>satis</span> <span class='ocrx_word' id='word_1_169' title='bbox 1285 1064 1480 1099; x_wconf 76' lang='lat' dir='ltr'>exemplorum</span> <span class='ocrx_word' id='word_1_170' title='bbox 1504 1065 1545 1092; x_wconf 88' lang='lat' dir='ltr'>ad·</span> <span class='ocrx_word' id='word_1_171' title='bbox 1563 1072 1619 1092; x_wconf 86' lang='lat' dir='ltr'>rem</span> <span class='ocrx_word' id='word_1_172' title='bbox 1640 1073 1712 1100; x_wconf 71' lang='lat' dir='ltr'>pro«</span> 
     </span>
     <span class='ocr_line' id='line_1_18' title="bbox 191 1096 1710 1152; baseline 0.009 -20"><span class='ocrx_word' id='word_1_173' title='bbox 191 1096 312 1133; x_wconf 63' lang='lat' dir='ltr'>bandam</span> <span class='ocrx_word' id='word_1_174' title='bbox 326 1124 336 1139; x_wconf 82' lang='lat'>‚</span> <span class='ocrx_word' id='word_1_175' title='bbox 359 1112 431 1139; x_wconf 89' lang='lat' dir='ltr'>quae</span> <span class='ocrx_word' id='word_1_176' title='bbox 453 1112 504 1140; x_wconf 84' lang='lat' dir='ltr'>per</span> <span class='ocrx_word' id='word_1_177' title='bbox 526 1114 555 1134; x_wconf 88' lang='lat' dir='ltr'>se</span> <span class='ocrx_word' id='word_1_178' title='bbox 577 1104 761 1144; x_wconf 80' lang='lat' dir='ltr'>intelligitur,</span> <span class='ocrx_word' id='word_1_179' title='bbox 805 1109 898 1146; x_wconf 81' lang='lat' dir='ltr'>Igitur</span> <span class='ocrx_word' id='word_1_180' title='bbox 915 1110 1025 1140; x_wconf 83' lang='lat' dir='ltr'>indoles</span> <span class='ocrx_word' id='word_1_181' title='bbox 1050 1112 1121 1141; x_wconf 86' lang='lat' dir='ltr'>lenis</span> <span class='ocrx_word' id='word_1_182' title='bbox 1146 1113 1204 1148; x_wconf 74' lang='lat' dir='ltr'>sir,</span> <span class='ocrx_word' id='word_1_183' title='bbox 1226 1122 1261 1142; x_wconf 90' lang='lat' dir='ltr'>an</span> <span class='ocrx_word' id='word_1_184' title='bbox 1288 1115 1410 1150; x_wconf 83' lang='lat' dir='ltr'>superba</span> <span class='ocrx_word' id='word_1_185' title='bbox 1434 1121 1463 1143; x_wconf 89' lang='lat' dir='ltr'>et</span> <span class='ocrx_word' id='word_1_186' title='bbox 1485 1123 1620 1152; x_wconf 80' lang='lat' dir='ltr'>pugnax3</span> <span class='ocrx_word' id='word_1_187' title='bbox 1643 1124 1710 1146; x_wconf 86' lang='lat' dir='ltr'>sen·</span> 
     </span>
     <span class='ocr_line' id='line_1_19' title="bbox 187 1155 1705 1203; baseline 0.01 -22"><span class='ocrx_word' id='word_1_188' title='bbox 187 1157 239 1184; x_wconf 71' lang='lat' dir='ltr'>sus</span> <span class='ocrx_word' id='word_1_189' title='bbox 264 1155 381 1183; x_wconf 88' lang='lat' dir='ltr'>moralis</span> <span class='ocrx_word' id='word_1_190' title='bbox 405 1156 529 1185; x_wconf 89' lang='lat' dir='ltr'>obtusus</span> <span class='ocrx_word' id='word_1_191' title='bbox 554 1166 587 1186; x_wconf 89' lang='lat' dir='ltr'>an</span> <span class='ocrx_word' id='word_1_192' title='bbox 614 1167 694 1195; x_wconf 79' lang='lat' dir='ltr'>acer3</span> <span class='ocrx_word' id='word_1_193' title='bbox 727 1160 870 1197; x_wconf 79' lang='lat' dir='ltr'>ingenium</span> <span class='ocrx_word' id='word_1_194' title='bbox 892 1161 1033 1191; x_wconf 85' lang='lat' dir='ltr'>mediocre</span> <span class='ocrx_word' id='word_1_195' title='bbox 1056 1172 1091 1192; x_wconf 88' lang='lat' dir='ltr'>an</span> <span class='ocrx_word' id='word_1_196' title='bbox 1117 1167 1225 1200; x_wconf 66' lang='lat' dir='ltr'>capax3</span> <span class='ocrx_word' id='word_1_197' title='bbox 1253 1165 1378 1193; x_wconf 50' lang='lat' dir='ltr'>volatile*</span> <span class='ocrx_word' id='word_1_198' title='bbox 1396 1173 1431 1194; x_wconf 87' lang='lat' dir='ltr'>an</span> <span class='ocrx_word' id='word_1_199' title='bbox 1457 1167 1606 1203; x_wconf 82' lang='lat' dir='ltr'>sedatum,</span> <span class='ocrx_word' id='word_1_200' title='bbox 1633 1170 1705 1199; x_wconf 74' lang='lat' dir='ltr'>cele&#39;-</span> 
     </span>
     <span class='ocr_line' id='line_1_20' title="bbox 185 1206 1710 1254; baseline 0.009 -19"><span class='ocrx_word' id='word_1_201' title='bbox 185 1206 245 1235; x_wconf 84' lang='lat' dir='ltr'>rius</span> <span class='ocrx_word' id='word_1_202' title='bbox 269 1215 303 1234; x_wconf 90' lang='lat' dir='ltr'>an</span> <span class='ocrx_word' id='word_1_203' title='bbox 328 1206 457 1242; x_wconf 84' lang='lat' dir='ltr'>tardius,</span> <span class='ocrx_word' id='word_1_204' title='bbox 485 1217 567 1238; x_wconf 73' lang='lat' dir='ltr'>suum</span> <span class='ocrx_word' id='word_1_205' title='bbox 597 1219 631 1238; x_wconf 82' lang='lat' dir='ltr'>an</span> <span class='ocrx_word' id='word_1_206' title='bbox 655 1210 684 1238; x_wconf 90' lang='lat' dir='ltr'>in</span> <span class='ocrx_word' id='word_1_207' title='bbox 714 1211 812 1239; x_wconf 84' lang='lat' dir='ltr'>alienis</span> <span class='ocrx_word' id='word_1_208' title='bbox 844 1212 964 1241; x_wconf 76' lang='lat' dir='ltr'>libenter</span> <span class='ocrx_word' id='word_1_209' title='bbox 994 1215 1144 1243; x_wconf 82' lang='lat' dir='ltr'>sententiis</span> <span class='ocrx_word' id='word_1_210' title='bbox 1176 1216 1381 1251; x_wconf 57' lang='lat' dir='ltr'>acquiescens}</span> <span class='ocrx_word' id='word_1_211' title='bbox 1413 1224 1440 1244; x_wconf 89' lang='lat' dir='ltr'>et</span> <span class='ocrx_word' id='word_1_212' title='bbox 1466 1224 1613 1254; x_wconf 87' lang='lat' dir='ltr'>quotquot</span> <span class='ocrx_word' id='word_1_213' title='bbox 1634 1220 1710 1249; x_wconf 66' lang='lat' dir='ltr'>aliae*</span> 
     </span>
     <span class='ocr_line' id='line_1_21' title="bbox 187 1259 1710 1301; baseline 0.009 -15"><span class='ocrx_word' id='word_1_214' title='bbox 187 1266 291 1294; x_wconf 80' lang='lat' dir='ltr'>magno</span> <span class='ocrx_word' id='word_1_215' title='bbox 313 1266 433 1287; x_wconf 83' lang='lat' dir='ltr'>numero</span> <span class='ocrx_word' id='word_1_216' title='bbox 454 1259 634 1290; x_wconf 75' lang='lat' dir='ltr'>diversitates</span> <span class='ocrx_word' id='word_1_217' title='bbox 660 1262 755 1290; x_wconf 91' lang='lat' dir='ltr'>locum</span> <span class='ocrx_word' id='word_1_218' title='bbox 779 1263 880 1291; x_wconf 80' lang='lat' dir='ltr'>habere</span> <span class='ocrx_word' id='word_1_219' title='bbox 900 1271 1045 1300; x_wconf 75' lang='lat' dir='ltr'>possunt,</span> <span class='ocrx_word' id='word_1_220' title='bbox 1077 1272 1220 1301; x_wconf 87' lang='lat' dir='ltr'>potentem</span> <span class='ocrx_word' id='word_1_221' title='bbox 1245 1267 1305 1295; x_wconf 58' lang='lat' dir='ltr'>vim*</span> <span class='ocrx_word' id='word_1_222' title='bbox 1329 1275 1360 1295; x_wconf 78' lang='lat' dir='ltr'>er</span> <span class='ocrx_word' id='word_1_223' title='bbox 1387 1268 1537 1297; x_wconf 84' lang='lat' dir='ltr'>efficaciam</span> <span class='ocrx_word' id='word_1_224' title='bbox 1563 1269 1592 1298; x_wconf 88' lang='lat' dir='ltr'>in</span> <span class='ocrx_word' id='word_1_225' title='bbox 1615 1271 1710 1300; x_wconf 69' lang='lat' dir='ltr'>discin-</span> 
     </span>
     <span class='ocr_line' id='line_1_22' title="bbox 183 1309 1702 1355; baseline 0.009 -19"><span class='ocrx_word' id='word_1_226' title='bbox 183 1309 279 1345; x_wconf 83' lang='lat' dir='ltr'>plinas</span> <span class='ocrx_word' id='word_1_227' title='bbox 299 1310 459 1338; x_wconf 82' lang='lat' dir='ltr'>condendas</span> <span class='ocrx_word' id='word_1_228' title='bbox 482 1309 706 1347; x_wconf 72' lang='lat' dir='ltr'>formandosque</span> <span class='ocrx_word' id='word_1_229' title='bbox 733 1320 876 1342; x_wconf 78' lang='lat' dir='ltr'>exercent.</span> <span class='ocrx_word' id='word_1_230' title='bbox 916 1314 955 1343; x_wconf 89' lang='lat' dir='ltr'>Et</span> <span class='ocrx_word' id='word_1_231' title='bbox 985 1316 1099 1344; x_wconf 87' lang='lat' dir='ltr'>veroin</span> <span class='ocrx_word' id='word_1_232' title='bbox 1131 1318 1262 1354; x_wconf 84' lang='lat' dir='ltr'>cognatis</span> <span class='ocrx_word' id='word_1_233' title='bbox 1288 1318 1449 1353; x_wconf 82' lang='lat' dir='ltr'>disciplinis</span> <span class='ocrx_word' id='word_1_234' title='bbox 1482 1329 1571 1355; x_wconf 85' lang='lat' dir='ltr'>parvo</span> <span class='ocrx_word' id='word_1_235' title='bbox 1600 1321 1702 1350; x_wconf 82' lang='lat' dir='ltr'>discri-</span> 
     </span>
     <span class='ocr_line' id='line_1_23' title="bbox 183 1360 1709 1403; baseline 0.009 -15"><span class='ocrx_word' id='word_1_236' title='bbox 183 1360 270 1389; x_wconf 84' lang='lat' dir='ltr'>minis</span> <span class='ocrx_word' id='word_1_237' title='bbox 295 1366 441 1388; x_wconf 86' lang='lat' dir='ltr'>momento</span> <span class='ocrx_word' id='word_1_238' title='bbox 463 1369 478 1388; x_wconf 95' lang='lat' dir='ltr'>a</span> <span class='ocrx_word' id='word_1_239' title='bbox 503 1369 534 1389; x_wconf 84' lang='lat' dir='ltr'>se</span> <span class='ocrx_word' id='word_1_240' title='bbox 562 1362 683 1391; x_wconf 87' lang='lat' dir='ltr'>invicem</span> <span class='ocrx_word' id='word_1_241' title='bbox 709 1364 891 1400; x_wconf 78' lang='lat' dir='ltr'>sejungendis</span> <span class='ocrx_word' id='word_1_242' title='bbox 916 1365 1144 1403; x_wconf 85' lang='lat' dir='ltr'>flectendisque‚</span> <span class='ocrx_word' id='word_1_243' title='bbox 1172 1375 1200 1396; x_wconf 88' lang='lat' dir='ltr'>et</span> <span class='ocrx_word' id='word_1_244' title='bbox 1230 1368 1259 1397; x_wconf 91' lang='lat' dir='ltr'>in</span> <span class='ocrx_word' id='word_1_245' title='bbox 1292 1369 1370 1398; x_wconf 88' lang='lat' dir='ltr'>omni</span> <span class='ocrx_word' id='word_1_246' title='bbox 1394 1371 1521 1399; x_wconf 90' lang='lat' dir='ltr'>omnium</span> <span class='ocrx_word' id='word_1_247' title='bbox 1547 1373 1709 1402; x_wconf 60' lang='lat' dir='ltr'>sententiae⁴</span> 
     </span>
     <span class='ocr_line' id='line_1_24' title="bbox 182 1411 994 1452; baseline 0.005 -11"><span class='ocrx_word' id='word_1_248' title='bbox 182 1411 394 1445; x_wconf 76' lang='lat' dir='ltr'>declinatione,</span> <span class='ocrx_word' id='word_1_249' title='bbox 417 1412 564 1440; x_wconf 76' lang='lat' dir='ltr'>maximae⁴</span> <span class='ocrx_word' id='word_1_250' title='bbox 574 1413 680 1448; x_wconf 79' lang='lat' dir='ltr'>ingenii</span> <span class='ocrx_word' id='word_1_251' title='bbox 705 1420 797 1449; x_wconf 81' lang='lat' dir='ltr'>partes</span> <span class='ocrx_word' id='word_1_252' title='bbox 823 1422 892 1443; x_wconf 86' lang='lat' dir='ltr'>sunt</span> <span class='ocrx_word' id='word_1_253' title='bbox 912 1416 994 1452; x_wconf 58' lang='grc' dir='ltr'>(π).</span> 
     </span>
    </p>

    <p class='ocr_par' dir='ltr' id='par_1_6' title="bbox 173 1463 1699 1918">
     <span class='ocr_line' id='line_1_25' title="bbox 191 1463 1699 1514; baseline 0.011 -23"><span class='ocrx_word' id='word_1_254' title='bbox 191 1471 195 1473; x_wconf 64' lang='grc'><strong><em>’</em></strong></span> <span class='ocrx_word' id='word_1_255' title='bbox 219 1463 317 1491; x_wconf 76' lang='lat' dir='ltr'>Altera</span> <span class='ocrx_word' id='word_1_256' title='bbox 342 1469 511 1496; x_wconf 83' lang='lat' dir='ltr'>causarum,</span> <span class='ocrx_word' id='word_1_257' title='bbox 533 1470 564 1490; x_wconf 86' lang='lat' dir='ltr'>ex</span> <span class='ocrx_word' id='word_1_258' title='bbox 591 1463 697 1498; x_wconf 82' lang='lat' dir='ltr'>quibus</span> <span class='ocrx_word' id='word_1_259' title='bbox 718 1466 925 1494; x_wconf 82' lang='lat' dir='ltr'>sententiarum</span> <span class='ocrx_word' id='word_1_260' title='bbox 946 1467 1136 1503; x_wconf 73' lang='lat' dir='ltr'>discrepantia</span> <span class='ocrx_word' id='word_1_261' title='bbox 1163 1470 1275 1507; x_wconf 87' lang='lat' dir='ltr'>oritur,</span> <span class='ocrx_word' id='word_1_262' title='bbox 1296 1471 1399 1501; x_wconf 82' lang='lat' dir='ltr'>classis</span> <span class='ocrx_word' id='word_1_263' title='bbox 1423 1475 1608 1505; x_wconf 81' lang='lat' dir='ltr'>concluditur</span> <span class='ocrx_word' id='word_1_264' title='bbox 1630 1479 1699 1514; x_wconf 81' lang='lat' dir='ltr'>phi-</span> 
     </span>
     <span class='ocr_line' id='line_1_26' title="bbox 178 1512 1696 1566; baseline 0.011 -23"><span class='ocrx_word' id='word_1_265' title='bbox 178 1513 296 1550; x_wconf 74' lang='lat' dir='ltr'>losophi</span> <span class='ocrx_word' id='word_1_266' title='bbox 322 1512 495 1541; x_wconf 83' lang='lat' dir='ltr'>formatione</span> <span class='ocrx_word' id='word_1_267' title='bbox 515 1520 543 1541; x_wconf 90' lang='lat' dir='ltr'>et</span> <span class='ocrx_word' id='word_1_268' title='bbox 567 1514 767 1551; x_wconf 84' lang='lat' dir='ltr'>institutione,</span> <span class='ocrx_word' id='word_1_269' title='bbox 799 1524 925 1552; x_wconf 84' lang='lat' dir='ltr'>cumque</span> <span class='ocrx_word' id='word_1_270' title='bbox 957 1519 1100 1554; x_wconf 84' lang='lat' dir='ltr'>magistris</span> <span class='ocrx_word' id='word_1_271' title='bbox 1133 1521 1256 1557; x_wconf 78' lang='lat' dir='ltr'>aliisque</span> <span class='ocrx_word' id='word_1_272' title='bbox 1281 1524 1503 1554; x_wconf 78' lang='lat' dir='ltr'>necessitudine.</span> <span class='ocrx_word' id='word_1_273' title='bbox 1546 1527 1578 1556; x_wconf 88' lang='lat' dir='ltr'>ln</span> <span class='ocrx_word' id='word_1_274' title='bbox 1608 1529 1696 1566; x_wconf 79' lang='lat' dir='ltr'>hujus</span> 
     </span>
     <span class='ocr_line' id='line_1_27' title="bbox 177 1564 1697 1612; baseline 0.01 -19"><span class='ocrx_word' id='word_1_275' title='bbox 177 1564 378 1600; x_wconf 79' lang='lat' dir='ltr'>explicationis</span> <span class='ocrx_word' id='word_1_276' title='bbox 404 1564 502 1592; x_wconf 86' lang='lat' dir='ltr'>limine</span> <span class='ocrx_word' id='word_1_277' title='bbox 524 1565 654 1601; x_wconf 82' lang='lat' dir='ltr'>ponenda</span> <span class='ocrx_word' id='word_1_278' title='bbox 678 1572 722 1594; x_wconf 89' lang='lat' dir='ltr'>est</span> <span class='ocrx_word' id='word_1_279' title='bbox 750 1565 883 1596; x_wconf 83' lang='lat' dir='ltr'>fortunae</span> <span class='ocrx_word' id='word_1_280' title='bbox 907 1571 1067 1604; x_wconf 82' lang='lat' dir='ltr'>temeritas,</span> <span class='ocrx_word' id='word_1_281' title='bbox 1096 1572 1180 1608; x_wconf 72' lang='lat' dir='ltr'>cujus</span> <span class='ocrx_word' id='word_1_282' title='bbox 1206 1573 1325 1602; x_wconf 88' lang='lat' dir='ltr'>arbitrio</span> <span class='ocrx_word' id='word_1_283' title='bbox 1346 1577 1480 1611; x_wconf 85' lang='lat' dir='ltr'>saepius,</span> <span class='ocrx_word' id='word_1_284' title='bbox 1514 1586 1597 1612; x_wconf 82' lang='lat' dir='ltr'>quam</span> <span class='ocrx_word' id='word_1_285' title='bbox 1625 1589 1697 1609; x_wconf 80' lang='lat' dir='ltr'>con-</span> 
     </span>
     <span class='ocr_line' id='line_1_28' title="bbox 176 1613 1697 1666; baseline 0.01 -22"><span class='ocrx_word' id='word_1_286' title='bbox 176 1617 235 1646; x_wconf 83' lang='lat' dir='ltr'>silii</span> <span class='ocrx_word' id='word_1_287' title='bbox 257 1614 427 1652; x_wconf 65' lang='lat' dir='ltr'>prudentia,</span> <span class='ocrx_word' id='word_1_288' title='bbox 448 1613 565 1643; x_wconf 82' lang='lat' dir='ltr'>futurus</span> <span class='ocrx_word' id='word_1_289' title='bbox 588 1616 783 1652; x_wconf 85' lang='lat' dir='ltr'>philosophus</span> <span class='ocrx_word' id='word_1_290' title='bbox 805 1618 835 1646; x_wconf 86' lang='lat' dir='ltr'>in</span> <span class='ocrx_word' id='word_1_291' title='bbox 859 1620 939 1648; x_wconf 88' lang='lat' dir='ltr'>initia</span> <span class='ocrx_word' id='word_1_292' title='bbox 962 1621 1062 1649; x_wconf 89' lang='lat' dir='ltr'>incidit</span> <span class='ocrx_word' id='word_1_293' title='bbox 1083 1629 1110 1650; x_wconf 88' lang='lat' dir='ltr'>et</span> <span class='ocrx_word' id='word_1_294' title='bbox 1135 1631 1255 1659; x_wconf 73' lang='lat' dir='ltr'>causas,</span> <span class='ocrx_word' id='word_1_295' title='bbox 1281 1633 1354 1660; x_wconf 85' lang='lat' dir='ltr'>quae</span> <span class='ocrx_word' id='word_1_296' title='bbox 1380 1627 1441 1662; x_wconf 71' lang='lat' dir='ltr'>ejus</span> <span class='ocrx_word' id='word_1_297' title='bbox 1476 1628 1697 1666; x_wconf 78' lang='lat' dir='ltr'>philosophiam·</span> 
     </span>
     <span class='ocr_line' id='line_1_29' title="bbox 177 1665 1695 1712; baseline 0.01 -16"><span class='ocrx_word' id='word_1_298' title='bbox 177 1667 370 1704; x_wconf 77' lang='lat' dir='ltr'>gubernatura</span> <span class='ocrx_word' id='word_1_299' title='bbox 405 1672 488 1695; x_wconf 83' lang='lat' dir='ltr'>sunt.</span> <span class='ocrx_word' id='word_1_300' title='bbox 536 1665 682 1694; x_wconf 86' lang='lat' dir='ltr'>Nimirum</span> <span class='ocrx_word' id='word_1_301' title='bbox 708 1676 762 1696; x_wconf 82' lang='lat' dir='ltr'>una</span> <span class='ocrx_word' id='word_1_302' title='bbox 795 1677 996 1704; x_wconf 78' lang='lat' dir='ltr'>saepenumero</span> <span class='ocrx_word' id='word_1_303' title='bbox 1033 1671 1152 1701; x_wconf 89' lang='lat' dir='ltr'>fortuna</span> <span class='ocrx_word' id='word_1_304' title='bbox 1180 1674 1291 1709; x_wconf 79' lang='lat' dir='ltr'>efficit,</span> <span class='ocrx_word' id='word_1_305' title='bbox 1330 1682 1362 1704; x_wconf 92' lang='lat' dir='ltr'>ut</span> <span class='ocrx_word' id='word_1_306' title='bbox 1393 1683 1452 1706; x_wconf 79' lang='lat' dir='ltr'>non</span> <span class='ocrx_word' id='word_1_307' title='bbox 1487 1678 1539 1707; x_wconf 90' lang='lat' dir='ltr'>hac</span> <span class='ocrx_word' id='word_1_308' title='bbox 1567 1682 1615 1710; x_wconf 85' lang='lat' dir='ltr'>sed</span> <span class='ocrx_word' id='word_1_309' title='bbox 1644 1683 1695 1712; x_wconf 52' lang='lat' dir='ltr'>illa*</span> 
     </span>
     <span class='ocr_line' id='line_1_30' title="bbox 175 1716 1694 1762; baseline 0.01 -15"><span class='ocrx_word' id='word_1_310' title='bbox 175 1718 377 1751; x_wconf 60' lang='lat' dir='ltr'>institutione,</span> <span class='ocrx_word' id='word_1_311' title='bbox 400 1716 461 1745; x_wconf 85' lang='lat' dir='ltr'>sive</span> <span class='ocrx_word' id='word_1_312' title='bbox 482 1723 697 1753; x_wconf 80' lang='lat' dir='ltr'>praeceptorum</span> <span class='ocrx_word' id='word_1_313' title='bbox 722 1719 785 1748; x_wconf 84' lang='lat' dir='ltr'>sive</span> <span class='ocrx_word' id='word_1_314' title='bbox 803 1720 963 1757; x_wconf 74' lang='lat' dir='ltr'>librorum,</span> <span class='ocrx_word' id='word_1_315' title='bbox 984 1722 1147 1758; x_wconf 84' lang='lat' dir='ltr'>discipulus</span> <span class='ocrx_word' id='word_1_316' title='bbox 1175 1724 1326 1755; x_wconf 89' lang='lat' dir='ltr'>formetur.</span> <span class='ocrx_word' id='word_1_317' title='bbox 1372 1725 1429 1756; x_wconf 87' lang='lat' dir='ltr'>Uni</span> <span class='ocrx_word' id='word_1_318' title='bbox 1458 1728 1590 1760; x_wconf 85' lang='lat' dir='ltr'>fortunae</span> <span class='ocrx_word' id='word_1_319' title='bbox 1610 1742 1694 1762; x_wconf 73' lang='lat' dir='ltr'>com-</span> 
     </span>
     <span class='ocr_line' id='line_1_31' title="bbox 179 1767 1687 1820; baseline 0.009 -23"><span class='ocrx_word' id='word_1_320' title='bbox 179 1770 347 1799; x_wconf 78' lang='lat' dir='ltr'>mittendum</span> <span class='ocrx_word' id='word_1_321' title='bbox 371 1773 435 1801; x_wconf 88' lang='lat' dir='ltr'>est,</span> <span class='ocrx_word' id='word_1_322' title='bbox 456 1767 489 1795; x_wconf 83' lang='lat' dir='ltr'>ad</span> <span class='ocrx_word' id='word_1_323' title='bbox 510 1776 659 1803; x_wconf 86' lang='lat' dir='ltr'>quamnam</span> <span class='ocrx_word' id='word_1_324' title='bbox 684 1770 870 1804; x_wconf 84' lang='lat' dir='ltr'>potissimum</span> <span class='ocrx_word' id='word_1_325' title='bbox 902 1772 1040 1802; x_wconf 86' lang='lat' dir='ltr'>humanae</span> <span class='ocrx_word' id='word_1_326' title='bbox 1067 1775 1114 1803; x_wconf 82' lang='lat' dir='ltr'>vel</span> <span class='ocrx_word' id='word_1_327' title='bbox 1145 1776 1323 1812; x_wconf 84' lang='lat' dir='ltr'>cognitionis</span> <span class='ocrx_word' id='word_1_328' title='bbox 1347 1779 1392 1807; x_wconf 88' lang='lat' dir='ltr'>vel</span> <span class='ocrx_word' id='word_1_329' title='bbox 1421 1779 1550 1811; x_wconf 77' lang='lat' dir='ltr'>inscitiae,</span> <span class='ocrx_word' id='word_1_330' title='bbox 1580 1791 1687 1820; x_wconf 68' lang='lat' dir='ltr'>partem</span> 
     </span>
     <span class='ocr_line' id='line_1_32' title="bbox 173 1818 1686 1874; baseline 0.009 -23"><span class='ocrx_word' id='word_1_331' title='bbox 173 1820 361 1857; x_wconf 79' lang='lat' dir='ltr'>discipulus,</span> <span class='ocrx_word' id='word_1_332' title='bbox 388 1818 451 1847; x_wconf 78' lang='lat' dir='ltr'>sive</span> <span class='ocrx_word' id='word_1_333' title='bbox 477 1818 550 1848; x_wconf 82' lang='lat' dir='ltr'>intra</span> <span class='ocrx_word' id='word_1_334' title='bbox 578 1819 773 1850; x_wconf 79' lang='lat' dir='ltr'>institutionis</span> <span class='ocrx_word' id='word_1_335' title='bbox 804 1821 875 1851; x_wconf 82' lang='lat' dir='ltr'>fines</span> <span class='ocrx_word' id='word_1_336' title='bbox 905 1823 997 1854; x_wconf 82' lang='lat' dir='ltr'>adhue</span> <span class='ocrx_word' id='word_1_337' title='bbox 1032 1826 1202 1863; x_wconf 71' lang='lat' dir='ltr'>coercitus,</span> <span class='ocrx_word' id='word_1_338' title='bbox 1231 1828 1293 1857; x_wconf 82' lang='lat' dir='ltr'>sive</span> <span class='ocrx_word' id='word_1_339' title='bbox 1323 1835 1443 1866; x_wconf 78' lang='lat' dir='ltr'>postea,</span> <span class='ocrx_word' id='word_1_340' title='bbox 1472 1840 1543 1862; x_wconf 63' lang='lat' dir='ltr'>cum&gt;</span> <span class='ocrx_word' id='word_1_341' title='bbox 1564 1842 1597 1864; x_wconf 82' lang='lat' dir='ltr'>ex</span> <span class='ocrx_word' id='word_1_342' title='bbox 1625 1837 1686 1874; x_wconf 82' lang='lat' dir='ltr'>ejus</span> 
     </span>
     <span class='ocr_line' id='line_1_33' title="bbox 276 1874 1689 1918; baseline 0.01 -14"><span class='ocrx_word' id='word_1_343' title='bbox 276 1874 278 1878; x_wconf 81' lang='grc'>’</span> <span class='ocrx_word' id='word_1_344' title='bbox 1610 1889 1689 1918; x_wconf 87' lang='lat' dir='ltr'>clau·</span> 
     </span>
    </p>
   </div>
   <div class='ocr_carea' id='block_1_3' title="bbox 198 1945 1683 2032">
    <p class='ocr_par' dir='ltr' id='par_1_7' title="bbox 198 1945 1683 2032">
     <span class='ocr_line' id='line_1_34' title="bbox 200 1945 1264 1980; baseline 0.01 -14"><span class='ocrx_word' id='word_1_345' title='bbox 200 1949 253 1978; x_wconf 65' lang='grc' dir='ltr'>(ι)</span> <span class='ocrx_word' id='word_1_346' title='bbox 275 1945 342 1971; x_wconf 79' lang='lat' dir='ltr'>vidd.</span> <span class='ocrx_word' id='word_1_347' title='bbox 363 1949 430 1969; x_wconf 72' lang='lat' dir='ltr'>auctr.</span> <span class='ocrx_word' id='word_1_348' title='bbox 451 1945 524 1969; x_wconf 75' lang='lat' dir='ltr'>laudd.</span> <span class='ocrx_word' id='word_1_349' title='bbox 547 1953 559 1969; x_wconf 77' lang='grc' dir='ltr'>ι</span> <span class='ocrx_word' id='word_1_350' title='bbox 579 1947 678 1973; x_wconf 70' lang='lat' dir='ltr'>largn·</span> <span class='ocrx_word' id='word_1_351' title='bbox 696 1950 723 1971; x_wconf 70' lang='lat' dir='ltr'>v.</span> <span class='ocrx_word' id='word_1_352' title='bbox 741 1949 776 1972; x_wconf 73' lang='lat' dir='ltr'>CL</span> <span class='ocrx_word' id='word_1_353' title='bbox 799 1950 814 1971; x_wconf 68' lang='grc' dir='ltr'>Υ.</span> <span class='ocrx_word' id='word_1_354' title='bbox 834 1950 850 1971; x_wconf 84' lang='lat' dir='ltr'>l&#39;.</span> <span class='ocrx_word' id='word_1_355' title='bbox 873 1951 930 1973; x_wconf 73' lang='lat' dir='ltr'>sect.</span> <span class='ocrx_word' id='word_1_356' title='bbox 944 1952 972 1974; x_wconf 74' lang='lat' dir='ltr'>ll.</span> <span class='ocrx_word' id='word_1_357' title='bbox 997 1952 1017 1977; x_wconf 77' lang='grc' dir='ltr'>ς.</span> <span class='ocrx_word' id='word_1_358' title='bbox 1030 1957 1051 1977; x_wconf 81' lang='lat'>³·</span> <span class='ocrx_word' id='word_1_359' title='bbox 1073 1960 1096 1980; x_wconf 82' lang='lat' dir='ltr'>p.</span> <span class='ocrx_word' id='word_1_360' title='bbox 1111 1954 1148 1980; x_wconf 75' lang='lat'>⁸5·</span> <span class='ocrx_word' id='word_1_361' title='bbox 1168 1958 1221 1976; x_wconf 79' lang='lat' dir='ltr'>nota</span> <span class='ocrx_word' id='word_1_362' title='bbox 1241 1960 1264 1977; x_wconf 78' lang='lat' dir='ltr'>n.</span> 
     </span>
     <span class='ocr_line' id='line_1_35' title="bbox 198 1986 1683 2032; baseline 0.016 -27"><span class='ocrx_word' id='word_1_363' title='bbox 198 1990 253 2019; x_wconf 61' lang='lat'>(2)</span> <span class='ocrx_word' id='word_1_364' title='bbox 274 1988 342 2013; x_wconf 65' lang='lat' dir='ltr'>Confi</span> <span class='ocrx_word' id='word_1_365' title='bbox 365 1986 478 2011; x_wconf 65' lang='lat' dir='ltr'>sua-dnn.</span> <span class='ocrx_word' id='word_1_366' title='bbox 503 1989 519 2010; x_wconf 84' lang='lat'>1.</span> <span class='ocrx_word' id='word_1_367' title='bbox 540 1989 558 2011; x_wconf 85' lang='lat'>1.</span> <span class='ocrx_word' id='word_1_368' title='bbox 585 1995 609 2017; x_wconf 82' lang='lat' dir='ltr'>p.</span> <span class='ocrx_word' id='word_1_369' title='bbox 629 1991 662 2016; x_wconf 76' lang='lat'>89.</span> <span class='ocrx_word' id='word_1_370' title='bbox 682 1996 731 2018; x_wconf 67' lang='grc' dir='ltr'>ης.</span> <span class='ocrx_word' id='word_1_371' title='bbox 757 1991 797 2015; x_wconf 72' lang='lat' dir='ltr'>ab}</span> <span class='ocrx_word' id='word_1_372' title='bbox 823 1991 908 2019; x_wconf 63' lang='lat' dir='ltr'>innenii</span> <span class='ocrx_word' id='word_1_373' title='bbox 934 1997 955 2015; x_wconf 77' lang='lat' dir='ltr'>et</span> <span class='ocrx_word' id='word_1_374' title='bbox 976 1993 1111 2017; x_wconf 75' lang='lat' dir='ltr'>characteris</span> <span class='ocrx_word' id='word_1_375' title='bbox 1131 2000 1268 2018; x_wconf 76' lang='lat' dir='ltr'>momentum</span> <span class='ocrx_word' id='word_1_376' title='bbox 1287 1996 1312 2019; x_wconf 78' lang='lat' dir='ltr'>in</span> <span class='ocrx_word' id='word_1_377' title='bbox 1332 1998 1444 2026; x_wconf 74' lang='lat' dir='ltr'>gignendo</span> <span class='ocrx_word' id='word_1_378' title='bbox 1471 2002 1619 2032; x_wconf 73' lang='lat' dir='ltr'>Scepzicismo</span> <span class='ocrx_word' id='word_1_379' title='bbox 1647 1997 1683 2031; x_wconf 59' lang='lat' dir='ltr'>re-</span> 
     </span>
    </p>
   </div>
   <div class='ocr_carea' id='block_1_4' title="bbox 164 2035 1033 2113">
    <p class='ocr_par' dir='ltr' id='par_1_8' title="bbox 164 2035 1033 2113">
     <span class='ocr_line' id='line_1_36' title="bbox 164 2035 251 2060; baseline 0.034 -3"><span class='ocrx_word' id='word_1_380' title='bbox 164 2035 251 2060; x_wconf 57' lang='lat' dir='ltr'>(em</span> 
     </span>
     <span class='ocr_line' id='line_1_37' title="bbox 961 2073 1033 2113; baseline 0.014 -1"><span class='ocrx_word' id='word_1_381' title='bbox 961 2073 995 2104; x_wconf 82' lang='grc' dir='ltr'><strong><em>Μ</em></strong></span> <span class='ocrx_word' id='word_1_382' title='bbox 1017 2082 1033 2113; x_wconf 80' lang='lat' dir='ltr'>s</span> 
     </span>
    </p>
   </div>
  </div>
 </body>
</html>
