1913 2417
306 134 325 164 ⁴
669 119 709 155 G.
778 120 1464 154 C.B.SUR1NGAR

355 207 460 243 Neque
484 214 551 236 vero
582 207 651 235 haec
670 227 680 242 ,
711 214 782 242 quae
809 206 836 234 in
867 206 921 234 hac
954 206 1105 242 disciplina
1136 212 1292 242 supersunt
1315 205 1420 241 dubia,
1450 213 1546 234 manca
1579 211 1606 234 et
1632 206 1817 245 imperfecta,

315 258 518 295 Physiologiae
542 259 701 294 plantarum
736 257 951 293 cognoscendae
981 257 1104 294 cupidos
1130 257 1164 285 ab
1193 258 1255 294 ejus
1284 258 1380 285 studio
1406 257 1562 292 deterrere,
1592 258 1641 285 sed
1665 259 1764 294 potius
1785 268 1820 289 eo

315 310 416 338 debent
441 306 550 343 valere,
572 315 603 336 ut
630 316 864 343 unumquemque
886 308 974 344 hujus
991 308 1160 344 disciplinae
1176 308 1344 337 amoenitate
1360 315 1495 343 captum,
1517 309 1549 335 ad
1567 308 1688 337 ulterius
1705 318 1820 347 progre-

315 361 409 389 diendi
432 359 626 388 assiduitatem
648 359 786 393 incitent,
809 359 866 394 qua
888 360 922 386 ad
946 359 1057 395 insigne
1077 360 1165 395 hujus
1183 360 1249 387 artis
1271 359 1492 393 incrementum,
1517 367 1587 394 quae
1605 359 1633 387 in
1648 360 1702 388 hoc
1721 368 1822 397 genere

313 413 370 448 jam
395 417 463 439 sunt
488 411 600 439 inventa
632 410 790 445 emendari,
821 399 920 446 parum
947 417 1022 438 certa
1053 409 1238 444 confirmari,
1269 411 1391 438 obscura
1417 410 1583 445 illustrari,
1613 411 1698 446 plane
1723 411 1823 447 ignota

315 463 437 491 inveniri
460 461 585 498 possint.
627 461 768 499 Quamvis
794 466 906 496 autem,
938 467 969 488 ut
999 461 1121 496 quisquc
1151 462 1304 497 inteiligit,
1332 462 1366 489 ad
1394 461 1448 488 hoc
1477 460 1620 489 lubricum
1651 467 1679 489 et
1709 462 1823 491 difficile

316 515 463 550 negotium
488 513 668 548 requirantur
691 513 745 541 viri
770 512 905 540 diuturno
934 519 1048 540 naturae
1076 521 1130 540 usu
1155 512 1318 547 exercitati,
1349 511 1397 547 qui
1427 520 1524 540 verum
1550 521 1564 541 a
1591 512 1681 548 falso,
1712 519 1823 542 certum

314 565 348 593 ab
378 565 488 592 incerto
521 564 716 600 distinguendi
744 563 853 599 judicio
888 562 1040 598 polleant:
1069 571 1167 599 parum
1199 569 1351 599 provectos
1385 570 1478 592 tamen
1511 565 1540 592 in
1570 564 1822 601 Exereitati011um

317 615 516 644 Botanicarum
547 616 643 643 studio
673 613 821 651 nonjomni
842 613 977 642 utilitatis
1003 613 1066 641 inde
1092 614 1289 649 percipiendae
1312 613 1411 641 fructu
1437 614 1578 643 carituros
1608 615 1751 650 arbitror,
1778 616 1825 650 si,

317 675 390 701 qnae
422 666 543 694 aliorum
577 665 759 694 institutione
790 665 967 699 didicerint,
998 671 1024 692 et
1047 664 1102 700 ipsi
1131 665 1310 693 observando
1333 665 1542 701 cognoverint,
1573 674 1603 693 ea
1629 666 1674 694 vel
1699 666 1733 694 ad
1762 666 1826 694 uni-

317 726 427 746 versam
446 718 628 752 plantarum,
651 718 695 744 vel
718 717 914 752 singularum,
937 714 1044 750 quibus
1073 722 1228 752 constant,
1249 716 1371 751 partium
1391 716 1521 744 notitiam
1546 717 1751 754 adjuvandam,
1773 725 1826 754 pro

317 769 420 797 virium
442 768 580 797 tenuitate
603 767 733 796 conferre
756 768 900 795 studeant.

358 820 452 857 Quare
476 826 502 847 et
527 828 599 855 ego,
628 839 653 854 ,‚
668 819 736 853 quid
758 818 830 846 ferre
854 825 1006 853 recusent,
1032 819 1103 854 quid
1127 812 1394 847 valeant‘humeri”
1415 824 1521 847 tentare
1540 819 1703 854 constitui,
1736 826 1828 854 quum

320 871 439 899 Ordinis
462 870 679 905 disciplinarum
705 869 973 897 Mathematicarum
999 876 1026 897 et
1046 869 1231 906 physicarum
1250 869 1431 898 Professores
1450 870 1479 898 in
1494 870 1648 898 Academia
1665 870 1827 906 Lugdunu-

320 922 426 950 Batava
458 921 506 950 Cl.
534 927 696 956 sequentem
722 920 911 955 Piiytologiae
937 921 1061 948 alumnis
1080 942 1089 956 ,
1117 921 1194 949 vires
1229 928 1296 948 suas
1322 920 1350 947 in
1374 928 1404 948 ea
1432 921 1597 955 explicanda
1627 929 1754 950 exercere
1777 930 1828 949 cu-

318 972 486 1008 pientibus,
518 971 723 1006 proposuerint
755 970 978 1007 Quaestionem:
1009 971 1180 1008 Quaeritur
1208 972 1348 998 concinna
1379 972 1516 1008 expositio
1548 981 1666 1007 corum,
1696 981 1772 1010 quac
1793 971 1829 1001 dc

320 1023 468 1052 Foliorum
485 1021 660 1058 plantarum
683 1027 770 1056 ortu,
792 1024 869 1056 sim,
884 1021 1026 1057 fabrica,
1048 1029 1075 1049 et
1095 1022 1248 1058 functione
1269 1023 1470 1050 innotuerunt.

359 1075 567 1110 Argumentum
594 1080 660 1101 sane
688 1072 911 1108 pulcherrimum
937 1079 963 1101 et
988 1073 1116 1101 ulteriori
1139 1071 1344 1108 disquisitione
1367 1071 1590 1108 dignissimum,
1612 1072 1642 1101 in
1668 1081 1727 1108 quo
1753 1079 1827 1103 trac-

319 1126 406 1154 tando
429 1125 559 1161 equidem
585 1123 690 1152 virium
726 1132 849 1152 mearum
871 1124 1044 1160 Juvenilium
1073 1124 1164 1160 probe
1186 1123 1344 1158 conscius,
1373 1130 1402 1151 et
1426 1123 1558 1159 pluribus
1582 1129 1741 1159 praeterea,
1765 1125 1832 1164 qui·

322 1177 377 1205 bus
408 1177 546 1204 utendum
577 1174 702 1211 fuisset,
732 1175 900 1204 auctoribus
930 1175 1106 1210 destitutus,
1137 1175 1295 1211 periculum
1326 1182 1392 1202 sane
1423 1182 1482 1203 non
1514 1174 1645 1203 facturus
1679 1173 1830 1210 fuissem,

321 1227 380 1257 nisi
401 1226 429 1254 in
451 1228 576 1255 animum
602 1227 672 1254 milii
695 1227 819 1255 venisset
841 1234 956 1254 aureum
980 1226 1051 1254 illud
1071 1227 1257 1263 Quintiliani
1279 1231 1476 1263 praeceptum.
1521 1245 1545 1260 „
1566 1226 1704 1254 Fructum
1720 1225 1832 1255 studio-

330 1297 354 1313 „
376 1285 438 1305 rum
462 1268 563 1305 adhuc'
579 1278 698 1306 viridem
731 1284 758 1305 et
782 1277 892 1305 dulcem
919 1277 1014 1313 promi
1039 1283 1174 1312 oportet,
1203 1278 1270 1305 dum
1295 1277 1392 1305 veniae
1421 1284 1488 1312 spes
1511 1281 1574 1311 est,
1603 1283 1631 1304 et
1654 1282 1769 1310 paratus
1790 1276 1833 1305 fa-

330 1349 354 1364 „
375 1337 448 1362 vor,
470 1334 497 1355 et
520 1328 620 1355 audere
644 1336 703 1357 non
726 1328 858 1363 dedecet,
887 1334 915 1355 et
939 1327 964 1355 si
985 1327 1056 1363 quid
1080 1327 1154 1355 desit
1177 1327 1276 1363 operi,
1306 1326 1425 1362 supplet
1448 1331 1543 1360 aetas,
1566 1332 1593 1353 et
1619 1326 1644 1354 si
1671 1326 1746 1355 dicta
1773 1327 1835 1356 sint

330 1400 354 1415 „
374 1379 559 1415 Juvcniliter,
581 1387 634 1415 pro
658 1379 754 1407 indole
777 1378 998 1414 accipiuntur.''

328 1433 354 1467 §T
373 1430 411 1458 Ut
433 1436 525 1458 autem
551 1430 586 1457 ad
610 1430 682 1458 hanc
712 1429 939 1467 Quaestionem,
969 1432 1109 1463 quantum
1135 1426 1164 1454 in
1187 1433 1232 1453 me
1249 1434 1312 1459 est,
1344 1427 1395 1452 rite
1422 1427 1629 1461 respondeam,
1658 1426 1688 1454 in
1711 1432 1836 1462 quatuor

326 1482 475 1511 Sectiones
502 1481 729 1517 qualemcunque
753 1481 825 1510 hanc
851 1477 1134 1510 Commentationem
1159 1476 1303 1511 dividam,
1325 1483 1447 1512 quarum

460 1534 485 1563 Ι.
506 1533 549 1561 De
569 1532 705 1561 foliorum
728 1539 793 1561 ortu
819 1540 894 1570 aget.

450 1586 489 1613 ΙΙ.
512 1586 619 1613 Eorum
648 1585 736 1612 situm
761 1584 926 1620 explicabit.

438 1638 493 1665 111.
515 1637 549 1664 In
573 1634 720 1663 Foliorum
747 1635 883 1663 fabricam
909 1635 1044 1671 inquiret.

436 1687 491 1715 lv.
512 1686 623 1714 Eorum
647 1685 812 1715 functiones
835 1693 967 1722 exponet.

364 1739 453 1767 Hisce
477 1737 664 1773 praemissis,
693 1738 728 1765 ad
751 1738 930 1773 propositam
958 1735 1165 1773 Quaestionem
1197 1735 1363 1764 solvendam
1391 1736 1517 1771 accedo,
1543 1734 1695 1771 juvenilem
1725 1735 1838 1764 huncce

326 1790 449 1818 laborem
474 1789 534 1817 Cll.
561 1789 590 1817 in
613 1788 668 1817 hoc
693 1788 856 1818 Certamine
876 1787 1050 1825 judicibus,
1076 1795 1135 1816 non
1161 1794 1283 1823 prorsus
1314 1786 1458 1823 ingratum
1485 1785 1566 1822 fore,
1596 1785 1688 1823 magis
1712 1792 1837 1822 optanS,

325 1849 411 1876 quam
434 1847 562 1876 sperans.

1689 2002 1839 2036 SECTIO
