1913 2417
395 143 904 177 COMMENTATIO
961 143 1319 178 BoTAN1cA.
1567 148 1622 186 59-

93 236 223 267 magnam
244 229 357 265 copiam
383 229 539 265 praebent,
567 228 660 258 veluti
683 229 844 265 plantarum
870 228 1064 274 aquaticarum
1088 229 1244 265 viridium,
1272 228 1464 265 Graminum,
1489 235 1516 258 et
1536 229 1600 265 plu-

93 282 230 310 rimorum
254 280 452 318 vegetabilium
471 288 662 309 succosorum
686 279 776 315 folia,
797 280 864 308 dum
885 277 938 308 alia
954 287 1073 316 contra,
1094 280 1180 310 radiis
1203 280 1347 310 solaribus
1366 281 1514 317 exposita,
1535 280 1602 309 nul-

91 334 153 363 lum
169 334 298 362 exhalare
320 333 475 368 videntur,
496 338 529 360 ut
542 341 574 361 v.
600 340 645 368 gr.
660 331 804 360 Mimosae
824 331 997 368 sensitivae,
1017 332 1101 361 Rbus
1121 332 1356 369 Toxicodendri,
1378 332 1600 369 Hippomanes,

90 390 121 414 et
139 384 257 413 aliarum
281 385 441 420 plantarum
467 383 548 412 folia·

129 436 174 464 De
204 435 395 472 plurimorum
432 441 526 463 tamen
549 433 773 470 vegetabilium,
801 433 921 463 maxime
946 434 1029 463 etiam
1060 442 1263 463 venenatorum
1287 435 1387 472 (51),
1412 433 1515 469 foliis,
1552 439 1603 469 gas

90 486 226 523 oxygenii
258 486 328 515 satis
356 486 422 523 puri
450 486 538 523 (52)
571 493 670 522 magna
706 486 791 522 copia
820 486 905 523 (53)
941 494 1003 522 seq.
1040 486 1175 514 methodo
1211 475 1336 515 obtineri
1370 491 1486 522 potest:
1518 484 1600 520 plan·

89 544 182 566 tarum
210 537 300 573 folia,
327 537 355 567 vi
384 536 465 566 vitali
497 539 600 574 magna
628 537 721 565 adhuc
747 537 908 573 instructa,
937 538 1069 567 laventur
1092 545 1186 573 aqua,
1214 537 1253 565 ita
1283 543 1315 565 ut
1345 537 1419 565 nihil
1445 535 1515 564 aeris
1545 534 1603 562 At·

91 589 283 625 mosphaerici
310 588 382 625 ipsis
406 588 574 623 adhaereat,
603 596 681 618 nunc
714 595 858 623 ponantur
878 589 952 618 intra
975 597 1137 625 campanam
1161 588 1280 617 vitream
1302 587 1497 624 pellucidam,
1525 593 1602 621 aqua

89 639 210 669 fontana
233 641 317 677 (54)
346 639 502 676 repletam,
532 639 652 667 luminis
675 640 778 669 solaris
803 641 883 678 (55)
908 640 1015 669 actioni
1040 645 1237 676 exponantur,
1266 646 1294 668 et
1318 639 1353 667 ad
1385 646 1483 667 eorum
1505 644 1606 672 super-

89 690 184 720 ficiem
206 690 369 720 inferiorem
393 692 489 726 plures
514 691 689 720 evolvuntur
704 691 830 720 bullulae
846 693 951 726 aereae,
974 699 1047 727 quae
1067 691 1175 720 sensim
1196 691 1316 728 majores
1341 689 1479 724 redditae,
1501 695 1606 723 aquam

88 742 120 772 in
137 751 274 779 campana
298 743 466 771 descendere
485 741 616 778 faciunt,
646 748 674 770 et
701 743 849 778 superiora
873 743 934 779 ejus
957 749 1068 778 petunt.
1111 742 1249 771 Cliemica
1278 741 1367 777 hujus
1391 739 1461 768 aeris
1483 737 1601 767 collecti

86 794 214 830 analysis
240 795 341 828 docet,
363 793 444 822 illum
463 799 507 821 sat
526 801 656 829 magnam
679 794 826 821 continere
845 801 896 829 gas
921 792 1057 828 oxygenii
1074 793 1275 828 quantitatem.
1317 791 1365 819 Sic
1382 789 1604 827 Ingenhoussius

84 852 103 874 e
124 852 180 874 100
200 844 281 873 foliis
303 844 448 872 Nasturtii
469 844 577 879 Indici,
605 844 724 872 duarum
748 844 882 872 horarum
911 844 1027 879 spatio,
1060 850 1173 872 tantum
1196 840 1352 878 acquisivit
1375 849 1424 877 gas
1448 838 1606 876 oxygenii,

88 895 190 932 quanti
215 903 306 932 capax
329 901 373 924 est
397 894 546 932 cylinder,
567 895 653 932 qu'us
678 894 800 923 altitudo
822 900 924 930 aequat
945 898 1001 932 43,
1031 894 1165 923 diameter
1188 901 1257 922 vero
1284 894 1316 922 ιζ
1335 891 1457 929 pollices
1480 890 1580 928 (56).

123 946 222 985 Quum
245 954 313 975 vero
347 946 422 975 forte
446 946 502 975 sub
534 954 608 981 aqna
633 947 795 982 plantarum
820 944 963 981 vegetatio
991 953 1051 974 non
1080 945 1134 973 rite
1158 944 1336 973 sustineatur
1351 964 1361 979 ,
1398 943 1520 978 indeque
1543 940 1604 970 fieti

87 997 205 1034 possit,
227 997 306 1032 quod
329 997 499 1027 functiones
520 1005 535 1024 a
559 995 642 1025 foliis
665 996 825 1032 implendae
848 1004 908 1025 non
932 1001 1105 1033 peragantur
1122 995 1279 1023 secundum
1296 999 1403 1022 statum
1427 993 1601 1026 naturalem,

82 1054 114 1079 et
136 1056 226 1083 quum
251 1054 392 1084 praeterea
409 1047 476 1075 vitri
496 1047 632 1083 quaedam
657 1047 769 1083 species
795 1047 986 1084 (gesponnen
1006 1046 1124 1083 Glas),
1153 1045 1208 1074 sub
1239 1046 1315 1081 aqua
1337 1044 1422 1073 radiis
1455 1042 1602 1072 solaribus

80 1098 232 1135 exposita,
255 1107 305 1135 gas
321 1099 496 1135 oxygenium
521 1099 556 1127 de
579 1106 609 1127 se
631 1098 758 1127 dimittat
782 1097 886 1135 (57),
916 1104 1044 1134 praestat
1068 1105 1119 1134 gas
1151 1097 1286 1134 oxygenii
1311 1105 1327 1125 e
1349 1095 1431 1126 foliis
1454 1094 1601 1125 evolutio-

81 1157 146 1180 nem
165 1149 287 1186 probare
308 1157 411 1185 seqq.,
434 1149 470 1178 ab
494 1149 696 1188 Ingcnhoussio
717 1155 744 1178 et
767 1149 951 1178 Sennebierio
973 1148 1130 1184 adhibitis,
1155 1148 1313 1178 methodis:

123 1210 152 1230 1.
181 1200 208 1230 E
229 1200 367 1230 foliorum
390 1200 537 1238 Fragariae
560 1201 686 1237 quAdam
711 1201 818 1239 copia,
845 1202 949 1231 antliae
969 1200 1166 1238 pneumaticae
1190 1208 1362 1237 campanae,
1383 1199 1447 1229 sole
1469 1197 1602 1234 lucente,

88 1251 217 1291 injecta,
244 1252 318 1288 1664
338 1260 423 1289 grana
451 1260 500 1289 gas
524 1252 659 1289 oxygenii
682 1253 777 1282 evolvi
797 1253 907 1282 invenit
930 1252 1131 1282 Smnebierius
1160 1252 1257 1289 (58).

121 1313 152 1334 2.
178 1303 272 1333 Foliis
294 1303 371 1331 sanis
393 1311 490 1332 recens
514 1303 676 1340 decerptis,
698 1304 754 1333 sub
779 1304 958 1340 recipiente,
979 1305 1040 1333 aere
1062 1304 1177 1341 vulgari
1198 1304 1341 1340 impleto,
1363 1302 1422 1332 luci
1447 1300 1534 1331 solari
1554 1308 1602 1328 ex-

80 1353 211 1392 positis,
244 1354 380 1383 volumen
403 1354 474 1382 aeris
494 1362 561 1383 mox
581 1361 722 1391 augetur,
752 1356 820 1384 dum
843 1363 894 1392 gas
920 1355 1095 1392 oxygenium
1117 1355 1248 1392 emitur,
1277 1356 1312 1384 de
1333 1355 1418 1393 qu'us
1443 1354 1604 1390 quantitate

80 1404 336 1436 Eudiometrorum
361 1414 416 1441 ope
436 1412 568 1435 constare
589 1413 688 1442 potest
714 1408 813 1445 (59).

121 1465 150 1493 3.
180 1457 230 1487 Cl.
252 1456 471 1494 lngenhoussius
491 1463 519 1485 et
540 1457 762 1494 Sennebierius,
785 1467 876 1494 quum
897 1459 1010 1495 plantas
1037 1459 1100 1487 sole
1124 1458 1252 1486 fruentes
1270 1457 1298 1486 in
1324 1465 1373 1494 gas
1392 1455 1603 1492 hydrogenium

85 1508 299 1542 collocassent,
330 1508 501 1537 invenerunt
529 1509 558 1536 id
589 1517 637 1545 gas
663 1510 895 1538 combustionem
928 1510 1007 1546 pati,
1046 1517 1118 1545 quae
1150 1517 1225 1537 certe
1259 1517 1319 1537 non
1351 1514 1448 1537 secuta
1477 1506 1604 1541 fuisset,

84 1559 143 1588 nisi
170 1568 219 1596 gas
246 1559 419 1596 oxygonium
437 1568 452 1588 e
472 1559 554 1589 foliis
580 1567 656 1589 esset
679 1560 861 1590 exhalatum:
894 1561 968 1590 idem
990 1560 1218 1590 Eudiometricis
1241 1559 1379 1597 periculis
1402 1558 1605 1587 confirmatum

84 1610 219 1639 viderunt
243 1609 305 1647 <60
313 1611 342 1647 >-

1503 1669 1532 1698 4.
1559 1659 1607 1689 Cl.

111 1737 179 1766 (51)
200 1737 254 1760 Vld.
275 1736 414 1764 lngenhoms.
434 1737 450 1760 1.
470 1743 491 1759 c·
512 1739 579 1761 Tem.
593 1739 612 1761 1.
637 1745 688 1767 pag.
702 1746 745 1769 290
766 1746 830 1768 seqq.
948 1739 1013 1767 (μ)
1037 1739 1179 1765 Ingenhonss.
1200 1740 1264 1761 Tom.
1283 1738 1313 1761 Π-
1341 1743 1390 1767 pag.
1407 1739 1457 1761 181.

114 1777 182 1805 (53)
202 1777 348 1805 Ingenhaun,
372 1780 438 1802 Τοιυ,
452 1779 480 1802 Π.
502 1786 614 1807 pag‚191.
782 1780 850 1809 (5⁴)
871 1780 1020 1808 lngenlmms,
1041 1781 1110 1803 Totn.
1123 1781 1142 1802 l.
1164 1787 1213 1808 pag.
1227 1786 1266 1802 αι.

115 1818 181 1846 (5⁵)
202 1820 247 1841 Gas
265 1819 367 1846 oxygenii
390 1827 403 1841 e
420 1821 482 1842 foliis
504 1820 660 1844 evmlutionem
684 1827 730 1844 non
751 1821 821 1844 calori
841 1822 927 1851 solari,
950 1823 1038 1850 (quam
1065 1821 1160 1843 Bonnen·
1187 1821 1321 1843 sentcntIam
1348 1820 1436 1848 suisne,
1459 1825 1525 1848 supra
1550 1818 1610 1841 vidi-

85 1859 171 1888 σκιὴ)
191 1861 231 1881 sed
252 1861 331 1882 lumini
350 1861 492 1884 tribuendlm
512 1869 575 1889 esse,
599 1864 688 1891 egregie
707 1864 811 1891 pluribus
832 1863 968 1891 argumentis
988 1863 1094 1891 probavit
1108 1862 1293 1890 Ingenhoussius,
1317 1863 1415 1886 Tom.1.
1437 1868 1487 1890 1⁷³3-
1503 1866 1529 1890 ³9
1544 1866 1609 1889 seqq·

114 1900 177 1928 (56)
198 1900 328 1926 [ngenlmuss
350 1902 365 1924 Ι,
379 1908 397 1924 c.
420 1904 486 1925 Tou-1,
500 1903 517 1925 Ι,
535 1909 585 1932 ρης,
601 1909 635 1932 57,
804 1905 870 1933 (57)
890 1905 1010 1926 Wildenow
1026 1905 1042 1927 Ι.
1054 1911 1073 1928 c.
1097 1911 1146 1932 pagv
1161 1910 1212 1930 391.

117 1940 181 1968 (58)
200 1940 252 1963 vm>
274 1942 356 1962 llarles
374 1946 390 1968 1,
409 1949 428 1966 c.
450 1949 500 1970 pag,
512 1944 547 1969 48.
803 1944 868 1974 (59)
891 1946 942 1970 νῆά.
963 1953 1006 1968 van
1025 1947 1081 1969 Rees
1101 1946 1117 1970 1.
1138 1952 1158 1972 c.
1178 1952 1231 1975 pag·
1246 1951 1279 1973 3¹.

113 1980 179 2010 (⁶0)
199 1982 331 2011 Inewhvw
348 1984 364 2007 ¹·
379 1989 397 2008 τ.
419 1985 516 2009 'rom-1·
537 1992 588 2015 pag.
609 1991 666 2016 3³9,
683 1992 724 2015 34³
737 1992 803 2016 seqq·

861 2028 890 2056 H
911 2038 928 2058 ε
