1913 2417
350 163 860 198 COMMENTATIO
918 164 1274 198 BOTANch.
1538 170 1569 204 31

299 488 731 532 SECTIO
855 487 1342 541 QUARTA‚

477 648 527 670 DE
556 647 870 670 FUNCTIONIBUS
900 645 1129 670 FOLIORVUM‘.

43 767 181 846 Quum
206 799 358 836 Hucusque
383 799 545 835 foliorum,
576 807 717 836 quantum
742 799 846 837 potui,
876 797 1055 835 exposuerim
1090 802 1209 832 ortum,
1238 796 1328 825 situm
1354 801 1381 825 et
1405 795 1570 834 fabricam}

38 850 94 886 iam
117 852 321 880 transeundum
354 859 397 881 est
424 853 460 881 ad
496 852 625 881 ultitnam
649 851 838 891 Quaestionis
859 857 985 888 partem,
1014 858 1072 886 qua
1095 849 1125 878 in
1150 856 1250 877 eorum
1273 847 1438 877 functiones
1460 855 1504 878 est
1519 848 1566 878 in-

36 901 220 939 quirendum.

74 952 212 983 Andreas
240 954 448 993 canapium,
469 955 534 992 vir,
556 964 611 985 suo
641 960 790 992 tempore,
812 955 934 985 maxime
960 954 994 984 de
1010 952 1147 982 Botanice
1171 951 1309 987 meritus,
1336 959 1391 989 Jam
1413 950 1568 987 sentiens,

35 1003 140 1034 haecce
169 1014 274 1042 organa
298 1014 357 1036 non
382 1007 469 1036 unice
492 1006 614 1036 ornatui
634 1015 650 1035 a
673 1013 774 1035 natura
802 1014 863 1035 esse
892 1005 1031 1035 destinata
1049 1025 1060 1040 ‚
1088 1005 1124 1033 de
1153 1011 1252 1032 eorum
1283 1011 1340 1031 usu
1368 1003 1435 1031 haec
1466 1001 1559 1037 scrip·-

39 1056 79 1085 sit
107 1057 196 1094 (1)·
227 1078 254 1093 ,,
274 1058 356 1094 quasi
377 1058 469 1096 hujus
489 1059 579 1095 gratia
601 1057 673 1087 folia
693 1059 757 1087 data
779 1064 865 1094 sunt,
887 1064 918 1086 ut
943 1063 1072 1086 tenerum
1095 1063 1208 1092 germen
1232 1059 1386 1089 tueantur,
1406 1053 1452 1082 vel
1476 1053 1564 1081 etiam.

38 1127 65 1146 „
85 1106 212 1139 fructum
225 1130 243 1145 ‚.
267 1109 316 1138 ubi
345 1109 460 1138 fructus
488 1109 614 1146 erumpit
641 1118 707 1139 cum
732 1109 873 1147 germine:
905 1115 1063 1146 postquam
1091 1116 1161 1136 vero
1192 1107 1288 1135 eadem
1311 1105 1452 1142 explicata
1469 1110 1563 1139 suntg.

38 1178 63 1196 „
83 1159 170 1189 alium
202 1169 286 1189 usum
317 1167 468 1197 praestare·
491 1161 651 1198 videntur,
679 1162 808 1191 umbram
837 1161 977 1197 scilicet,
1006 1169 1042 1190 ne
1074 1168 1089 1188 a
1124 1159 1186 1187 sole
1212 1157 1299 1187 nimis
1328 1163 1472 1192 urantur,
1498 1161 1566 1184 tum

36 1211 218 1249 „fructus‚
238 1219 298 1242 tum
325 1213 440 1242 novella
463 1213 606 1249 germIna:
631 1214 793 1243 moderatos
816 1213 892 1242 enim
917 1212 989 1242 solis
1016 1211 1116 1242 radios
1138 1215 1261 1247 utraque
1277 1208 1456 1243 desiderant,
1479 1205 1564 1243 quoe!

33 1281 60 1298 2,
80 1261 218 1291 foliorum
246 1264 396 1299 positione
425 1270 454 1293 et
476 1263 569 1294 forma
592 1271 754 1320 praestatur
772 1285 785 1302 ,
812 1265 880 1294 illos
909 1263 1017 1318 partim-
1043 1262 1324 1316 transmittentium,
1355 1259 1460 1297 partim
1492 1257 1560 1288 reti·-

31 1331 54 1350 „
76 1314 219 1344 nentium.

74 1364 174 1404 Quum
201 1373 295 1396 autem
318 1365 457 1397 foliorum
483 1376 591 1405 usum,
623 1374 757 1406 respectu
778 1369 911 1406 plantae,
932 1366 1026 1396 multo
1050 1364 1137 1394 lati-us
1162 1368 1275 1401 patere,
1306 1358 1558 1398 ingeniosissimo-

32 1424 95 1446 rum
124 1416 371 1456 Physiologorutn
395 1419 538 1449 industria
561 1421 601 1448 sit
627 1420 877 1455 demonstratum,
904 1426 982 1447 nunc
1016 1425 1115 1446 eorum
1139 1414 1328 1448 functiones,
1356 1420 1410 1448 pro
1424 1410 1558 1442 viribus,

34 1469 177 1505 explicare
199 1470 365 1507 aggi-edior;
396 1472 469 1501 hanc
497 1480 565 1501 vero
591 1471 841 1501 commentationis
875 1477 950 1499 meae
982 1475 1089 1506 partem
1111 1488 1123 1503 ‚
1152 1473 1241 1502 quum
1273 1463 1409 1493 foliorum
1442 1457 1562 1487 functio*

31 1519 61 1548 in
85 1521 253 1550 universum
278 1522 456 1558 quadruplex
480 1523 539 1559 sit,
562 1530 687 1559 quatuor
710 1522 867 1559 Capitibus
890 1521 1037 1550 absolvam
1053 1541 1067 1556 ,.
1094 1519 1132 1547 ita
1157 1521 1387 1554 progressurus,
1408 1518 1441 1540 ut
1464 1508 1562 1539 brevi-

34 1575 77 1598 ter
102 1577 213 1600 tantum
237 1572 406 1603 functiones
427 1574 503 1610 ipsas
529 1583 703 1613 memorem,
723 1575 812 1612 paulo
834 1573 933 1604 fusius
949 1581 1017 1604 vero
1037 1570 1193 1611 praecipua
1215 1567 1429 1606 experimenta,
1451 1561 1565 1601 quibus

32 1621 216 1658 comprobari
242 1624 377 1661 possint,
398 1626 534 1658 indicem.

60 1725 118 1758 (ι)
137 1727 278 1756 eaesalpa‘nus
297 1729 316 1751 1.
337 1735 356 1753 c.
375 1730 435 1758 μᾶ,

1395 2056 1559 2091 CAPUT
