1913 2417
279 141 557 173 RESPONSIO
583 150 630 172 An
657 138 1029 180 QUAESTIONEM
1054 137 1506 171 HYDROSTATICAM.
1610 144 1650 175 27

136 229 200 261 tae,
221 231 282 254 tum
309 226 351 254 sic
375 225 574 254 ratiocinatur.
613 223 731 260 Corpus
755 231 814 252 non
836 228 931 259 potest
951 223 1100 251 immotum
1132 222 1288 251 consistere
1311 222 1341 250 in
1365 228 1475 258 puncto
1498 221 1543 255 A,
1573 219 1644 254 quin

137 276 168 305 in
189 276 285 312 specie
309 276 348 304 sit
377 284 466 312 aeque
489 284 597 313 grave,
624 284 655 304 ac
683 281 728 304 est
748 283 822 310 aqua
838 295 848 309 ‚
878 282 949 309 quae
976 273 1054 302 circa
1088 280 1229 309 punctum
1257 274 1285 301 A
1308 273 1427 302 residete
1461 279 1488 301 et
1509 271 1641 300 similiter

135 328 232 363 quoad
254 327 308 356 alia
330 333 436 364 puncta
454 327 474 355 B
499 334 525 355 et
542 328 579 357 C.
614 327 676 365 Jam
699 325 765 362 quia
789 324 956 360 ubieunque
984 325 1107 361 gravitas
1132 324 1263 360 corporis
1294 330 1337 353 est
1361 323 1486 360 aequalis
1508 322 1641 360 gravitati

134 386 245 414 aquae,
274 378 378 406 ibidem
401 378 482 407 etiam
507 377 632 415 gravitas
657 385 746 413 aquae
768 376 914 413 reciproce
938 376 1066 411 aequalis
1090 381 1135 403 est
1159 375 1288 411 gravitati
1318 375 1469 410 corporis,
1492 375 1558 402 hine
1586 381 1645 402 ma-

140 430 189 467 jor
214 436 257 459 est
276 438 367 465 aquae
395 430 522 466 gravitas
553 430 583 457 in
604 429 652 464 C,
682 436 767 464 quam
791 428 822 457 in
852 427 896 463 B,
924 435 952 456 et
973 427 1003 455 in
1030 426 1051 454 Β
1075 427 1163 463 major
1186 435 1271 462 quam
1303 426 1333 455 in
1355 427 1402 456 A:
1431 426 1499 461 quia
1528 424 1645 461 gravius

130 487 178 510 est
202 489 309 516 corpus
337 480 367 509 in
389 481 434 516 C,
465 489 548 516 quam
571 480 599 508 in
626 480 668 515 B,
696 486 724 508 et
751 479 782 508 in
802 479 824 508 B
847 479 963 517 gravius
988 486 1075 514 quam
1105 477 1135 506 in
1160 477 1209 512 A,
1235 477 1300 515 (ob
1327 477 1480 506 intrantem
1506 475 1642 511 aquam).

135 531 192 561 Sed
213 540 273 562 non
297 538 340 560 est
363 531 393 560 in
411 531 441 560 C
464 532 579 568 gravior
606 532 715 561 ratione
747 531 814 566 sui,
840 539 891 559 seu
922 530 1098 566 singularum
1124 537 1238 557 suarum
1273 528 1396 564 partium
1428 527 1549 557 seorsim
1576 534 1648 555 con·

133 583 339 618 sideratarum‚
368 591 432 610 curn
458 583 635 619 homoganea
661 582 719 617 sit,
745 589 773 610 et
797 590 856 611 non
880 581 982 609 habeat
1008 581 1140 617 majorem
1167 579 1332 616 gravitatem
1355 579 1384 607 in
1403 578 1428 608 C
1445 586 1530 614 quam
1554 578 1583 606 in
1602 578 1646 612 Β,

133 641 184 663 aut
208 634 239 663 in
262 635 298 665 A.
340 634 420 671 Ergo
445 642 509 663 cum
532 633 598 663 inde
625 634 713 670 maior
735 633 860 670 gravitas
891 632 959 661 oriri
982 638 1124 668 nequeat,
1152 631 1261 660 oriatur
1288 639 1404 660 necesse
1427 637 1470 659 est
1503 638 1518 658 a
1543 629 1651 658 ratione

134 687 259 723 partium
282 686 338 714 sibi
357 685 598 715 incumbentium.
640 686 719 721 Ergo
743 691 836 721 partes
858 684 1021 720 superiores
1045 689 1178 719 premunt
1203 682 1361 712 inferiores.

178 737 269 766 Porro
292 738 319 766 si
345 745 396 766 vas
421 743 515 765 totum
549 745 623 772 aqua
654 736 826 772 impleatur,
856 742 978 772 ejusque
1009 733 1121 763 orificio
1152 732 1314 768 applicetur
1341 732 1439 761 fistula
1470 732 1577 766 vitrea,
1607 735 1656 759 aut

136 789 247 817 arundo
275 794 430 822 excavata,
459 793 515 815 tres
543 788 589 815 vei
621 793 747 823 quatuor
776 786 889 822 palmos
916 786 1021 822 longa,
1050 784 1215 820 etquidem
1246 785 1305 819 ita,
1336 790 1366 812 ut
1395 791 1461 811 curn
1490 790 1550 810 eam
1581 781 1655 816 aqua

136 839 320 875 impleveris,
342 838 439 875 possis
465 839 555 875 ipsam
578 839 613 867 ad
636 838 750 866 libitum
771 837 877 874 erigere
901 843 989 872 atque
1018 835 1172 864 inclinare:
1203 840 1231 863 et
1255 834 1386 863 fluitante
1407 833 1482 862 intra
1507 841 1558 861 vas
1579 840 1655 867 aqua.

141 891 258 927 plenum
285 898 426 926 corpore,
448 890 573 926 erigatur
595 890 706 918 arundo
722 889 826 925 pariter
847 896 920 923 aqua
942 888 1045 923 plena,
1067 887 1128 915 sive
1149 894 1244 923 usque
1265 885 1302 914 ad
1326 893 1493 920 summum,
1520 884 1581 913 sive
1602 884 1658 912 sal-

142 947 198 970 tem
224 942 259 969 ad
280 940 405 976 aliquem
433 940 602 976 terminum,
630 940 680 977 qui
706 940 848 975 sufficiat,
875 939 974 968 statim
995 937 1133 967 inferiora
1157 938 1229 974 petit
1255 945 1384 973 corpus,
1414 936 1501 965 sicuti
1525 936 1560 964 ad
1581 943 1661 971 pres-

143 993 255 1022 sionem
283 992 414 1028 pollicis.
458 992 489 1020 Si
513 1000 580 1020 vero
612 992 720 1020 arundo
745 991 900 1020 inclinetur
924 998 1016 1026 usque
1039 990 1074 1017 ad
1096 989 1276 1018 horizontem
1305 997 1413 1025 corpus
1439 986 1585 1022 superiora
1609 992 1660 1020 pe-

142 1043 200 1079 tit3
223 1049 251 1071 et
273 1051 306 1072 eo
331 1042 421 1079 magis
446 1043 492 1071 vel
519 1043 614 1071 minus
637 1042 802 1078 descendit,
830 1047 879 1071 aut
912 1041 1056 1077 assurgit,
1087 1048 1147 1075 quo
1171 1040 1260 1076 magis
1286 1041 1330 1068 vel
1351 1039 1447 1068 minus
1478 1037 1587 1066 arundo
1618 1041 1661 1064 at-

143 1093 270 1124 tollitur.
312 1094 391 1130 Ergo
413 1101 480 1122 cum
506 1101 614 1130 corpus
638 1094 701 1123 ideo
732 1093 902 1129 descendit,
933 1092 1013 1129 quod
1039 1099 1113 1126 aqua
1146 1099 1244 1127 pressa
1269 1091 1343 1120 intra
1373 1091 1468 1119 alvum
1497 1087 1658 1124 recipitur,

144 1151 173 1175 et
197 1146 301 1174 ibidem
323 1147 414 1175 aetem
432 1146 617 1182 comprimit,
646 1146 762 1182 signum
791 1152 834 1174 est
861 1153 965 1181 aquam
992 1142 1071 1171 vasis
1098 1141 1133 1170 ab
1164 1150 1237 1178 aqua
1266 1141 1413 1171 arundinis
1438 1139 1540 1177 premi.
1578 1138 1659 1174 Ergo

140 1203 215 1232 aqua
237 1197 385 1226 arundinis
400 1205 488 1234 supra
510 1196 708 1235 aquam„vasis
731 1196 871 1234 gravitat‚
892 1202 1011 1230 eamque
1033 1193 1147 1230 premit.
1188 1193 1268 1230 Ergo
1282 1192 1444 1229 superiores
1461 1197 1554 1229 partes
1565 1195 1659 1226 aquae

140 1254 278 1285 premunt
306 1249 468 1275 inferiores.

181 1296 293 1326 Contra
328 1297 400 1325 hanc
431 1297 615 1333 experimenti
645 1297 864 1334 explicationem
896 1303 923 1326 et
948 1295 1236 1331 {ratiocinationem‚
1275 1294 1317 1323 sic
1347 1293 1474 1331 insurgit
1503 1293 1662 1322 schottus.

142 1347 235 1385 Quod
250 1348 285 1377 ad
306 1348 425 1384 primam
448 1355 556 1385 partem
576 1350 695 1385 attinet,
717 1356 813 1385 partes
835 1348 987 1377 inferiores
1010 1356 1101 1383 aquae
1122 1348 1153 1376 in
1178 1354 1245 1376 vase
1271 1352 1443 1382 premuntur
1463 1354 1479 1374 a
1504 1343 1662 1380 superiori-v

140 1398 218 1435 bus,
241 1399 309 1435 quia
333 1400 385 1428 hae
408 1409 423 1428 a
448 1400 556 1436 pollice
579 1408 758 1436 premuntur.
799 1400 941 1429 Cessante
963 1406 1055 1427 autem
1086 1398 1236 1435 pressione
1267 1398 1384 1433 pollicis
1413 1405 1471 1426 non
1491 1399 1661 1432 premuntur

142 1450 269 1486 amplius
300 1450 450 1480 inferiores
468 1472 478 1487 ,
505 1451 573 1488 quia
605 1452 767 1488 superiores
798 1460 858 1480 non
887 1451 1010 1486 amplius
1037 1456 1233 1485 premunturg,
1259 1449 1344 1485 cujus
1378 1448 1416 1475 rei
1447 1447 1561 1481 signum
1591 1450 1655 1479 est,

142 1501 243 1537 quod,
272 1502 420 1536 pressione
443 1510 593 1539 cessante,
621 1503 716 1531 statim
743 1511 850 1538 corpus
881 1502 1030 1537 superiora
1056 1501 1141 1537 petit.
1180 1500 1229 1529 Ad
1259 1499 1411 1528 secundam
1436 1504 1502 1525 vero
1526 1501 1655 1531 partem,

137 1552 223 1581 etiarn
247 1552 361 1587 quidem
394 1553 425 1582 in
451 1554 504 1582 illo
525 1562 595 1582 casu
624 1554 714 1590 premi
746 1553 896 1582 inferiores
923 1561 1013 1587 aquae
1041 1558 1136 1588 partes
1158 1560 1173 1578 a
1199 1548 1403 1585 superioribus
1429 1546 1581 1581 concedit,
1608 1545 1657 1574 sed

138 1603 235 1636 addit,
256 1603 325 1636 quia
347 1604 399 1632 hae
422 1612 591 1640 premuntur
615 1605 650 1633 ab
675 1613 748 1639 aqua
770 1604 882 1631 fistulae
903 1608 953 1630 aut
974 1600 1105 1629 arundini
1133 1600 1258 1629 inclusa.
1297 1599 1402 1628 Premit
1425 1606 1518 1627 autem
1543 1606 1576 1626 ex
1594 1600 1656 1634 ejus

143 1652 285 1683 sententia
309 1660 382 1688 aqua
407 1652 523 1682 fistulae
545 1662 648 1690 aquam
665 1654 762 1689 vasis,
783 1660 844 1682 tum
868 1658 988 1689 propter
1012 1652 1172 1688 impetum,
1194 1659 1254 1687 quo
1278 1658 1368 1680 erecta
1387 1651 1487 1679 fistula
1511 1650 1588 1679 cadit
1608 1658 1657 1678 su-

142 1713 192 1743 pra
217 1705 291 1733 illam
305 1724 315 1740 ‚
338 1710 397 1732 tum
427 1704 494 1741 quia
519 1714 591 1741 aqua
613 1705 727 1734 fistulae
750 1704 940 1738 continuata,
960 1711 1026 1731 cum
1051 1711 1125 1739 aqua
1141 1703 1218 1732 vasis
1243 1711 1302 1732 non
1324 1709 1367 1731 est
1390 1703 1418 1731 in
1443 1708 1522 1731 statu
1545 1709 1573 1730 et
1594 1699 1653 1727 situ

140 1756 281 1791 naturali,
305 1756 354 1784 sed
368 1763 413 1785 εει
439 1757 525 1786 altior
548 1765 632 1793 quam
659 1765 732 1792 aqua
750 1756 845 1791 vasis,
868 1764 898 1783 ac
917 1754 1036 1791 proinde
1059 1754 1162 1783 nititur
1182 1754 1316 1784 deorsum
1338 1755 1373 1784 ad
1395 1753 1458 1783 loca
1475 1751 1651 1787 decliviora,

143 1812 174 1835 ut
199 1808 341 1843 aequalem
368 1809 466 1837 reddat
489 1808 668 1846 superficiem
691 1817 773 1837 suam
803 1814 964 1844 supremam
992 1805 1154 1842 superficiei
1180 1814 1327 1842 supremae
1354 1813 1444 1841 aquae
1467 1805 1564 1841 vasis3
1588 1813 1648 1840 quo

142 1857 241 1894 facto,
270 1859 368 1888 statim
399 1868 490 1890 cessat
516 1860 640 1897 pressio.
680 1881 705 1896 ‚‚
730 1859 849 1889 Frustra
877 1856 1000 1895 ergo‚”
1036 1858 1076 1885 sic
1102 1857 1251 1886 concludit
1279 1857 1441 1893 Schottus‚
1469 1876 1493 1893 2,
1512 1856 1652 1885 laboravit

143 1907 288 1943 Magnam,
309 1911 377 1946 quia
400 1920 455 1940 nos
481 1912 629 1948 loquimur
651 1913 685 1940 de
705 1920 778 1947 aqua
799 1911 997 1944 consistente,
1023 1914 1050 1936 et
1073 1917 1132 1937 non
1153 1917 1250 1944 pressa
1274 1909 1308 1938 ab
1330 1908 1531 1938 extrinseco.’'

176 1958 230 1987 His
264 1959 485 1991 refutationibus
515 1970 575 1992 non
601 1969 758 1992 contentus
791 1961 934 1999 repetiit,
966 1968 1052 1996 quam
1083 1959 1151 1989 alibi
1189 1960 1388 1997 Indicaverat‚
1418 1961 1582 1993 rationem,
1613 1957 1650 1984 ob

932 2013 959 2042 D
980 2020 997 2042 Ω.
1568 2015 1654 2045 quam
