1913 2417
239 129 519 163 RESPONSIO
544 141 592 162 AD
618 124 995 170 QUAESTIONEM
1018 127 1476 161 HYDROST‘ATICAM.
1580 135 1620 165 φῖ

106 216 192 245 modo
219 223 371 252 caveatur,
402 224 434 245 ut
454 224 564 252 semper
592 224 664 251 aqua
688 216 727 244 sit
756 215 871 252 impieta
888 234 898 249 ‚
928 214 1169 250 quemadmodum
1198 213 1280 242 docet
1305 214 1366 250 ejus
1391 211 1615 248 experimentum

100 267 232 297 tertium*

143 318 190 349 Sit'
215 318 446 356 corporislanei
470 317 483 346 l
506 318 579 346 affixi
604 318 721 353 pondus
739 327 760 355 g
776 339 787 353 ,
812 319 941 353 illudque
970 311 1181 353 vasis-'aquam
1220 315 1415 350 continentis,
1443 319 1469 341 et
1492 311 1566 340 lanei
1589 309 1615 338 L

105 373 235 410 impositi
259 371 312 406 G,
341 377 402 398 tum
429 376 494 397 ante
519 369 754 405 conjunctionem
787 370 905 398 duarum
937 369 1091 398 bilancium
1122 369 1187 396 lanx
1209 377 1236 395 m
1260 366 1417 395 sustinebit
1442 365 1556 401 pondus
1577 371 1620 399 g„

106 432 134 454 et
157 427 222 453 lanx
248 423 281 451 Μ
305 422 420 458 pondus
443 420 484 449 G.
526 420 598 449 Post
621 421 856 457 conjunctionem
882 421 1064 458 (secundum
1091 419 1315 456 experimentum
1339 416 1484 452 alterum)
1509 416 1575 442 lanx
1591 421 1623 440 m

103 476 218 513 pondus
237 483 258 511 g
277 490 314 496 —
335 473 356 501 P
377 478 404 500 et
424 472 488 500 lanx
513 471 549 500 M
575 473 690 508 pondus
712 472 741 500 G
763 473 801 510 -}—
819 472 841 501 P
866 472 992 502 habebit.

126 529 163 562 '„
183 526 249 554 Hoc
273 521 549 560 experimentum‚'’
577 523 616 551 ait
640 524 772 559 Aeneae,
801 544 825 559 ‚‚
844 530 888 552 est
913 523 1138 559 experimentum
1160 520 1350 557 HesseIingii,
1378 519 1427 548 sed
1448 517 1539 554 magis
1561 524 1630 552 per·

105 578 215 607 fectum
235 582 263 605 et
285 585 351 604 cum
382 575 445 604 suis
473 574 629 612 adjunctis.
670 575 727 603 Hic
754 568 912 604 seeundum
939 583 1045 603 morem
1068 580 1198 603 nostrum
1221 572 1359 607 loquendi
1382 579 1455 606 aqua
1477 570 1506 597 in
1526 569 1631 604 lagena:

103 637 194 664 aeque
218 627 314 656 minus
335 626 456 663 gravitat
480 625 508 654 in
535 626 642 654 lancem
668 626 812 662 bilancis,
832 635 865 655 ac
885 626 972 655 situla
995 634 1069 661 aqua
1090 625 1207 661 impleta
1230 624 1322 652 adhuc
1345 622 1419 650 infra
1438 619 1624 657 superficiem

103 687 193 715 aquae
217 678 340 715 gravitat
367 677 396 705 in
420 676 540 712 funem,
563 678 611 705 cui
633 677 714 707 affixa
736 683 779 706 est
802 678 908 712 situla;
940 677 1076 713 quoniam
1101 684 1193 712 aqua,
1224 673 1357 710 quamvis
1382 681 1431 709 per
1455 680 1484 700 se
1504 672 1533 699 in
1558 669 1624 697 lo'co

105 738 160 758 suo
183 729 306 758 naturali
323 729 484 765 gravitans‚
505 729 540 756 ab
556 737 630 764 aqua
653 729 842 758 circumdanti
861 729 892 758 in
914 727 1084 765 aequilibrio
1102 732 1235 761 tenetur,
1256 733 1342 760 atque
1364 723 1404 752 ita
1425 723 1488 760 ejus
1511 720 1632 758 pressio*

103 780 135 809 in
158 781 267 809 lancem
291 779 489 809 destruitur.'’

144 831 272 860 Tandem
298 834 410 860 Aeneae
432 831 655 867 experimentum
681 830 773 868 citat,
802 832 882 867 qnod
905 831 962 867 ipsi
994 838 1051 858 rem
1079 837 1201 865 prorsus
1227 826 1412 857 determinare
1433 824 1568 859 videtur,
1596 827 1633 850 et:

109 891 170 919 quo
195 882 284 910 simul
309 889 405 918 patere
428 888 545 918 potest,
567 891 624 918 qua
647 884 677 911 in
699 889 780 919 parte
801 882 932 911 erraverit
949 880 1163 917 Hesselingius.
1205 879 1279 915 Sed,
1302 884 1334 907 ut
1358 885 1443 918 quam
1467 873 1630 910 simplicis--

104 933 177 962 sime
197 933 254 961 hoc
279 933 504 969 experimentum
536 933 651 962 institui
680 934 797 970 possit,
829 934 912 970 ponit
939 932 1084 961 materiam
1111 931 1264 967 corporis,
1296 938 1354 965 quo
1385 927 1527 956 continuo
1553 932 1624 953 usus

104 984 219 1020 fuerat,
239 985 270 1013 in
293 986 373 1014 lance
390 985 404 1013 l
421 985 540 1014 minoris
563 984 707 1020 bilancis,
729 985 850 1014 formam
869 984 996 1020 accipere
1013 985 1127 1019 lagenae
1147 990 1213 1010 cum
1238 979 1420 1009 obturaculo.
1458 999 1477 1013 „
1491 977 1539 1006 Sic
1558 976 1624 1012 qui·
1642 985 1644 987 ·

106 1036 167 1065 dem
179 1035 212 1071 ‚'’
238 1036 299 1071 ait,
322 1038 454 1073 „lagena
477 1037 577 1064 clausa
595 1043 694 1064 exacte
715 1042 825 1064 tantum
844 1037 981 1064 volumen
1010 1035 1089 1063 intus
1109 1033 1260 1066 continet,
1289 1037 1430 1067 quantum
1456 1036 1499 1057 est
1525 1028 1645 1056 totuna.¹

104 1086 245 1116 volumen
267 1087 420 1123 materiae,
449 1095 522 1123 quae
552 1087 680 1123 lagenam
713 1095 768 1116 una
801 1095 866 1115 cum
897 1085 1069 1116 obturaculo
1105 1083 1272 1113 constituit.
1322 1081 1401 1110 Haec
1432 1081 1530 1117 lagena
1560 1081 1634 1107 aere-

109 1145 282 1173 evacuetur,
311 1133 340 1167 et
366 1139 430 1167 dein
459 1139 532 1167 lanei
556 1138 579 1167 l‘
597 1138 702 1175 affixa,
737 1139 767 1168 in
803 1138 975 1174 aequilibrio
1021 1136 1220 1166 constituatur
1230 1155 1248 1170 ,.
1268 1133 1412 1170 ponendo
1438 1138 1581 1160 sacomate
1600 1138 1627 1167 g

107 1187 139 1216 in
161 1188 241 1217 lance
263 1198 320 1218 mr
336 1198 400 1218 nam
426 1189 480 1218 etsi
504 1190 643 1219 volumen
667 1189 790 1219 exterius
812 1190 926 1226 lagenae
953 1189 1110 1217 secundum
1134 1185 1313 1223 hypothesin
1332 1183 1371 1212 sit
1391 1183 1534 1218 duplum,
1562 1182 1625 1218 ejus

107 1246 202 1268 tamen
223 1242 350 1276 pondus.
363 1241 546 1270 immutatum
572 1241 686 1272 mansit.
731 1243 790 1270 Vas
816 1240 900 1269 etiam
933 1248 1036 1276 aquam
1068 1238 1222 1267 continens
1248 1236 1279 1265 in
1300 1232 1379 1264 l‘ance
1401 1234 1427 1262 L
1452 1235 1481 1262 in
1505 1232 1648 1270 aequin-⁴

106 1289 177 1319 brio.
193 1290 392 1320 constituatur
412 1301 468 1328 ope
494 1292 655 1321 sacomatis
678 1291 707 1321 G
733 1291 764 1320 in
787 1292 868 1320 lance
893 1291 940 1320 Μ.
988 1290 1077 1319 Nunc
1102 1289 1203 1326 lagena
1240 1294 1331 1324 aquae
1356 1285 1547 1320 immittatur,
1577 1290 1633 1319 etff

106 1341 164 1370 eni
188 1333 460 1377 aequilibrium‘est
489 1339 701 1372 destructum-f
720 1343 814 1372 Antea
836 1343 871 1371 ad
899 1341 1101 1378 aequilibrium
1132 1339 1342 1369 restituendum
1371 1345 1446 1374 opus
1471 1342 1530 1365 erat
1552 1343 1628 1371 pon·

109 1392 173 1421 dere
194 1392 234 1420 P:
265 1394 347 1422 nunc'
366 1402 435 1423 vero
461 1394 500 1423 21³
524 1403 600 1431 opus
620 1395 694 1431 erit,
721 1403 787 1424 cum
811 1395 949 1423 volumen
972 1394 1013 1422 sit
1035 1393 1167 1429 duplum.
1210 1391 1312 1426 Itaque
1341 1391 1424 1428 juxta
1452 1386 1633 1423 experimen·

108 1449 170 1471 tum
195 1444 325 1479 primum
340 1444 379 1473 21³
403 1442 549 1480 ponantur
571 1445 601 1474 in
623 1445 706 1474 lance
726 1446 759 1482 l,
780 1453 808 1475 et
829 1443 950 1474 totidem
971 1445 1001 1473 in
1025 1443 1108 1472 lance
1128 1443 1182 1478 M;
1206 1442 1268 1470 sive
1288 1440 1391 1477 potius
1401 1437 1560 1468 secundum
1581 1444 1638 1464 ex-v*

108 1494 299 1531 perimentum
331 1496 450 1524 alterum
482 1496 521 1524 21³
549 1496 714 1525 auferantur
741 1497 816 1525 lanei
839 1506 888 1531 m,
918 1501 947 1523 et
972 1500 1122 1531 ponantur
1141 1494 1171 1521 in
1197 1493 1276 1520 lance
1299 1492 1354 1526 M,
1380 1497 1408 1518 et
1433 1489 1565 1518 similiter
1586 1494 1639 1515 ae*

110 1544 279 1581 quilibrium
308 1546 397 1575 redire
423 1545 596 1575 videbimus.
645 1549 681 1576 ln
702 1547 783 1576 lance
804 1557 831 1575 m
857 1547 954 1581 itaque
980 1545 1074 1573 adhuc
1106 1549 1229 1572 remanet
1251 1552 1273 1580 g
1294 1560 1331 1565 —
1352 1542 1413 1577 ΞΡ,
1439 1547 1468 1570 et
1492 1541 1522 1568 in
1553 1540 1642 1567 lance,

108 1595 144 1625 M
168 1597 247 1626 adest
270 1597 300 1626 G
321 1598 358 1636 -1—
379 1598 428 1627 21¹.
471 1598 545 1626 Dein
563 1596 617 1625 sub
641 1605 719 1632 aqua
741 1597 887 1633 aperiatur
910 1597 1032 1632 lagena,
1053 1601 1082 1624 et
1105 1603 1180 1631 aqua
1204 1594 1302 1622 intret.
1343 1593 1420 1622 Haec
1436 1600 1509 1628 aqua
1533 1590 1640 1626 implet

109 1647 258 1683 lagenam,
279 1649 376 1684 itaque
399 1648 546 1683 quantitas
570 1655 679 1683 aquae,
710 1655 785 1683 quae
809 1655 886 1676 nunc
910 1648 1037 1684 lagenam
1065 1646 1183 1683 implet,
1211 1653 1245 1673 ex
1269 1653 1337 1673 vase
1355 1645 1386 1673 in
1407 1645 1533 1680 lagenam
1556 1649 1643 1670 tran·-

113 1698 182 1734 siit3
205 1698 375 1727 eademilla
400 1699 547 1735 quantitas
571 1707 696 1735 premere
718 1699 748 1728 in
772 1699 894 1728 fundum
917 1698 994 1728 vasis
1020 1697 1144 1733 desinit,
1172 1703 1320 1732 recuperat
1347 1696 1376 1724 in
1398 1695 1493 1732 spatio
1516 1701 1639 1728 vacuo„

113 1749 189 1778 unde
212 1749 380 1786 arcebatur,
410 1759 476 1778 cum
498 1750 630 1786 redierit,
659 1751 775 1787 pondus
800 1759 886 1779 suum
915 1749 945 1779 in
975 1750 1043 1779 loco
1069 1757 1125 1778 suo
1147 1748 1292 1783 naturali,
1315 1754 1341 1775 et
1364 1748 1489 1784 gravitat
1513 1747 1545 1775 in
1568 1746 1636 1774 lan-

113 1806 173 1827 cem
197 1799 331 1831 bilancis.
368 1801 517 1839 Quantum
542 1802 639 1837 itaque
662 1801 799 1838 ponderis
824 1800 945 1830 fundum
969 1801 1046 1830 vasis
1073 1800 1209 1835 reliquit,
1238 1806 1348 1827 tantum
1370 1798 1491 1827 accessit
1513 1798 1547 1826 ad
1571 1798 1643 1825 bra*

113 1849 210 1879 chium
236 1851 380 1888 bilancis,
408 1852 490 1888 quod
512 1859 610 1888 aperte
630 1853 715 1882 docet
745 1851 950 1889 aequilibrium
982 1851 1149 1881 restitutum
1168 1871 1179 1887 ,
1208 1856 1377 1887 postquam-¹
1406 1859 1495 1880 unum
1520 1856 1644 1879 sacomat

113 1898 229 1931 Planci
253 1901 287 1930 M
313 1903 440 1931 ablatum
467 1904 501 1931 ad
523 1904 630 1933 lancem
652 1915 679 1933 m
704 1903 860 1935 transiit.”

152 1968 179 1987 ,ο
199 1951 263 1981 Hoc
285 1960 329 1981 est
352 1954 578 1991 experimentum
599 1955 720 1993 Boylei,
749 1955 830 1993 quod
856 1956 952 1986 omnia
978 1954 1103 1994 probat,
1132 1962 1205 1992 quae
1233 1953 1355 1992 probare
1380 1953 1472 1984 debet.
1512 1952 1567 1982 Sed
1587 1950 1642 1979 vi*

1570 2002 1639 2031 clear
