1913 2417
696 156 1089 191 ORATIO.
1607 167 1644 199 ¹9

153 259 244 287 mus,
266 258 459 281 naconem
482 256 776 279 vtaummnun
805 244 845 276 de
872 245 982 277 multis
1011 253 1283 276 ARISTOTELIS
1307 241 1530 286 Philosophiae
1551 253 1642 286 prae.

148 306 253 348 ceptis
282 304 444 343 dubitare;
466 313 763 341 comminetur,
787 303 821 333 in
835 301 1014 333 Geometria
1031 300 1230 339 adhibenda,
1255 306 1379 331 motum
1405 306 1505 331 terrae
1539 303 1640 343 magis

151 361 350 405 probabilem
371 360 524 399 reddere3
549 371 744 391 narra-:nn
757 370 803 397 M,
828 369 889 401 ope
911 357 1057 399 ejusdem
1083 359 1159 389 artis
1176 357 1483 402 praestantissimae,
1509 363 1636 388 motum

148 418 339 449 circularem
372 418 507 461 planetis
536 427 605 448 non
630 427 698 448 esse
728 426 826 459 quam
852 414 1046 446 validissime
1072 413 1228 458 probare,
1262 420 1358 457 atque
1382 412 1539 452 indicare,
1563 424 1638 456 geo-

149 475 282 505 metrica
311 474 450 517 quadam
479 480 574 517 atque
606 472 716 504 divina
746 471 956 514 intelligentia
979 494 991 510 ,
1027 478 1134 503 motus
1164 470 1364 514 planetarum
1389 469 1552 507 ordinar13
1575 481 1639 500 ‘rv-

142 541 350 570 .c1101v21=1‚
379 530 459 562 dum
491 530 730 562 observationes
761 539 859 572 quam
899 528 1037 559 maxime
1079 534 1237 570 augeret,
1268 533 1362 570 atque
1397 529 1632 564 instrumenta,

150 598 234 631 quae
249 587 326 619 huic
343 588 402 619 arti
420 587 633 625 inservirent,
647 584 855 629 amplificaret
870 609 879 624 ‚
909 586 1114 628 ingeniosum
1136 584 1315 628 excogitare
1341 582 1456 614 mundi
1484 590 1619 626 systema
1630 606 1639 621 ,

149 644 242 687 quod
268 646 477 687 antiquorum
512 650 720 686 systematum
746 641 955 673 sectatoribus
982 640 1202 679 blandiretur,
1235 639 1407 683 quodque,
1430 651 1490 683 pro
1515 640 1639 672 inscitia

149 711 266 732 eorum
291 707 493 743 temporum,
513 699 643 731 refutari
663 710 730 730 non
747 705 888 742 poterat,
905 709 927 729 G
940 707 1154 729 Annaeum
1178 696 1265 740 apud
1288 697 1417 727 Pisanos
1433 697 1662 739 experimen-‘⁶

151 757 215 796 tis,
239 756 328 788 nulla
353 757 476 787 ratione
506 756 540 786 in
564 756 716 787 dubitum
741 754 914 792 vocandis,
945 753 1184 792 demonstrare,
1208 763 1484 785 anisi-orariis
1517 752 1635 785 doctri·

148 823 250 853 nam,
279 822 378 856 quam
415 811 588 844 Christiani
625 811 771 843 doctores
788 835 799 851 ‚
828 810 868 842 ad
898 810 960 841 hoc
996 820 1098 852 usque
1129 819 1244 841 aevum
1262 833 1271 847 ‚
1305 808 1370 840 sere
1403 809 1506 850 pluris
1540 822 1638 854 quam

147 870 251 913 ipsam
290 869 487 911 Scripturam
518 871 645 900 Sacram
674 867 806 900 fecerint
827 891 838 907 ‚
871 867 1004 910 utique,
1039 872 1185 909 respectu
1224 867 1358 898 rationis
1389 877 1564 908 corporum
1597 868 1638 901 de

146 925 214 957 alto
238 924 421 957 cadentium
438 949 448 964 ,
479 936 629 957 errorum
662 936 730 957 non
761 935 893 957 vacuam
916 933 993 955 esse.
1055 922 1138 954 Tubi
1168 923 1288 966 optici,
1324 934 1342 954 a
1368 923 1564 955 nostratibus
1587 925 1637 957 in-

146 982 263 1020 venti,
289 992 537 1014 proponant
570 981 653 1014 illud
683 988 776 1014 vetus
806 980 922 1013 mundi
947 986 1083 1023 systema
1101 1003 1112 1019 ,
1136 986 1201 1010 tam
1229 980 1343 1011 acriter
1368 978 1556 1019 defensum,
1582 992 1640 1013 ne.

143 1049 309 1082 quaquam
337 1037 462 1069 admitti
492 1049 584 1082 posse
605 1039 836 1072 demonstrant.
887 1037 1073 1080 Philosophi
1106 1036 1172 1076 jam
1205 1046 1393 1079 persuasum
1426 1036 1488 1067 sibi
1514 1036 1633 1069 hahen-

149 1101 219 1133 tes,
242 1105 324 1138 quos
349 1095 474 1137 antiqui
501 1094 662 1127 finxerant
678 1117 689 1134 ‚
722 1095 834 1137 genios
868 1104 936 1124 non
961 1092 1053 1131 dari,
1083 1098 1191 1123 motus
1222 1098 1381 1123 astrorum
1418 1103 1529 1125 causas
1560 1093 1636 1127 alibi

144 1153 384 1194 quaesiverunt·
427 1161 683 1191 canrsssms,
707 1151 787 1182 dum
811 1149 1011 1182 Geometriae
1036 1147 1224 1180 admirabile
1255 1148 1428 1187 auxilium,
1459 1149 1548 1192 quod
1572 1157 1636 1183 sta-

149 1208 209 1239 tim
234 1206 275 1238 ad
302 1208 422 1250 majora
451 1208 647 1240 invenienda
681 1213 746 1238 tam
779 1206 948 1249 insiguiter
973 1207 1083 1246 juvat,
1115 1204 1197 1236 adeo
1230 1204 1457 1247 amplificavit,
1491 1218 1548 1250 per
1581 1219 1636 1251 sy.

144 1270 248 1296 stema
281 1264 442 1295 vorticum
476 1265 619 1307 primum
650 1263 812 1307 specimen
845 1272 976 1305 magnas
1004 1268 1137 1293 naturae
1158 1261 1242 1304 leges
1273 1262 1454 1305 explicandi
1472 1264 1635 1307 praebuit:

148 1321 270 1352 interea
297 1327 405 1352 noster
432 1320 658 1352 celeberrimus
684 1330 931 1358 nocemus,
962 1319 1088 1361 magnis
1125 1319 1192 1350 suis
1226 1318 1390 1351 laboribus
1407 1343 1417 1359 ‚
1443 1319 1545 1352 multa
1571 1322 1635 1353 uti-

145 1375 267 1408 lissima
297 1377 443 1416 invenit,
473 1384 592 1420 atque,
624 1387 680 1420 per
709 1386 747 1408 ea
781 1377 890 1407 omnia
907 1399 918 1414 ,
952 1375 1168 1407 Geometriam
1202 1375 1330 1406 unicam
1357 1386 1424 1407 esse
1455 1379 1560 1416 viam,
1591 1376 1632 1409 ad

145 1443 258 1465 causas
282 1433 583 1477 phaenomenorum
602 1433 860 1478 cognoscendas,
885 1433 955 1464 sine
979 1432 1045 1463 ulla
1064 1432 1281 1471 dubitatione,
1302 1432 1544 1465 demonstravit.
1570 1434 1633 1465 ⁴Ac

146 1489 277 1521 tandem
306 1491 416 1521 divina
446 1490 650 1522 Providentia
673 1491 770 1522 tantis
804 1489 968 1521 laboribus
993 1488 1162 1521 subvenit:
1200 1499 1356 1531 magnum
1387 1500 1630 1522 NEWTONUM

144 1544 188 1576 ad
219 1555 279 1576 nos
308 1546 417 1588 1nisit;
440 1546 516 1584 ille,
541 1548 690 1579 omnium
719 1547 905 1578 mortalium
932 1547 1076 1589 optimus
1110 1545 1278 1588 magister,
1313 1544 1468 1588 applicuit
1496 1547 1634 1577 Geome-

145 1602 240 1633 triam
265 1601 424 1644 sapienter
453 1601 650 1646 feliciterque
681 1603 722 1635 ad
757 1609 888 1636 naturae
919 1602 1005 1644 leges
1034 1601 1263 1645 inquirendas;
1293 1608 1388 1645 atque
1413 1602 1448 1633 in
1480 1603 1632 1635 universa

145 1664 261 1690 natura
278 1668 346 1688 esse
369 1659 498 1689 unicam
517 1665 549 1690 et
575 1658 788 1691 universalem
810 1659 898 1696 vim,
922 1659 1016 1701 cujus
1051 1658 1253 1689 existentiam
1285 1668 1398 1690 omnes
1427 1659 1630 1700 experimur,

145 1724 309 1758 quamque
333 1715 521 1755 gravitatem
554 1716 760 1747 nominamus
776 1739 786 1754 ‚
817 1725 882 1758 qua
907 1715 1016 1746 omnia
1042 1714 1103 1745 sub
1133 1721 1214 1746 terra
1250 1721 1345 1758 atque
1369 1715 1404 1746 in
1431 1714 1521 1746 coelo
1545 1715 1632 1746 ordi-

144 1777 289 1809 nantur,
320 1769 414 1801 uobis
442 1771 608 1813 probavit3
637 1771 827 1815 regulasque
858 1782 894 1803 ac
932 1771 1070 1803 rationes
1104 1770 1447 1817 verae-philophandi.
1479 1771 1628 1809 *methodi

145 1827 296 1871 pracepit.
340 1827 412 1858 Jam
437 1828 552 1858 veritas
585 1827 625 1859 de
654 1827 836 1865 erroribus,
870 1838 945 1858 sana
975 1828 1057 1859 ratio
1091 1827 1231 1858 humana
1261 1827 1301 1858 de
1324 1827 1545 1871 praejudiciis,
1568 1839 1631 1871 pu·

148 1895 206 1915 rus
227 1885 285 1915 Dei
307 1882 414 1914 cultus
434 1882 473 1914 de
492 1885 737 1927 superstitione,
769 1884 846 1927 quid
874 1884 1003 1915 dicam?
1033 1884 1124 1915 notio
1146 1885 1270 1927 Optimi
1292 1885 1480 1927 Summique
1502 1886 1629 1916 Creato-

128 1969 137 1983 ι
153 1941 200 1973 ris
227 1939 440 1984 omniumque
471 1942 712 1974 conservatoris
736 1941 777 1974 de
800 1941 883 1973 fictis
909 1941 948 1972 ab
968 1941 1155 1985 antiquitate
1168 1932 1237 1973 Diis
1257 1947 1352 1985 atque
1378 1929 1418 1974 de
1432 1941 1534 1984 geniis
1557 1950 1628 1972 coe-

882 1999 910 2032 C
938 2010 955 2030 2
1567 1996 1629 2029 les·
