1913 2417
255 175 640 209 COMMENTATIO
670 184 718 207 AD
747 175 1118 214 QUAESTIONEM
1142 173 1431 214 JURIDICAM.
1560 183 1599 214 43

81 260 228 297 zoaram,
249 260 271 289 l.
294 260 316 289 Ι.
337 269 368 296 p.
386 269 462 299 504,
486 268 534 296 sq.
574 259 697 294 Insuper
711 266 745 287 ex
764 259 856 287 eadem
872 257 1068 294 disputatione
1089 258 1166 294 apud
1188 259 1296 294 Locris,
1317 258 1338 289 l.
1361 259 1383 287 l.
1405 256 1588 295 perspicuum

80 317 148 347 est,
174 311 332 340 articulum
352 319 418 347 113.
445 311 482 339 iis
509 316 618 340 tantum
650 308 789 345 applicari
814 317 920 345 posse,
949 316 1071 343 quorum
1097 309 1184 337 vitam
1207 310 1376 346 agnoverint
1398 309 1438 344 ii,
1465 315 1587 344 quorum

78 361 229 391 interesset
254 361 392 390 Absentis
429 360 623 390 conditionem
649 360 782 388 incertam
815 359 934 394 haberi,
963 365 990 387 et
1015 359 1071 388 hoc
1095 360 1124 388 in
1152 369 1244 396 casu,
1272 361 1339 389 licet
1365 361 1505 390 incertum
1531 358 1590 393 sit,

77 412 130 442 ubi
153 418 289 441 terrarum
315 412 397 448 degat
417 411 552 447 Absens,
573 410 714 440 notarium
738 410 943 438 nominandum
968 418 1046 445 esse,
1074 416 1105 438 ut
1128 412 1190 448 ejus
1215 420 1364 448 personam
1386 416 1465 448 gerat
1485 410 1514 439 in
1536 418 1585 439 ne-

75 462 166 499 gotiis
195 471 230 491 ex
260 461 425 491 hereditatis
457 462 602 491 divisione
629 462 774 491 oriundis.
813 460 889 490 Idem
915 461 998 490 etiam
1029 461 1160 497 obtinet,
1191 463 1308 498 quando
1336 463 1433 499 negari
1463 461 1587 497 nequit,

75 513 198 542 Absenti
218 513 399 542 hereditatem
419 514 477 551 J'am
500 513 654 542 obvenisse
682 518 834 548 antequam
858 512 983 548 abierat,
1004 512 1065 541 sive
1090 512 1163 541 illud
1185 512 1304 549 publice
1326 519 1427 541 notum
1447 512 1503 547 sit,
1527 512 1587 540 sive

77 562 121 599 ii,
149 571 274 600 quorum
296 564 432 600 interest,
455 564 544 593 certis
566 563 682 593 indiciis
706 564 827 599 probare
849 563 985 600 possint,
1005 563 1162 592 Absentem
1188 571 1257 592 tunc
1285 564 1422 600 temporis
1446 564 1538 592 adhuc
1559 564 1590 592 in

75 614 153 643 vivis
169 614 280 651 fuisse3
306 616 369 645 add.
392 616 618 654 Spangmberg,
640 614 682 643 acl
698 620 759 643 art.
779 622 842 651 135.
864 620 923 643 not.
943 623 969 644 2.
990 621 1018 642 et
1037 614 1213 650 Proudhon,
1235 614 1325 645 Tom.
1340 615 1365 644 Ι.
1387 624 1417 651 p.
1437 623 1502 650 142.
1523 614 1587 643 init.

76 664 137 694 vid.
155 665 238 694 etiam
256 666 396 695 sententia
409 667 515 695 Curiae
531 674 697 702 supremae,
713 665 772 693 diei
790 665 824 693 16
835 664 906 694 Dec.
926 665 1010 700 1807.
1027 666 1103 701 apud
1121 665 1274 694 Romlonn.
1285 685 1295 700 ,
1310 665 1397 696 Tom.
1405 666 1461 695 111.
1479 666 1588 702 p.446.

120 715 199 744 Haec
215 716 305 753 igitur
323 718 393 746 satis
410 725 554 753 superque
565 716 644 753 Juris
662 716 792 745 hodierni
809 716 999 752 indagatorem
1016 717 1138 752 docent,
1157 722 1233 745 artt.
1252 724 1325 752 135,
1343 726 1402 754 sqq.
1425 717 1507 745 etiam
1533 725 1595 752 per·

79 765 170 794 tinere
200 767 235 795 ad
263 767 383 803 primam
412 767 566 796 Absentiae
597 767 764 803 periodum:
793 773 820 795 et
845 775 911 795 sane
942 775 1000 795 non
1026 767 1095 794 adeo
1119 767 1294 802 querendum
1318 773 1362 795 est
1387 768 1421 795 de
1444 767 1597 802 iniquitate

79 815 168 854 hujus
192 816 367 853 decisionis,
398 826 471 853 quae
502 817 595 846 statim
622 824 690 853 post
718 817 876 846 discessum
901 816 1090 845 coheredibus
1115 819 1207 844 avaris
1230 822 1402 852 potestatem
1433 817 1524 845 facere
1549 817 1593 845 vi-

78 866 180 903 detur,
204 867 344 896 Absentis
369 869 457 898 vitam
482 869 511 898 in
534 868 654 897 dubium
682 868 824 903 vocandi,
854 875 881 896 et
906 876 957 903 spe
980 868 1053 896 lucri
1077 868 1203 904 ejusdem
1227 867 1407 896 hereditatem
1431 869 1466 897 ad
1489 876 1520 896 se
1539 874 1594 897 tra·

79 916 182 947 hendi:
214 927 278 947 nam
304 918 371 947 licet
397 927 457 949 non
484 927 621 956 negemus
649 919 792 955 ejusmodi
825 918 1015 946 coheredibus
1037 917 1067 946 in
1095 924 1157 948 art.
1184 927 1255 954 135,
1279 928 1339 956 sqq.
1365 919 1436 948 satis
1462 919 1597 955 praesidii

79 976 164 1005 esse,
187 976 220 997 ut
243 970 318 1006 juris
341 971 441 999 colore
468 971 632 1000 aviditatem
657 978 735 997 suam
761 976 876 1006 tegant,
898 969 980 998 facile
1006 976 1101 997 tamen
1123 969 1250 1004 quisque
1269 969 1425 1006 intelligit,
1446 979 1539 1007 neque
1561 971 1596 999 ab

81 1018 168 1048 altera
193 1026 272 1056 parte
295 1020 467 1057 defuturos,
490 1030 614 1058 quorum
639 1020 772 1055 intersit,
798 1020 936 1048 Absentis
959 1020 1045 1049 vitam
1069 1021 1099 1049 in
1120 1019 1240 1048 dubium
1264 1028 1324 1048 non
1348 1021 1467 1056 vocari,
1489 1022 1598 1057 quique

85 1069 131 1097 sic
155 1069 326 1099 coheredum
349 1071 519 1100 insolentiae
542 1081 571 1101 se
597 1078 767 1108 opponent,
797 1077 826 1098 et
847 1070 1013 1107 probabiles
1042 1064 1165 1098 rationes
1188 1069 1285 1098 afferre
1311 1071 1510 1108 conabuntur,
1534 1072 1601 1108 qui-

79 1117 137 1147 bus
161 1119 316 1156 evincant,
347 1122 452 1152 nemini
477 1124 533 1152 huc
561 1131 653 1158 usque
679 1123 712 1151 de
744 1121 883 1150 Absentis
907 1121 966 1150 vita
989 1120 1199 1149 dubitationem
1223 1121 1356 1158 injectam
1379 1130 1458 1158 esse,
1489 1130 1522 1152 ut
1546 1124 1600 1152 ali-

80 1170 219 1205 quamdiu
245 1172 342 1200 saltem
371 1173 524 1202 coheredes
550 1173 636 1202 bonis
665 1173 807 1202 abstinere
836 1179 988 1209 cogantur.
1037 1172 1078 1200 Et
1104 1171 1146 1199 sic
1170 1171 1246 1200 forte
1269 1172 1496 1209 Delvincurtm
1526 1175 1548 1203 l.
1570 1175 1593 1204 l.

79 1227 111 1255 p.
137 1221 202 1256 356.
231 1227 259 1250 et
287 1222 538 1263 Spangenbergio‚
566 1223 608 1252 ad
630 1229 693 1253 art.
712 1224 777 1260 136.
807 1229 867 1252 not.
885 1231 912 1259 3.
940 1223 1157 1251 assentiendum
1184 1229 1245 1258 est,
1266 1224 1302 1252 ad
1328 1223 1470 1253 Tribunal
1492 1225 1599 1261 primae

77 1268 233 1299 iistantiae
255 1279 289 1300 ex
312 1280 455 1304 art.112.
478 1276 578 1304 talium
601 1275 695 1304 litium
720 1274 869 1303 arbitrium
895 1273 1055 1309 pertinere,
1079 1279 1107 1302 et
1126 1274 1251 1311 judicem
1277 1284 1343 1312 arg.
1362 1281 1422 1305 art.
1443 1284 1506 1312 117.
1519 1297 1530 1311 ,
1557 1277 1600 1306 si.

78 1326 115 1349 ve
138 1328 172 1349 ex
198 1322 355 1352 Absentiae
376 1325 510 1361 caussis,
537 1326 599 1368 sive
625 1325 764 1369 temporis
791 1325 887 1360 spatio
907 1331 978 1360 post
1003 1325 1165 1353 discessum
1193 1326 1405 1362 praeterlapw,
1435 1327 1591 1364 dijudicare

76 1378 184 1408 posse,
210 1380 245 1401 an
270 1381 364 1403 revera
385 1366 524 1406 Absentis
546 1365 677 1406 conditio
702 1376 808 1404 incerta
827 1375 883 1404 dici
909 1381 1011 1411 queat,
1041 1382 1073 1404 ut
1096 1384 1132 1405 ne
1152 1375 1274 1405 aliorum
1302 1376 1419 1406 avaritia
1453 1379 1590 1415 Absens,

79 1421 131 1458 qui
162 1430 196 1451 eo
226 1423 301 1453 sorte
331 1427 485 1462 proposito
515 1427 665 1464 profectus
695 1433 757 1461 est,
786 1432 819 1455 ut
841 1426 921 1455 brevi
943 1427 1055 1462 redeat,
1085 1428 1260 1463 quandoque
1289 1436 1421 1457 reversus
1453 1429 1590 1465 gravissi-

76 1479 156 1501 mum
178 1474 313 1503 damnum
338 1478 509 1513 experiatur.
551 1479 632 1517 Quid
656 1479 730 1507 enim
754 1476 908 1513 iniquius,
939 1486 1022 1513 quarn
1048 1478 1184 1507 familiam
1212 1479 1352 1508 Absentis
1379 1488 1469 1515 aequo
1495 1480 1592 1510 animo

76 1523 138 1558 pati
167 1524 285 1560 debere,
311 1535 424 1556 omnem
459 1529 641 1558 hereditatem
672 1528 796 1558 Absenti
828 1536 947 1563 quoque
978 1530 1097 1558 delatam
1129 1530 1209 1558 nulla
1235 1530 1370 1558 cautione
1393 1531 1528 1565 praestita
1560 1532 1595 1560 ad

74 1572 241 1601 coheredem
267 1577 436 1614 transferri,
458 1579 536 1615 imo,
558 1580 582 1607 si
606 1580 632 1607 is
656 1579 832 1615 negligenter
857 1578 886 1607 in
914 1578 999 1607 rebus
1024 1579 1085 1608 suis
1105 1586 1254 1614 versetur,
1276 1581 1322 1608 vel
1342 1580 1417 1610 bona
1436 1582 1591 1618 dilapidet,

75 1622 156 1652 brevi
178 1623 345 1661 absorberi,
365 1635 419 1656 nec
444 1629 600 1666 quidquam
624 1637 656 1657 ex
678 1630 741 1666 ejus
767 1629 900 1658 manibus
926 1629 997 1666 eripi
1018 1636 1046 1658 et
1069 1631 1175 1659 servari
1193 1639 1299 1666 posse3
1321 1630 1428 1667 idque,
1450 1632 1516 1662 licet
1531 1633 1594 1663 bre·

72 1673 104 1703 vi
125 1674 188 1703 fore
213 1683 346 1711 sperent,
374 1684 407 1706 ut
435 1679 550 1709 Absens
581 1688 616 1708 ex
640 1680 740 1708 itinere
764 1686 938 1715 revertatur,
961 1687 1010 1710 aut
1033 1682 1167 1710 nuntium
1191 1681 1315 1710 mittat?
1354 1682 1505 1721 Quidquid
1528 1685 1589 1720 sit,

73 1724 255 1754 Procuratori
284 1726 378 1765 Regio
412 1730 440 1758 vi
471 1731 597 1760 muneris
624 1730 762 1760 Absentis
795 1731 956 1760 commodis
982 1732 1130 1768 invigilare
1151 1740 1178 1761 et
1203 1743 1268 1762 cum
1293 1734 1446 1763 Tribunali
1466 1735 1590 1764 consilia

71 1776 284 1807 communicare
305 1778 393 1816 licet,
415 1789 488 1817 quae
508 1791 562 1819 pro
588 1791 618 1810 re
639 1784 705 1810 nata
727 1782 783 1818 ipsi
808 1782 890 1811 utilia
912 1783 1096 1813 videbuntur.
1136 1784 1269 1820 Denique
1284 1793 1343 1813 non
1365 1785 1443 1814 omni
1464 1786 1590 1815 remedio

69 1826 238 1857 destituitur
263 1829 399 1867 Absens,
423 1832 449 1860 si
475 1834 589 1868 quando
614 1834 785 1863 revertitur:
808 1834 975 1869 petitionem
999 1833 1073 1862 enim
1094 1834 1257 1863 hereditatis
1283 1844 1332 1871 per
1355 1845 1392 1872 30
1409 1844 1500 1865 annos
1523 1837 1590 1866 reti-

69 1884 139 1914 net,
167 1885 195 1907 et
215 1887 280 1908 cum
308 1882 363 1910 soli
387 1881 499 1913 fructus
521 1892 555 1913 ex
578 1884 731 1914 hereditate
753 1886 828 1914 bona
857 1884 912 1914 fide
933 1885 1060 1922 percepti
1083 1886 1306 1922 possessoribus
1330 1888 1496 1917 addicantur
1518 1894 1581 1918 art.

73 1929 137 1965 138.
150 1949 160 1965 ‚
183 1930 221 1965 ii,
244 1940 366 1967 quorum
392 1934 527 1972 interest,
552 1945 610 1965 non
617 1935 714 1966 facile
736 1945 827 1973 aequo
851 1937 947 1966 animo
971 1937 1118 1973 patitntur
1141 1937 1254 1966 finctus
1279 1938 1391 1967 inteiim
1409 1947 1423 1967 a
1441 1940 1585 1968 coheredi—

68 1977 123 2009 bus
149 1981 222 2011 mala
243 1981 298 2013 fide
323 1993 478 2024 perceptos
500 1987 574 2026 ipsis
597 1988 737 2025 concedi,
759 1988 860 2017 sinon
883 1988 932 2017 diu
959 1995 1030 2026 post
1054 1990 1088 2018 de
1106 1988 1236 2019 Absente
1257 1990 1327 2027 quid
1348 1989 1523 2024 innotuerit,
1544 1996 1582 2016 au

800 2038 822 2067 F
843 2046 860 2068 2
1554 2037 1582 2068 si
