1913 2417
724 173 1112 208 ORATIO·
1609 184 1660 205 2²⁷

178 270 357 314 pertinere,
395 270 527 312 ejusque
554 267 603 300 vis
634 278 700 299 esse
733 267 868 304 dicitur-3
909 274 967 306 ut,
1008 273 1099 298 motu
1134 265 1283 303 sublato,
1323 264 1401 308 quid
1430 266 1471 296 sit
1503 266 1571 304 vis,
1611 278 1654 299 ne

180 326 315 369 intelligi
346 326 475 369 quidem
507 326 617 369 possit.
683 323 849 366 Quidquid
880 330 986 354 autem
1014 334 1108 354 causa
1135 322 1270 363 alicujus
1299 322 1345 353 rei
1369 321 1529 360 habetur,
1564 322 1595 354 id
1618 329 1650 355 et

177 393 245 413 esse
275 389 306 413 et
336 369 495 425 intelligi,
531 381 633 425 qualis
655 381 717 418 sit,
750 391 805 422 per
830 390 863 410 se
887 386 1009 422 potest,
1041 380 1164 411 etiamsi
1189 378 1275 409 illam
1304 389 1372 410 rem
1394 389 1461 409 non
1487 379 1649 419 efficeret3

178 439 450 481 quemadmodum
489 437 633 469 fremitus
678 436 816 467 chordae
848 435 981 478 intelligi
1018 443 1143 478 potest,
1170 435 1292 466 etiamsi
1319 446 1355 466 ea
1381 435 1508 466 nullum
1536 447 1653 467 sonum

178 494 331 527 redderet.
393 497 475 525 Haec
505 495 532 525 si
566 493 674 537 paullo
707 492 873 535 subtiliora
904 492 1054 523 videntur
1092 503 1187 534 quam
1219 503 1278 534 pro
1307 492 1472 523 occasione
1502 499 1532 523 et
1558 492 1648 532 loco,

176 562 318 594 quaeso.
356 558 393 582 ut
428 551 615 592 ignoscatis,
652 549 755 587 dum,
794 559 874 591 quae
911 556 1171 592 consequantur,
1215 548 1358 591 planiora
1387 548 1565 580 ostendam.

224 609 362 638 Tantum
400 618 478 638 vero
512 606 599 638 abest
632 613 668 637 ut
703 616 813 637 sensus
846 604 935 636 verbi
969 616 1093 648 semper
1125 606 1387 643 meminerimus,
1422 612 1457 636 ut
1488 605 1655 648 plerique,

179 675 253 695 cum
294 674 416 695 novum
451 674 551 706 genus
589 670 695 693 motus
730 661 1010 699 animadvertunt,
1051 663 1081 692 ei
1110 665 1176 692 vim
1209 661 1367 704 aliquam,
1400 668 1553 703 tanquam
1581 673 1655 692 cau-

176 731 244 752 sam
286 731 325 751 ex
369 730 433 762 qua
464 720 623 756 oriretur,
663 719 818 749 continuo
853 717 1048 758 subjiciant,
1088 728 1123 748 ac
1152 717 1213 749 sibi
1246 717 1455 760 persuadeant
1494 717 1572 748 duas
1607 728 1658 749 res

178 777 272 820 plane
302 775 464 813 diversas,
507 783 575 806 turn
605 782 753 812 motum,
793 780 862 804 tum
893 775 1019 804 causam
1051 774 1140 815 ejus,
1181 785 1198 804 a
1231 784 1264 804 se
1293 779 1431 816 repertas
1462 783 1539 804 esse.
1607 773 1658 804 Ex

176 843 243 875 quo
285 831 424 863 efficitur
465 839 500 862 ut
546 831 585 862 de
627 831 685 861 hac
722 841 815 861 causa
850 830 998 873 deinceps
1031 830 1122 872 plura
1158 830 1375 870 disserentes,
1408 830 1441 860 in
1468 829 1660 872 corporibus

176 888 300 931 aliquid
335 895 482 931 ponant,
518 888 608 930 quod
639 889 671 917 in
707 887 745 918 iis
779 898 845 917 non
881 887 984 924 inest3
1021 893 1075 924 et,
1113 887 1202 929 quod
1234 888 1324 929 pejus
1353 885 1488 923 accidit,
1533 885 1657 928 decepti

175 943 251 975 falsa
286 945 389 987 specie
419 954 530 975 causae
558 944 761 974 abducuntur
793 954 810 973 a
845 944 926 973 veris
955 944 1058 974 causis
1085 943 1285 985 indagandis.
1349 943 1395 973 lta
1422 941 1508 985 apud
1534 942 1654 972 chemi-

177 1011 254 1038 cos,
294 1007 331 1031 ut
363 999 426 1032 sere
459 1001 498 1031 iis
530 1011 600 1031 mos
629 1011 717 1030 nuno
748 1006 819 1038 est,
851 999 1017 1030 dividendi
1047 1000 1203 1030 elementa
1231 1000 1264 1030 in
1290 1010 1326 1030 ea
1351 1010 1432 1042 quae
1456 998 1657 1030 comburun-

175 1063 267 1094 tur,r
297 1067 399 1099 eaque
429 1056 623 1099 quibuscum
657 1067 689 1087 se
721 1057 804 1086 inter
838 1055 1096 1086 comburendum
1128 1057 1332 1098 conjungunt
1360 1054 1464 1097 (7),
1502 1054 1657 1085 nonnulli

176 1119 356 1144 statuerunt.
383 1119 530 1155 oportere
562 1113 664 1143 inesse
692 1113 726 1142 in
755 1111 860 1142 alteris
889 1114 955 1143 vim
983 1111 1122 1154 aliquam
1152 1111 1199 1142 ad
1222 1112 1459 1149 incensionem,
1489 1112 1524 1142 iu
1551 1110 1656 1142 alteris

176 1169 224 1200 ad
250 1168 485 1201 incendendum
517 1175 644 1211 aptam;
683 1168 721 1199 de
752 1168 871 1211 quibus
903 1167 1026 1199 viribus
1058 1174 1228 1210 postquam
1252 1169 1312 1199 alia
1335 1167 1431 1199 verba
1458 1167 1550 1210 plura
1575 1167 1657 1198 fece-

173 1232 278 1263 runt,
317 1225 487 1268 magnifice
517 1225 739 1264 concludunt,
773 1235 840 1256 esse
874 1225 908 1255 in
933 1224 1098 1256 elementis
1125 1235 1232 1255 rerum
1260 1225 1340 1256 duas
1365 1227 1448 1256 vires
1469 1225 1656 1267 oppositas,

176 1282 376 1320 contrarias,
416 1293 601 1324 pugnaces,
641 1282 760 1325 quibus
790 1281 910 1312 bellum
935 1282 1166 1324 sempiternum
1198 1281 1356 1312 indictum
1380 1288 1450 1320 est,
1484 1292 1550 1324 quo
1575 1292 1653 1312 con-

176 1337 277 1378 flato,
312 1345 447 1381 utraque
479 1338 662 1370 debilitatur
678 1361 686 1377 ‚
720 1345 774 1368 aut
796 1337 885 1369 nulla
907 1337 945 1369 fit
964 1339 1062 1381 (quia
1089 1349 1205 1381 nempe
1229 1338 1318 1381 quod
1343 1338 1452 1381 aliquo
1481 1337 1579 1369 modo
1605 1348 1652 1368 se·

176 1395 239 1426 mel
273 1394 479 1426 combustum
511 1396 573 1434 sit,
616 1394 648 1425 id
682 1394 795 1426 eodem
832 1394 929 1426 modo
962 1406 1029 1425 non
1061 1395 1263 1426 comburitur
1295 1395 1447 1435 iterum.)
1482 1396 1546 1434 Qui
1572 1393 1655 1425 nihil

175 1456 274 1493 agunt
304 1462 401 1494 quam
431 1459 468 1483 ut
499 1451 596 1483 verba
629 1462 686 1483 sua
720 1457 929 1490 convertant,
977 1459 1009 1482 et
1051 1451 1140 1494 quod
1184 1451 1426 1489 definiverunt,
1467 1451 1499 1481 id
1541 1460 1652 1481 rursus

174 1507 385 1539 concludant..
441 1510 560 1539 Verum
595 1508 657 1539 hoc
693 1509 823 1551 insuper
855 1508 1092 1545 committunt,
1135 1515 1172 1538 nt
1206 1519 1280 1539 cum
1309 1509 1343 1538 in
1373 1507 1431 1538 hac
1460 1507 1582 1537 ratione
1610 1507 1652 1537 sit

173 1562 307 1594 vocibus
330 1564 527 1595 comburenti
551 1570 582 1594 et
609 1565 771 1594 combusto
802 1574 914 1594 sensus
944 1564 1018 1594 satis
1052 1564 1136 1594 latus
1162 1563 1348 1605 subjectus,
1372 1573 1438 1593 uuo
1467 1562 1528 1593 hoo
1553 1562 1657 1593 verbo*

175 1619 314 1651 obscuro
347 1623 377 1650 νί
413 1620 521 1662 plures
553 1620 658 1650 celent
688 1631 737 1650 res
763 1627 794 1650 et
817 1621 909 1662 quasi
933 1630 951 1650 e
975 1619 1083 1650 medio
1107 1618 1238 1658 tollant,
1267 1630 1350 1662 quae
1377 1619 1503 1661 ignotae
1529 1618 1654 1658 adhuc,

175 1681 281 1707 tamen
316 1676 500 1718 investigari
529 1674 683 1714 fortasse,
717 1682 750 1706 at
778 1675 913 1718 intelligi
946 1681 1030 1706 certe
1052 1682 1201 1718 possunt.
1261 1676 1362 1707 Error
1389 1682 1493 1706 autem
1517 1675 1652 1717 putandi

175 1732 242 1762 vim
278 1742 344 1763 esse
382 1743 452 1763 non
485 1742 626 1770 nomen,
665 1732 720 1763 sed
748 1743 874 1764 causam
910 1739 1041 1770 motus,
1072 1732 1149 1762 oriri
1177 1731 1304 1762 videtur
1327 1742 1345 1762 e
1370 1731 1478 1774 lingua
1504 1731 1652 1774 physico·

176 1798 271 1827 rum,
305 1789 389 1819 vires
422 1795 575 1827 naturae,
607 1794 643 1818 ut
670 1789 784 1830 ajunt,
815 1789 1050 1820 dimetientium
1072 1795 1104 1819 et
1130 1788 1258 1819 calculis
1282 1789 1525 1819 aestimantium.
1588 1787 1649 1819 Sed

177 1843 205 1874 si
238 1844 273 1875 in
297 1854 365 1875 rem
394 1844 507 1875 sedulo
536 1846 759 1888 inquiramus,
794 1847 988 1888 reperiemus
1011 1855 1066 1876 eos
1091 1851 1214 1876 tantum
1241 1843 1384 1876 conferre
1408 1845 1546 1875 rationes
1570 1844 1652 1875 cele·

178 1899 329 1938 rnatum,
380 1901 556 1943 spatiorum
591 1907 623 1932 et
657 1901 898 1943 quantitatum3
941 1908 978 1932 ut
1010 1902 1134 1932 etiamsi
1169 1901 1256 1931 nulla
1287 1911 1431 1943 unquam
1463 1899 1571 1930 fuisset
1602 1900 1650 1931 vis

179 1955 333 1999 appellata
348 1980 358 1997 ‚
394 1966 590 2000 quamquam
622 1957 732 2001 paullo
762 1958 944 1991 inusitatius
965 1964 997 1988 et
1020 1957 1101 1990 forte
1125 1958 1234 1989 minus
1260 1957 1428 1989 commode
1452 1957 1550 1989 locuti
1575 1955 1649 1987 suis-

913 2015 939 2046 C
963 2013 983 2046 3
1564 2019 1652 2053 sent,
