1913 2417
298 151 325 197 ὂ
739 164 788 196 M.
876 160 909 193 s,
994 150 1071 191 ‘nn
1137 150 1338 198 -P'111‚

341 254 509 285 Laetemur
530 251 611 284 illud
628 251 710 283 latus
729 248 834 281 claudi
866 248 882 279 ὲ
906 248 991 280 Viris
1013 246 1251 286 Celeberrimis‚
1284 246 1430 278 omnium
1455 244 1581 280 Artium
1602 252 1640 278 et·
1659 247 1768 279 scien«

299 309 415 341 tiarum
444 309 691 345 professoribus,
723 317 792 337 mea
822 305 914 336 laude
948 305 1043 347 longe
1085 304 1280 346 majoribus,
1305 303 1364 347 qui
1396 305 1456 335 hoc
1482 305 1517 335 in
1549 304 1664 346 primis
1691 314 1771 337 con·

297 367 436 398 tendunt
450 357 470 404 ‚⁵
499 373 534 397 ut
562 367 594 396 in
626 364 755 395 Artium
773 368 805 392 et
835 361 1043 392 Scientiarum
1076 363 1228 404 Emporio
1262 361 1388 404 probati
1421 367 1453 391 et
1483 360 1610 392 civitate
1641 361 1770 401 donati3

299 420 385 461 suas,
405 413 484 465 quas
499 423 517 453 Ξι
534 417 968 462 Decessoribus'acceperunt
986 420 1078 449 Artes
1092 425 1126 449 et
1139 418 1305 455 scientias,
1318 424 1350 449 et
1367 428 1504 460 quarum
1521 418 1684 460 pomoeria
1696 428 1770 460 prm

299 479 468 515 tulerunt,
503 477 708 510 Academicae
731 476 896 506 Juventuti
923 473 1098 506 infundant
1120 485 1259 517 cumque
1288 474 1397 505 eadem
1431 474 1693 511 communicent,
1715 479 1769 512 ut,

298 547 379 580 quae
398 546 453 578 per
469 533 613 565 traduces
640 538 858 575 propagantur
873 554 883 569 ‚
911 531 1008 562 veluti
1037 530 1182 562 fluminis
1205 531 1288 568 ritu,
1311 530 1350 561 ad
1370 532 1513 562 Posteros
1545 530 1687 561 ferantur
1709 529 1770 562 sies

296 578 359 635 ἔμε
385 601 552 634 nunqnam
576 599 642 620 non
665 588 871 619 inveniantur
895 590 1116 631 insequentes,
1138 589 1291 619 continua
1314 597 1375 619 nec
1401 589 1578 630 interrupta
1600 587 1680 619 serie
1703 585 1769 618 As:-

295 654 342 679 tes
363 655 394 679 et
417 647 568 678 Scieutias
591 645 811 676 conservaturi
834 651 928 687 atque
950 644 1159 676 emendaturi.

340 707 429 744 Quos
466 704 548 736 inter
579 702 724 747 quinque
768 702 854 732 viros
895 700 1114 740 clarissimos,
1160 711 1350 732 YPEYIUM
1375 723 1387 739 ,
1428 709 1740 732 iim-‚mmmmm
1756 716 1768 740 4

293 772 338 792 ⁴113
375 770 606 796 wanzunm,
641 768 856 795 romaum,
885 765 916 788 et
948 760 1267 796 TYDEMAruvnMss
1298 757 1378 788 rude
1398 758 1469 804 jam,
1489 756 1626 788 donatos
1643 763 1768 799 etpro-

293 824 363 861 pter
392 824 522 848 aetatem
555 814 645 845 omni
668 813 859 857 Disciplinae
883 825 979 846 onere
1004 814 1167 853 liberatos,
1199 825 1251 845 me
1283 815 1449 846 nominare
1470 820 1501 844 et
1520 813 1655 844 salutare
1675 814 1767 856 poss‘e

289 875 362 917 quis
381 885 448 905 non
465 871 619 904 laetetur?
641 870 789 901 Nomima
819 872 961 902 virorum
992 870 1143 909 illorum,
1175 881 1214 901 ex
1237 881 1377 913 quorum
1414 870 1529 902 solida*
1548 870 1693 901 doctrina
1710 871 1765 902 “in

288 931 404 976 quovis
435 928 682 971 Disciplinarum
713 938 850 970 genere,
888 927 1006 970 quibus
1028 927 1204 966 excellunt,
1245 934 1364 959 tantam
1399 927 1532 970 gloriam
1571 933 1602 958 et
1628 926 1767 969 acquisis

290 993 337 1018 vit
365 992 396 1017 et
437 984 621 1017 adhucdum
659 983 796 1027 acquirit
831 983 1001 1016 Academia
1025 1007 1038 1022 ‚
1084 990 1203 1016 tantam
1250 985 1419 1016 utilitatem
1451 982 1767 1016 Juvemus.Acade-·

287 1043 387 1079 mica,
412 1047 518 1072 tantos
547 1040 670 1072 fructus
697 1039 793 1071 Orbis
831 1039 1005 1078 litteratus,
1035 1039 1136 1071 nobis
1157 1037 1233 1071 'cara
1258 1041 1322 1072 sint
1344 1048 1439 1084 atque
1463 1051 1504 1071 eo
1525 1040 1663 1075 cariora,
1697 1041 1767 1081 quo‘

285 1099 393 1129 minus
420 1100 541 1129 Eorum
569 1108 648 1128 cana
678 1102 823 1128 senectus
859 1107 919 1126 nos
952 1102 1034 1127 vetet
1071 1094 1220 1128 inchoare
1255 1107 1343 1140 spem
1377 1095 1520 1139 longam!
1563 1097 1682 1127 Vivant
1705 1094 1762 1126 ad-

284 1154 348 1185 huc
375 1153 450 1192 diu,
486 1152 612 1197 precor!
643 1160 675 1185 et
714 1153 905 1185 Academiae
930 1159 962 1184 et
991 1154 1158 1184 Juventuti
1191 1153 1394 1185 Academicae
1424 1160 1456 1184 et
1483 1153 1610 1184 Litteris
1645 1150 1760 1184 untes!

282 1212 400 1242 Vivant
433 1210 538 1242 adhuc
572 1208 644 1241 diu!
680 1211 799 1240 Eorum
830 1210 933 1252 capita
964 1216 996 1241 et
1019 1220 1090 1242 cara
1114 1216 1146 1242 et
1168 1220 1246 1242 cana
1275 1219 1464 1243 veneremur
1497 1211 1683 1253 Eorumque
1701 1219 1764 1244 ru-v

283 1278 339 1311 gas
365 1268 479 1307 seniles
496 1268 583 1309 justo
604 1276 764 1310 ponamus
778 1264 896 1309 pretio!

322 1383 510 1418 Laetemur‚
533 1379 620 1423 quod
646 1379 708 1410 hoc
731 1377 842 1409 eodem
868 1377 1087 1411 doctrinarum
1111 1381 1263 1423 Emporio
1286 1378 1472 1412 Academiae
1498 1378 1761 1422 Lugduno-Ba-

283 1443 372 1468 tavae
397 1436 557 1468 Alumnos
584 1435 663 1466 mihi
694 1435 854 1477 adspicere
885 1435 995 1474 liceat,
1019 1437 1139 1478 quibus
1174 1443 1210 1468 ut
1245 1436 1368 1467 discant
1403 1436 1503 1468 bonas
1538 1439 1653 1470 Artes.
1685 1446 1754 1467 non

277 1504 359 1536 opus
380 1499 427 1524 est
453 1492 690 1530 admonitione3
719 1507 760 1516 --
785 1492 842 1534 qui
873 1490 956 1522 ultro
974 1499 1005 1523 et
1032 1494 1126 1524 tantis
1148 1493 1326 1524 celebribus
1352 1493 1437 1524 Viris
1463 1492 1676 1523 monitoribus
1701 1492 1752 1523 in-

279 1550 366 1581 citati
391 1560 552 1593 quamque
583 1549 762 1579 doctrinam
797 1554 829 1578 ct
859 1548 1023 1579 scientiam
1047 1549 1080 1579 iu
1108 1550 1209 1593 pretio
1245 1548 1363 1580 habent
1384 1550 1430 1579 'et
1463 1549 1542 1579 tanti
1569 1551 1753 1587 aestimantj

277 1612 314 1636 ut
338 1606 450 1638 ardui-e
474 1605 616 1638 discendi
637 1606 829 1636 Docentium
867 1604 984 1635 aemuli
1011 1605 1075 1636 sint
1107 1606 1215 1648 sicque
1247 1605 1397 1648 augurari
1422 1605 1534 1643 liceat,
1565 1615 1603 1636 ex
1627 1604 1759 1636 discen-⁸·

277 1663 356 1693 tium
400 1669 558 1706 proventu
597 1673 664 1692 non
700 1659 910 1698 defuturum,
951 1661 1051 1703 quin,
1090 1672 1170 1704 quos
1210 1662 1289 1693 aluit
1314 1661 1759 1703 Academiasinvosoerum-

275 1719 402 1750 Artium
433 1726 465 1750 et
492 1719 718 1756 Scieiniarum,
755 1728 829 1748 cum
857 1716 1167 1758 conservandarum,
1198 1716 1267 1751 tuin
1291 1718 1510 1763 augendarum
1533 1717 1661 1749 taudem
1689 1715 1747 1747 ali-

279 1774 410 1817 quando
438 1776 503 1806 sint
521 1781 667 1819 parentes
693 1780 788 1818 atque
813 1773 938 1805 altores.

319 1889 485 1919 Laetemm·
500 1889 658 1933 denique,
681 1889 768 1933 quod
780 1912 788 1927 ,
812 1889 867 1933 qui
885 1887 1102 1920 doctrinarum
1119 1889 1229 1933 copia,
1245 1887 1426 1920 eruditione
1445 1887 1543 1930 atque'
1556 1888 1589 1919 in
1611 1887 1745 1919 Litteras

271 1953 379 1975 amore
400 1946 574 1986 excellunt,
605 1954 659 1978 aut
692 1949 749 1990 qui
778 1956 868 1978 suain
901 1943 1078 1978 doctrinam
1096 1948 1098 1952 '
1116 1947 1161 1977 ab‘
1186 1937 1249 1977 had
1277 1945 1358 1977 alma
1392 1946 1604 1977 scientiarum
1641 1952 1741 1975 matre

1665 2000 1749 2031 hau-
