1913 2417
261 177 302 216 24
710 177 1274 212 J.12.E.V011TE

263 270 430 302 ticularum
461 276 492 302 et
523 270 689 308 structuris
724 271 944 312 crystallorum
962 302 965 306 ,
986 274 1077 314 Hauy
1106 273 1361 311 demonstravit,
1392 278 1465 314 post
1499 282 1581 315 quae
1615 272 1732 305 Dalton

265 327 352 358 haud
391 328 500 358 minus
527 327 731 370 probabiliter
761 327 800 357 de
834 333 1016 359 atomorum
1048 340 1183 360 numero
1217 336 1248 360 et
1286 328 1429 371 pondere
1452 328 1580 367 docuit3
1602 331 1734 372 reperie-

266 395 338 414 mus
364 383 413 414 vel
440 384 473 414 in
497 383 545 413 his
569 383 756 413 certioribus
782 389 900 414 tantam
931 385 1113 415 varietatem
1142 386 1328 422 rationum,
1352 391 1389 415 ut
1413 385 1530 415 mirum
1559 386 1600 415 sit
1626 396 1739 427 quem.

265 450 361 482 quam
388 439 492 470 adhuc
516 438 629 469 audere
653 438 754 480 legem
779 438 918 481 aliquam
945 439 1028 470 ultra
1054 440 1106 478 id,
1129 441 1163 471 iu
1188 452 1254 482 qno
1281 447 1403 482 reperta
1433 442 1490 479 sit,
1513 441 1692 473 extendere.

312 495 444 527 Accedit
477 501 581 525 autem
610 494 670 525 hoc
698 501 839 537 tempore
872 495 960 538 quod
993 497 1165 538 geometria
1197 497 1264 527 suis
1296 495 1443 527 formulis
1475 497 1567 539 plura
1602 508 1742 540 compre·

267 551 426 589 hendens,
455 561 511 581 sua
543 550 670 581 certiori
701 550 810 592 lingua
841 562 1077 594 nonnunquam
1108 551 1228 594 aliquid
1256 553 1333 582 certi
1364 553 1440 594 ipsis
1474 553 1570 584 rebus
1600 553 1740 584 tribuere

268 607 403 640 videtur.
459 605 553 646 Quod
576 607 681 645 enim,
713 613 748 638 ut
777 614 849 638 ante
876 607 962 647 dixi,
994 608 1140 639 utilitatis
1177 608 1406 651 consequimur
1429 619 1467 639 ex
1492 609 1561 650 ejus
1592 608 1742 640 formulis

269 663 443 706 empiricis,
474 662 562 705 quod
596 662 732 694 breviter
757 670 788 694 et
812 664 946 695 strictim
978 664 1062 695 idem
1091 664 1130 695 de
1163 664 1258 695 rebus
1290 663 1448 695 similibus
1475 664 1674 706 significent,
1703 676 1742 696 eo

269 719 430 750 abutimur
467 720 592 761 quoties
621 730 672 750 eas
702 718 741 749 ad
777 731 860 750 nova
894 727 925 751 et
959 720 1105 751 nondum
1140 726 1302 763 perspecta
1332 726 1448 750 temere
1468 719 1632 752 transferri
1657 722 1741 752 sina-

269 786 358 813 mus3
381 774 469 817 quod
497 785 536 806 eo
568 776 667 818 magis
691 775 993 818 reprehendendum
1025 776 1171 813 videtur,
1203 772 1271 819 quo
1307 777 1334 806 si
1369 775 1538 818 prudentia
1566 787 1648 819 opus
1680 777 1740 815 sit,

268 831 346 862 dum
376 831 409 861 in
433 831 508 873 ipsis
531 831 626 862 rebus
648 843 833 871 versamur,
867 844 907 864 ne
929 832 1004 863 falsa
1030 833 1135 875 specie
1164 831 1383 862 similitudinis
1417 832 1632 874 decipiamur,
1655 832 1740 863 mul-

270 893 303 918 to
332 887 483 928 majorem
516 887 659 919 adhiberi
690 895 835 932 oportet,
870 889 941 927 ubi,
972 888 1067 920 rebus
1101 899 1120 919 e
1155 894 1329 930 conspectu
1362 888 1517 927 remotis,
1548 889 1639 931 sigua
1668 895 1738 919 tan-

273 949 341 974 tum
376 949 578 985 spectamus,
614 947 799 987 praesertim
834 945 860 975 si
890 945 923 975 in
958 945 996 975 iis
1032 944 1187 987 quaedam
1227 945 1395 987 praecipua
1425 943 1557 976 facilitas
1590 945 1672 975 inest
1699 943 1740 975 ad

275 1000 382 1030 omnia
404 1000 625 1042 exaequanda,
648 1000 776 1043 qualem
803 1001 882 1032 ratio
910 1000 1086 1031 matheseos
1109 1001 1266 1043 imprimis
1290 999 1389 1031 affert.

320 1056 426 1097 Atque
456 1057 514 1086 hoc
538 1055 607 1086 loco
640 1067 678 1087 ex
708 1056 858 1087 chemicis
883 1068 1056 1100 quaeram,
1086 1067 1165 1088 num
1192 1058 1226 1087 in
1257 1058 1295 1087 iis
1320 1056 1504 1096 laboribus,
1536 1056 1654 1099 quibus
1679 1063 1743 1088 tam

276 1110 432 1154 praeclare
459 1121 562 1154 nuper
584 1111 801 1143 incubuerunt
829 1112 868 1144 ad
900 1114 1141 1156 proportionem
1168 1112 1395 1143 inveniendam
1429 1123 1492 1155 qua
1523 1112 1665 1144 diversae
1687 1122 1743 1143 na·

279 1174 367 1199 turae
391 1169 628 1210 conjungantur
643 1192 652 1208 ,
681 1180 748 1211 quo
774 1169 936 1200 interdum
968 1168 1096 1201 adducti
1123 1169 1187 1200 sint
1215 1169 1439 1209 convenientia
1464 1169 1604 1212 speciosa
1628 1175 1664 1199 ut
1688 1167 1743 1200 de-

280 1227 486 1256 terminarent
514 1225 676 1267 portiones
700 1226 792 1256 certis
815 1232 910 1268 atque
941 1225 1089 1256 rotundis
1118 1226 1278 1263 numeris,
1306 1235 1389 1267 quos
1418 1231 1492 1256 utut
1521 1224 1627 1257 faciles
1645 1235 1741 1267 expe-

279 1283 414 1313 rimenta
442 1291 509 1312 non
536 1281 853 1324 comprobaverunt3
884 1292 963 1312 num
991 1281 1128 1324 analysis
1154 1281 1311 1323 imprimis
1336 1291 1466 1319 earum,
1496 1292 1575 1324 quas
1609 1291 1743 1323 corpora

280 1337 464 1368 animalium
494 1344 525 1368 et
556 1337 681 1380 plantae
713 1337 879 1368 continent
903 1344 957 1368 aut
985 1337 1171 1380 perficiunt,
1195 1348 1261 1368 nou
1289 1339 1414 1380 saepius
1444 1336 1527 1379 leges
1553 1336 1742 1375 mutandas,

278 1405 374 1437 quam
404 1394 618 1425 extendendas
649 1404 715 1426 esse
747 1393 908 1431 docueritz,
933 1404 1013 1424 num
1038 1400 1218 1424 constantes
1246 1404 1327 1436 quae
1359 1393 1400 1424 ab
1431 1394 1469 1424 iis
1495 1400 1637 1436 repertae
1666 1398 1742 1424 sunt

278 1450 381 1493 leges,
416 1461 481 1481 non
513 1461 551 1481 ex
585 1450 654 1481 solo
690 1461 848 1482 consensu
882 1451 1173 1492 experimentorum
1207 1459 1297 1480 suam
1335 1449 1432 1481 fidem
1459 1457 1491 1481 et
1523 1447 1742 1481 excellentiam

279 1517 353 1550 prae
368 1506 496 1537 caeteris
522 1507 729 1537 meruerunt?
759 1510 861 1545 ffQuae
883 1507 991 1537 omnia
1013 1505 1228 1544 confirmant,
1250 1505 1282 1536 id
1307 1506 1396 1548 quod
1420 1507 1487 1549 ipsa
1513 1516 1562 1537 res
1590 1504 1746 1544 declarat,

279 1563 402 1605 legibus
435 1569 583 1600 naturae,
609 1573 688 1605 quas
719 1563 998 1600 constituerimus,
1031 1573 1098 1593 non
1128 1563 1229 1604 ipsam
1263 1568 1430 1599 naturam,
1461 1562 1516 1593 sed
1542 1568 1667 1593 tantum
1693 1570 1746 1591 ex-

277 1619 502 1662 spectationem
532 1625 672 1649 nostram
698 1629 733 1650 ac
751 1629 891 1662 *operam
923 1618 1019 1659 dirigi
1036 1629 1052 1656 ;-
1076 1623 1223 1648 naturam
1255 1625 1362 1650 autem
1397 1617 1480 1650 hanc
1512 1624 1654 1650 nostram
1691 1627 1744 1648 ex-

280 1676 504 1718 spectationem
535 1675 715 1718 saepissime
736 1674 881 1717 decipere
913 1676 998 1716 (8).

319 1731 405 1771 Quid
431 1731 527 1772 igitur
559 1731 596 1761 iis
622 1731 845 1773 respondebo,
877 1732 932 1774 qui
961 1732 1135 1773 cogitantes
1167 1731 1234 1762 illas
1266 1730 1515 1763 innumerabiles
1549 1728 1672 1761 tabulas
1701 1727 1741 1759 de

279 1788 459 1817 Baromctro
485 1792 516 1817 et
539 1786 779 1819 Thermometro
809 1794 895 1818 tanta
927 1798 1020 1825 cura,
1054 1794 1117 1818 tam
1148 1788 1246 1830 longo
1273 1794 1416 1830 tempore
1441 1785 1599 1817 confectas
1617 1809 1628 1826 ‚
1658 1783 1742 1815 mole

279 1842 436 1885 perterriti
462 1842 658 1881 exclamant,
683 1854 781 1886 quare
814 1850 877 1874 tam
909 1843 1054 1875 infinitos
1085 1843 1210 1875 labores
1238 1844 1447 1887 suscipimus,
1478 1854 1496 1874 e
1525 1841 1644 1886 quibus
1663 1838 1747 1871 nihil

278 1897 436 1929 efficitur?
483 1899 548 1929 lmo
582 1898 670 1941 quod
698 1900 731 1930 in
763 1902 852 1930 omni
881 1901 1067 1942 quaestione
1090 1900 1243 1942 physica,
1276 1899 1333 1930 ubi
1362 1898 1463 1941 legem
1489 1899 1634 1930 invenire
1659 1907 1743 1928 nou·

271 1952 349 1985 dum
371 1954 552 1996 potuimus,
576 1955 809 1997 persistendum
832 1966 899 1988 esse
925 1956 959 1988 in
974 1955 1198 1989 observatione
1215 1978 1226 1995 ‚
1245 1955 1469 1999 experimenta
1486 1954 1632 1998 quamvis
1656 1951 1741 1984 mul·

1718 2014 1750 2037 ia
