1913 2417
256 202 301 235 '30
653 189 1335 229 5.n2·GELDEn‚

257 286 362 312 rentes
386 289 497 311 omnes
514 288 594 310 ’cum
612 283 750 320 paterno
774 276 886 307 affectu
911 277 978 315 Tu,
1001 277 1183 308 Lectissima
1203 279 1358 309 Iuventus
1373 301 1381 316 ,
1403 277 1456 308 cui
1483 276 1629 310 dilectam
1651 277 1737 311 hane

252 336 416 373 Patriam,
452 334 649 366 carissimum
679 333 741 364 hoc
767 333 891 369 solum,
918 343 960 363 ex
992 332 1060 375 Iege
1084 340 1215 366 naturae
1243 335 1351 366 licturi
1385 341 1482 372 suut,
1516 334 1738 378 contemplan-

258 399 328 424 tur:
353 397 503 435 sperant.
532 387 685 420 Juveiies!
720 389 804 426 fore,
839 395 874 418 ut
900 399 918 418 a
943 400 1138 431 proavorum
1164 391 1264 433 gloria
1293 403 1359 422 non
1384 391 1576 434 degeneres,
1597 392 1737 434 priscam

254 449 407 480 virtutem
437 453 531 489 atque
568 445 782 477 eruditionem
813 444 1042 487 aequiparetisl
1074 446 1169 478 Cives
1196 448 1272 479 estis
1298 447 1436 490 Belgiciss,
1470 448 1636 490 progenies
1661 458 1739 489 gen-

258 505 320 542 tis,
343 503 385 534 ob
413 512 605 545 proavorum
638 503 771 540 merita,
805 511 861 542 pei·
888 511 1000 532 omi-ies
1026 508 1184 534 terrarum
1219 510 1323 546 partes
1360 505 1569 547 regionesque
1602 503 1739 534 celeber'-

254 560 361 591 rimae.
406 558 532 598 Quibus
556 555 732 599 majoribus
758 556 897 587 stimulis
917 560 983 589 Vos
1012 558 1204 590 incendam?
1248 562 1314 591 Vos
1345 571 1475 603 quoque
1500 559 1600 591 video
1625 566 1735 598 sancto

248 616 290 646 *in
317 614 450 646 Patriam
476 624 601 652 amore,
623 623 718 656 quem
743 614 829 643 Deus
857 615 978 656 pectori
1010 614 1071 646 alte'
1099 614 1233 654 infixit,
1266 616 1499 655 inflammatos;
1527 617 1593 658 jam
1619 615 1735 654 video,

248 672 409 714 inquam,
442 672 507 701 Vos
534 669 680 700 ardentes
712 668 752 700 ad
787 669 957 701 laudabilia
996 677 1043 702 tot
1085 678 1312 715 tantorumque
1339 672 1579 703 excellentium·
1600 673 1736 702 Batavo-

253 738 326 759 rum
349 726 480 768 vestigia
504 724 695 768 premenda!
741 726 920 758 Consilium
946 727 1008 759 hoc
1040 729 1152 771 utique
1179 739 1383 771 summopere
1406 727 1617 759 laudandum!
1667 718 1760 767 A›t,¹

252 784 372 828 placuit
395 782 633 817 Providentiae,
656 781 795 813 diversas
820 790 976 815 terrarum
1001 792 1129 827 gemes,
1154 784 1227 816 licet
1257 796 1370 817 omnes
1395 786 1426 816 in
1453 785 1514 816 hoc
1539 795 1622 822 un0‚
1649 795 1734 816 nem·

249 851 294 884 pe
326 851 388 871 usu
419 839 558 870 rationis
589 840 805 876 con-veniant,
839 846 944 871 tamen
978 841 1159 873 diversitate
1200 841 1318 874 indolis
1353 849 1383 873 et
1409 842 1612 884 linguarum,
1635 842 1735 873 'variis

250 896 399 927 moribus
415 918 425 934 ,
455 895 644 938 saepiusque
673 896 758 926 inter
785 907 817 927 se
843 897 1039 928 certantibus
1066 898 1264 936 commodis,
1296 909 1313 929 a
1336 909 1369 929 se
1400 899 1537 930 invicem
1573 909 1733 940 separare,

254 959 350 995 atque
380 954 414 983 in
436 953 571 993 majores
596 950 729 982 familias
752 952 959 992 distribuere3
989 965 1028 985 ex
1059 966 1123 998 qua
1154 955 1336 986 diversitate
1361 965 1474 997 saepe,
1507 954 1622 985 multas
1649 955 1731 993 sibi,

246 1008 386 1051 valiisque
415 1007 606 1038 calamitates
632 1015 842 1050 pepererunt,
874 1017 905 1040 et
935 1011 1010 1042 hinc
1042 1011 1138 1050 alias,
1172 1011 1223 1042 vel
1260 1018 1368 1055 aperta
1394 1013 1447 1050 vi,
1480 1011 1531 1043 vel
1565 1010 1726 1049 artificiis,

245 1074 332 1107 quae
357 1063 512 1106 politicen
537 1064 704 1094 nominare
728 1064 867 1106 placuit,
896 1066 956 1097 sibi
986 1067 1141 1108 subjicere
1169 1075 1300 1099 conatae
1329 1075 1424 1105 sunt;
1447 1067 1592 1110 idquod
1622 1068 1730 1099 Histo-

247 1121 300 1152 ria
326 1120 443 1163 passim
473 1118 593 1152 docet:
625 1121 753 1151 interim
780 1122 899 1152 Patriae
925 1133 1034 1161 amor,
1066 1124 1092 1154 si
1119 1130 1205 1155 recte
1235 1124 1459 1166 concipiatur,
1484 1129 1532 1154 est
1562 1123 1731 1156 vinculum

247 1176 396 1214 civium,
427 1175 528 1206 robur
565 1176 756 1219 reipublicae
793 1189 1012 1221 magnumque
1044 1181 1210 1211 munimen
1248 1179 1416 1223 quibusvis
1453 1179 1593 1212 inimicis
1624 1191 1728 1223 oppo-

253 1232 412 1264 nendum.
467 1233 530 1270 At,
564 1239 682 1274 quanta
708 1233 790 1264 mala
823 1234 906 1266 idem
942 1235 994 1266 ille
1026 1247 1138 1275 amor,
1170 1236 1327 1268 desiderio
1355 1246 1464 1267 rerum
1496 1237 1729 1272 mutandarum

244 1288 417 1331 deceptus,
442 1288 596 1325 contulit,
621 1289 682 1330 ipsi
713 1297 824 1321 nostro
853 1291 999 1334 exemplo
1027 1292 1113 1324 docti
1137 1304 1268 1331 sumus,
1299 1293 1355 1325 ubi
1378 1303 1396 1325 a
1427 1303 1621 1336 proavorum
1650 1304 1730 1327 con·

251 1344 455 1376 suetudinem
483 1344 681 1376 deflectimus
699 1367 709 1381 ,
739 1353 881 1377 nostram
911 1350 1054 1391 ipsorum
1086 1350 1276 1381 industriam
1300 1350 1342 1381 ‘ii-i
1375 1349 1497 1380 artibus
1529 1355 1561 1380 et
1587 1351 1729 1382 scientiis

250 1403 342 1444 parvi
366 1400 519 1439 facimus,
552 1401 735 1443 alienosque
764 1413 867 1434 mores
891 1405 1008 1436 nostris
1035 1405 1262 1448 praeferimus,
1286 1413 1366 1438 tuuc
1395 1405 1517 1436 aditum
1550 1407 1654 1448 parari
1684 1406 1725 1439 ad

251 1463 346 1500 turpe
363 1458 539 1489 servitium.
585 1457 680 1489 Nulla
709 1458 807 1490 Vobis
838 1471 980 1502 unquam
1009 1472 1041 1492 se
1077 1462 1187 1494 melior
1215 1464 1338 1494 occasio
1352 1462 1492 1501 obtulit,
1520 1469 1576 1500 ut,
1599 1473 1727 1496 summa

249 1514 370 1544 virium
397 1515 602 1545 contentione
624 1524 660 1544 ac
682 1515 806 1546 sincero
840 1516 873 1546 iu
896 1519 1030 1548 Patriam
1056 1530 1180 1556 amore,
1209 1519 1438 1562 rempublicam
1468 1517 1618 1556 fulciatis,
1642 1530 1725 1562 quae

249 1568 399 1601 labefacta
420 1573 488 1602 sint
514 1570 705 1609 restituatis,
734 1572 891 1614 Regis-que
917 1584 1008 1604 curas
1032 1575 1214 1607 sublevetis.
1269 1575 1366 1607 Multi
1400 1577 1550 1606 Vestrum
1578 1575 1617 1606 ad
1645 1586 1728 1607 rem-

250 1625 410 1667 piiblicam
429 1626 670 1669 gubernandam
697 1626 868 1669 aliquando
886 1630 1049 1663 accedent.
1091 1632 1186 1664 Cives
1208 1632 1323 1675 Belgici
1345 1632 1386 1663 de
1411 1632 1524 1667 Vobis
1538 1634 1651 1674 merito
1670 1643 1725 1663 ex·

249 1688 443 1723 spectamus,
465 1682 572 1714 officio
603 1685 668 1715 Vos
690 1695 857 1726 nunquam
887 1685 1072 1724 defuturos,
1095 1691 1268 1732 omniaque
1294 1689 1334 1720 ad
1363 1690 1560 1719 sanationem
1584 1687 1726 1719 inflicto.

250 1747 323 1768 rum
342 1740 460 1770 Patriae
488 1738 659 1770 vulnerum
680 1750 746 1770 esse
768 1740 959 1775 collaturos:
982 1743 1015 1775 id
1038 1745 1126 1787 quod
1153 1745 1285 1777 feliciter
1310 1744 1575 1787 consequemini,
1599 1755 1720 1785 quum,

250 1794 366 1825 imbuti
392 1795 513 1826 artibus
533 1802 564 1827 et
578 1797 733 1832 scientiis,
758 1797 859 1838 prisca
884 1809 1009 1830 morum
1034 1801 1232 1844 integritate,
1265 1805 1389 1845 egregia
1415 1801 1582 1837 doctrina,
1606 1801 1723 1832 eximia

249 1851 420 1891 supientia,
442 1851 572 1894 fidoque
600 1852 634 1883 in
662 1853 796 1883 Patriam
823 1860 952 1893 amore,
981 1857 1210 1896 excelluerms,
1241 1865 1300 1896 et,
1325 1860 1353 1890 si
1387 1868 1442 1900 per
1464 1856 1606 1887 diversos
1635 1867 1744 1888 cam·>

246 1915 305 1947 pos
322 1928 333 1943 ,
365 1916 417 1950 per
443 1919 524 1950 quos
553 1907 654 1938 Vobis
681 1908 892 1941 incedendum
919 1918 986 1950 est,
1016 1914 1158 1947 alacriter
1183 1917 1234 1946 usi
1259 1915 1382 1947 fueritis
1408 1923 1574 1945 occasione
1597 1913 1720 1953 mulia,

248 1962 402 2006 utiliaque
440 1963 648 2002 addiscendi,
688 1971 808 1998 vestras
843 1966 1006 2002 facultates
1024 1994 1034 2010 ,
1067 1979 1226 2016 quantum
1248 1970 1337 2004 -fleri
1365 1973 1494 2014 possit,
1528 1969 1715 2003 exornandi.

1644 2024 1724 2068 Agi-
