<?xml version="1.0" encoding="UTF-8"?>
<!DOCTYPE html PUBLIC "-//W3C//DTD XHTML 1.0 Transitional//EN"
    "http://www.w3.org/TR/xhtml1/DTD/xhtml1-transitional.dtd">
<html xmlns="http://www.w3.org/1999/xhtml" xml:lang="en" lang="en">
 <head>
  <title>
</title>
<meta http-equiv="Content-Type" content="text/html;charset=utf-8" />
  <meta name='ocr-system' content='tesseract 3.04.00' />
  <meta name='ocr-capabilities' content='ocr_page ocr_carea ocr_par ocr_line ocrx_word'/>
</head>
<body>
  <div class='ocr_page' id='page_1' title='image "annalesacademiae19rijk_0706.png"; bbox 0 0 1913 2417; ppageno 0'>
   <div class='ocr_carea' id='block_1_1' title="bbox 161 180 1304 224">
    <p class='ocr_par' dir='ltr' id='par_1_1' title="bbox 161 180 1304 224">
     <span class='ocr_line' id='line_1_1' title="bbox 161 180 1304 224; baseline -0.003 -11"><span class='ocrx_word' id='word_1_1' title='bbox 161 189 318 224; x_wconf 37' lang='grc'>93,</span> <span class='ocrx_word' id='word_1_2' title='bbox 530 183 559 221; x_wconf 87' lang='lat' dir='ltr'>J.</span> <span class='ocrx_word' id='word_1_3' title='bbox 635 180 1304 212; x_wconf 57' lang='lat' dir='ltr'>&amp;THORBECKE</span> 
     </span>
    </p>
   </div>
   <div class='ocr_carea' id='block_1_2' title="bbox 707 341 1133 356">
    <p class='ocr_par' dir='ltr' id='par_1_2' title="bbox 707 341 1133 356">
     <span class='ocr_line' id='line_1_2' title="bbox 707 341 1133 356; baseline 0 0"><span class='ocrx_word' id='word_1_4' title='bbox 707 341 1133 356; x_wconf 95' lang='lat' dir='ltr'> </span> 
     </span>
    </p>
   </div>
   <div class='ocr_carea' id='block_1_3' title="bbox 487 501 1368 544">
    <p class='ocr_par' dir='ltr' id='par_1_3' title="bbox 487 501 1368 544">
     <span class='ocr_line' id='line_1_3' title="bbox 487 501 1368 544; baseline 0 -1"><span class='ocrx_word' id='word_1_5' title='bbox 487 501 771 543; x_wconf 72' lang='lat' dir='ltr'><strong>PARS</strong></span> <span class='ocrx_word' id='word_1_6' title='bbox 899 501 1368 544; x_wconf 51' lang='lat' dir='ltr'>TERTIA·¹</span> 
     </span>
    </p>
   </div>
   <div class='ocr_carea' id='block_1_4' title="bbox 286 625 1576 702">
    <p class='ocr_par' dir='ltr' id='par_1_4' title="bbox 286 625 1576 702">
     <span class='ocr_line' id='line_1_4' title="bbox 286 625 1576 651; baseline -0.001 -1"><span class='ocrx_word' id='word_1_7' title='bbox 286 627 338 650; x_wconf 60' lang='grc' dir='ltr'>ΞΣ</span> <span class='ocrx_word' id='word_1_8' title='bbox 366 626 516 650; x_wconf 75' lang='lat' dir='ltr'>CAUSIS</span> <span class='ocrx_word' id='word_1_9' title='bbox 545 627 807 649; x_wconf 81' lang='lat' dir='ltr'>DISCRIMINIS</span> <span class='ocrx_word' id='word_1_10' title='bbox 834 627 956 650; x_wconf 84' lang='lat' dir='ltr'><strong>INTER</strong></span> <span class='ocrx_word' id='word_1_11' title='bbox 981 628 1240 650; x_wconf 73' lang='lat' dir='ltr'>AcADEMicos</span> <span class='ocrx_word' id='word_1_12' title='bbox 1268 629 1315 650; x_wconf 64' lang='lat' dir='ltr'>13*ss</span> <span class='ocrx_word' id='word_1_13' title='bbox 1341 625 1576 651; x_wconf 63' lang='lat' dir='ltr'>scEP&#39;rlcos</span> 
     </span>
     <span class='ocr_line' id='line_1_5' title="bbox 586 680 1264 702; baseline 0.001 -2"><span class='ocrx_word' id='word_1_14' title='bbox 586 680 628 700; x_wconf 90' lang='lat' dir='ltr'>IN</span> <span class='ocrx_word' id='word_1_15' title='bbox 657 680 949 702; x_wconf 76' lang='lat' dir='ltr'><strong>OPPUGNANDIS</strong></span> <span class='ocrx_word' id='word_1_16' title='bbox 986 680 1264 702; x_wconf 70' lang='lat' dir='ltr'>DOGMATICIS.</span> 
     </span>
    </p>
   </div>
   <div class='ocr_carea' id='block_1_5' title="bbox 529 803 1355 850">
    <p class='ocr_par' dir='ltr' id='par_1_5' title="bbox 529 803 1355 850">
     <span class='ocr_line' id='line_1_6' title="bbox 529 803 1355 850; baseline 0.001 -14"><span class='ocrx_word' id='word_1_17' title='bbox 529 803 1355 850; x_wconf 43' lang='lat' dir='ltr'>CAPUT-PRIMUM.</span> 
     </span>
    </p>
   </div>
   <div class='ocr_carea' id='block_1_6' title="bbox 370 915 1506 938">
    <p class='ocr_par' dir='ltr' id='par_1_6' title="bbox 370 915 1506 938">
     <span class='ocr_line' id='line_1_7' title="bbox 370 915 1506 938; baseline 0 -2"><span class='ocrx_word' id='word_1_18' title='bbox 370 917 415 938; x_wconf 68' lang='grc' dir='ltr'>ΞΕ</span> <span class='ocrx_word' id='word_1_19' title='bbox 440 915 568 938; x_wconf 70' lang='grc' dir='ltr'><strong>ΟΔὈΕῙΕ</strong></span> <span class='ocrx_word' id='word_1_20' title='bbox 594 916 848 937; x_wconf 66' lang='grc' dir='ltr'>ΒΙδΟΚΙΜΙΝΧδ</span> <span class='ocrx_word' id='word_1_21' title='bbox 872 916 994 938; x_wconf 71' lang='lat' dir='ltr'>INTER</span> <span class='ocrx_word' id='word_1_22' title='bbox 1020 916 1266 937; x_wconf 66' lang='lat' dir='ltr'>DISCIPLINAS</span> <span class='ocrx_word' id='word_1_23' title='bbox 1292 915 1506 936; x_wconf 68' lang='lat' dir='ltr'>UNIVBRSBo·</span> 
     </span>
    </p>
   </div>
   <div class='ocr_carea' id='block_1_7' title="bbox 178 1019 1705 1958">
    <p class='ocr_par' dir='ltr' id='par_1_7' title="bbox 178 1019 1705 1692">
     <span class='ocr_line' id='line_1_8' title="bbox 178 1019 1701 1094; baseline 0.003 -11"><span class='ocrx_word' id='word_1_24' title='bbox 178 1019 335 1084; x_wconf 88' lang='lat' dir='ltr'>Nullum</span> <span class='ocrx_word' id='word_1_25' title='bbox 363 1054 448 1085; x_wconf 87' lang='lat' dir='ltr'>facile</span> <span class='ocrx_word' id='word_1_26' title='bbox 474 1057 623 1093; x_wconf 82' lang='lat' dir='ltr'>negotium</span> <span class='ocrx_word' id='word_1_27' title='bbox 652 1062 757 1086; x_wconf 82' lang='lat' dir='ltr'>tantam</span> <span class='ocrx_word' id='word_1_28' title='bbox 788 1057 836 1086; x_wconf 90' lang='lat' dir='ltr'>vel</span> <span class='ocrx_word' id='word_1_29' title='bbox 868 1057 974 1094; x_wconf 87' lang='lat' dir='ltr'>ingenii</span> <span class='ocrx_word' id='word_1_30' title='bbox 1007 1058 1053 1086; x_wconf 91' lang='lat' dir='ltr'>vel</span> <span class='ocrx_word' id='word_1_31' title='bbox 1077 1057 1213 1086; x_wconf 79' lang='lat' dir='ltr'>utilitatis</span> <span class='ocrx_word' id='word_1_32' title='bbox 1238 1055 1440 1093; x_wconf 81' lang='lat' dir='ltr'>praestantiam</span> <span class='ocrx_word' id='word_1_33' title='bbox 1473 1055 1577 1092; x_wconf 85' lang='lat' dir='ltr'>habet,</span> <span class='ocrx_word' id='word_1_34' title='bbox 1604 1065 1701 1093; x_wconf 74' lang='lat' dir='ltr'>quan·</span> 
     </span>
     <span class='ocr_line' id='line_1_9' title="bbox 182 1107 1690 1144; baseline 0.003 -10"><span class='ocrx_word' id='word_1_35' title='bbox 182 1112 240 1134; x_wconf 87' lang='lat' dir='ltr'>tam</span> <span class='ocrx_word' id='word_1_36' title='bbox 271 1107 415 1143; x_wconf 80' lang='lat' dir='ltr'>indagatio</span> <span class='ocrx_word' id='word_1_37' title='bbox 446 1116 610 1136; x_wconf 82' lang='lat' dir='ltr'>causarum.</span> <span class='ocrx_word' id='word_1_38' title='bbox 652 1108 766 1137; x_wconf 85' lang='lat' dir='ltr'>Etenim</span> <span class='ocrx_word' id='word_1_39' title='bbox 792 1107 822 1136; x_wconf 91' lang='lat' dir='ltr'>in</span> <span class='ocrx_word' id='word_1_40' title='bbox 846 1108 925 1137; x_wconf 86' lang='lat' dir='ltr'>omni</span> <span class='ocrx_word' id='word_1_41' title='bbox 957 1109 1088 1137; x_wconf 80' lang='lat' dir='ltr'>similiter</span> <span class='ocrx_word' id='word_1_42' title='bbox 1108 1114 1166 1136; x_wconf 86' lang='lat' dir='ltr'>arte</span> <span class='ocrx_word' id='word_1_43' title='bbox 1195 1116 1227 1136; x_wconf 87' lang='lat' dir='ltr'>ac</span> <span class='ocrx_word' id='word_1_44' title='bbox 1251 1107 1422 1144; x_wconf 78' lang='lat' dir='ltr'>disciplina,</span> <span class='ocrx_word' id='word_1_45' title='bbox 1448 1107 1478 1136; x_wconf 87' lang='lat' dir='ltr'>in</span> <span class='ocrx_word' id='word_1_46' title='bbox 1499 1109 1690 1144; x_wconf 56' lang='lat' dir='ltr'>liist01·ia.„in</span> 
     </span>
     <span class='ocr_line' id='line_1_10' title="bbox 185 1157 1693 1200; baseline 0.003 -15"><span class='ocrx_word' id='word_1_47' title='bbox 185 1157 307 1193; x_wconf 80' lang='lat' dir='ltr'>reliquis</span> <span class='ocrx_word' id='word_1_48' title='bbox 326 1158 485 1192; x_wconf 86' lang='lat' dir='ltr'>omnibus,</span> <span class='ocrx_word' id='word_1_49' title='bbox 515 1166 670 1187; x_wconf 88' lang='lat' dir='ltr'>ceterarum</span> <span class='ocrx_word' id='word_1_50' title='bbox 698 1159 817 1187; x_wconf 78' lang='lat' dir='ltr'>scientia</span> <span class='ocrx_word' id='word_1_51' title='bbox 838 1166 931 1188; x_wconf 85' lang='lat' dir='ltr'>rerum</span> <span class='ocrx_word' id='word_1_52' title='bbox 961 1159 1022 1188; x_wconf 87' lang='lat' dir='ltr'>sine</span> <span class='ocrx_word' id='word_1_53' title='bbox 1045 1160 1096 1188; x_wconf 85' lang='lat' dir='ltr'>liae</span> <span class='ocrx_word' id='word_1_54' title='bbox 1119 1159 1255 1188; x_wconf 71' lang='lat' dir='ltr'>facultate</span> <span class='ocrx_word' id='word_1_55' title='bbox 1285 1158 1455 1195; x_wconf 77' lang='lat' dir='ltr'>indagatrice</span> <span class='ocrx_word' id='word_1_56' title='bbox 1485 1159 1647 1200; x_wconf 70' lang='lat' dir='ltr'>languescit</span> <span class='ocrx_word' id='word_1_57' title='bbox 1665 1165 1693 1189; x_wconf 86' lang='lat' dir='ltr'>et</span> 
     </span>
     <span class='ocr_line' id='line_1_11' title="bbox 182 1202 1696 1246; baseline 0.001 -9"><span class='ocrx_word' id='word_1_58' title='bbox 182 1209 310 1244; x_wconf 83' lang='lat' dir='ltr'>corruit,</span> <span class='ocrx_word' id='word_1_59' title='bbox 333 1218 404 1244; x_wconf 88' lang='lat' dir='ltr'>quae</span> <span class='ocrx_word' id='word_1_60' title='bbox 426 1202 486 1239; x_wconf 67' lang='lat' dir='ltr'>tu&#39;t&#39;ii</span> <span class='ocrx_word' id='word_1_61' title='bbox 513 1211 626 1239; x_wconf 87' lang='lat' dir='ltr'>demum</span> <span class='ocrx_word' id='word_1_62' title='bbox 653 1209 799 1246; x_wconf 86' lang='lat' dir='ltr'>perficitur</span> <span class='ocrx_word' id='word_1_63' title='bbox 820 1218 853 1238; x_wconf 90' lang='lat' dir='ltr'>ac</span> <span class='ocrx_word' id='word_1_64' title='bbox 884 1211 1061 1246; x_wconf 83' lang='lat' dir='ltr'>sustinetur,</span> <span class='ocrx_word' id='word_1_65' title='bbox 1091 1219 1155 1238; x_wconf 89' lang='lat' dir='ltr'>cum</span> <span class='ocrx_word' id='word_1_66' title='bbox 1183 1218 1333 1239; x_wconf 73' lang='lat' dir='ltr'>causarum</span> <span class='ocrx_word' id='word_1_67' title='bbox 1357 1209 1540 1246; x_wconf 85' lang='lat' dir='ltr'>investigatio</span> <span class='ocrx_word' id='word_1_68' title='bbox 1566 1219 1696 1239; x_wconf 87' lang='lat' dir='ltr'>accesse-</span> 
     </span>
     <span class='ocr_line' id='line_1_12' title="bbox 184 1258 1692 1298; baseline 0.003 -11"><span class='ocrx_word' id='word_1_69' title='bbox 184 1258 237 1289; x_wconf 82' lang='lat' dir='ltr'>rit.</span> <span class='ocrx_word' id='word_1_70' title='bbox 276 1259 483 1296; x_wconf 82' lang='lat' dir='ltr'>Philosophiae</span> <span class='ocrx_word' id='word_1_71' title='bbox 509 1262 604 1291; x_wconf 85' lang='lat' dir='ltr'>itidem</span> <span class='ocrx_word' id='word_1_72' title='bbox 630 1261 770 1296; x_wconf 91' lang='lat' dir='ltr'>historia,</span> <span class='ocrx_word' id='word_1_73' title='bbox 801 1269 873 1296; x_wconf 85' lang='lat' dir='ltr'>quae</span> <span class='ocrx_word' id='word_1_74' title='bbox 902 1261 990 1298; x_wconf 86' lang='lat' dir='ltr'>hujus</span> <span class='ocrx_word' id='word_1_75' title='bbox 1015 1262 1168 1297; x_wconf 79' lang='lat' dir='ltr'>splendore</span> <span class='ocrx_word' id='word_1_76' title='bbox 1193 1261 1327 1297; x_wconf 84' lang='lat' dir='ltr'>praesidii</span> <span class='ocrx_word' id='word_1_77' title='bbox 1359 1262 1490 1297; x_wconf 84' lang='lat' dir='ltr'>privata,</span> <span class='ocrx_word' id='word_1_78' title='bbox 1519 1262 1553 1290; x_wconf 87' lang='lat' dir='ltr'>ad</span> <span class='ocrx_word' id='word_1_79' title='bbox 1582 1262 1692 1291; x_wconf 83' lang='lat' dir='ltr'>inanem</span> 
     </span>
     <span class='ocr_line' id='line_1_13' title="bbox 186 1310 1705 1349; baseline 0.001 -9"><span class='ocrx_word' id='word_1_80' title='bbox 186 1310 337 1340; x_wconf 71' lang='lat' dir='ltr'>nominum</span> <span class='ocrx_word' id='word_1_81' title='bbox 356 1313 654 1341; x_wconf 86' lang='lat' dir='ltr'>commemorationem</span> <span class='ocrx_word' id='word_1_82' title='bbox 684 1319 711 1340; x_wconf 90' lang='lat' dir='ltr'>et</span> <span class='ocrx_word' id='word_1_83' title='bbox 732 1312 856 1349; x_wconf 67' lang='lat' dir='ltr'>jejunam</span> <span class='ocrx_word' id='word_1_84' title='bbox 877 1312 1047 1347; x_wconf 86' lang='lat' dir='ltr'>placitorum</span> <span class='ocrx_word' id='word_1_85' title='bbox 1072 1312 1249 1341; x_wconf 81' lang='lat' dir='ltr'>traditionem</span> <span class='ocrx_word' id='word_1_86' title='bbox 1275 1313 1459 1348; x_wconf 82' lang='lat' dir='ltr'>deprimitur,</span> <span class='ocrx_word' id='word_1_87' title='bbox 1481 1312 1516 1340; x_wconf 89' lang='lat' dir='ltr'>ab</span> <span class='ocrx_word' id='word_1_88' title='bbox 1541 1313 1596 1341; x_wconf 91' lang='lat' dir='ltr'>hoc</span> <span class='ocrx_word' id='word_1_89' title='bbox 1620 1321 1705 1349; x_wconf 80' lang='lat' dir='ltr'>prae·</span> 
     </span>
     <span class='ocr_line' id='line_1_14' title="bbox 194 1362 1694 1398; baseline 0.002 -9"><span class='ocrx_word' id='word_1_90' title='bbox 194 1362 274 1390; x_wconf 77' lang='lat' dir='ltr'>claro</span> <span class='ocrx_word' id='word_1_91' title='bbox 300 1370 416 1390; x_wconf 76' lang='lat' dir='ltr'>munti-e</span> <span class='ocrx_word' id='word_1_92' title='bbox 440 1363 526 1390; x_wconf 88' lang='lat' dir='ltr'>decus</span> <span class='ocrx_word' id='word_1_93' title='bbox 553 1371 636 1391; x_wconf 88' lang='lat' dir='ltr'>suum</span> <span class='ocrx_word' id='word_1_94' title='bbox 658 1362 884 1398; x_wconf 83' lang='lat' dir='ltr'>dignitatemque</span> <span class='ocrx_word' id='word_1_95' title='bbox 906 1362 989 1390; x_wconf 86' lang='lat' dir='ltr'>unice</span> <span class='ocrx_word' id='word_1_96' title='bbox 1012 1369 1169 1391; x_wconf 87' lang='lat' dir='ltr'>mutuatur.</span> <span class='ocrx_word' id='word_1_97' title='bbox 1209 1363 1266 1391; x_wconf 80' lang='lat' dir='ltr'>Est</span> <span class='ocrx_word' id='word_1_98' title='bbox 1288 1370 1381 1391; x_wconf 87' lang='lat' dir='ltr'>autem</span> <span class='ocrx_word' id='word_1_99' title='bbox 1404 1364 1458 1391; x_wconf 88' lang='lat' dir='ltr'>hoc</span> <span class='ocrx_word' id='word_1_100' title='bbox 1481 1362 1603 1391; x_wconf 86' lang='lat' dir='ltr'>officium</span> <span class='ocrx_word' id='word_1_101' title='bbox 1627 1373 1694 1392; x_wconf 80' lang='lat' dir='ltr'>cuin</span> 
     </span>
     <span class='ocr_line' id='line_1_15' title="bbox 187 1411 1693 1449; baseline 0.003 -10"><span class='ocrx_word' id='word_1_102' title='bbox 187 1411 321 1440; x_wconf 81' lang='lat' dir='ltr'>universe</span> <span class='ocrx_word' id='word_1_103' title='bbox 341 1411 369 1440; x_wconf 89' lang='lat' dir='ltr'>in</span> <span class='ocrx_word' id='word_1_104' title='bbox 394 1411 470 1440; x_wconf 88' lang='lat' dir='ltr'>omni</span> <span class='ocrx_word' id='word_1_105' title='bbox 491 1412 694 1448; x_wconf 81' lang='lat' dir='ltr'>philosophiae</span> <span class='ocrx_word' id='word_1_106' title='bbox 718 1411 838 1440; x_wconf 80' lang='lat' dir='ltr'>historia</span> <span class='ocrx_word' id='word_1_107' title='bbox 865 1411 1081 1446; x_wconf 82' lang='lat' dir='ltr'>adhibendum,</span> <span class='ocrx_word' id='word_1_108' title='bbox 1112 1420 1172 1440; x_wconf 85' lang='lat' dir='ltr'>tum</span> <span class='ocrx_word' id='word_1_109' title='bbox 1205 1414 1240 1441; x_wconf 85' lang='lat' dir='ltr'>ad</span> <span class='ocrx_word' id='word_1_110' title='bbox 1269 1414 1400 1449; x_wconf 81' lang='lat' dir='ltr'>singulas</span> <span class='ocrx_word' id='word_1_111' title='bbox 1428 1419 1519 1448; x_wconf 78' lang='lat' dir='ltr'>partes</span> <span class='ocrx_word' id='word_1_112' title='bbox 1550 1415 1693 1448; x_wconf 76' lang='lat' dir='ltr'>quaestio-</span> 
     </span>
     <span class='ocr_line' id='line_1_16' title="bbox 187 1462 1691 1500; baseline 0.002 -10"><span class='ocrx_word' id='word_1_113' title='bbox 187 1469 298 1497; x_wconf 86' lang='lat' dir='ltr'>nesque</span> <span class='ocrx_word' id='word_1_114' title='bbox 328 1462 520 1498; x_wconf 84' lang='lat' dir='ltr'>dirigendum.</span> <span class='ocrx_word' id='word_1_115' title='bbox 569 1463 664 1500; x_wconf 87' lang='lat' dir='ltr'>Cujus</span> <span class='ocrx_word' id='word_1_116' title='bbox 697 1462 808 1499; x_wconf 85' lang='lat' dir='ltr'>generis</span> <span class='ocrx_word' id='word_1_117' title='bbox 840 1463 999 1497; x_wconf 77' lang='lat' dir='ltr'>exemplum</span> <span class='ocrx_word' id='word_1_118' title='bbox 1032 1463 1118 1498; x_wconf 87' lang='lat' dir='ltr'>ponit</span> <span class='ocrx_word' id='word_1_119' title='bbox 1147 1471 1202 1498; x_wconf 86' lang='lat' dir='ltr'>ea,</span> <span class='ocrx_word' id='word_1_120' title='bbox 1231 1471 1318 1498; x_wconf 88' lang='lat' dir='ltr'>quam</span> <span class='ocrx_word' id='word_1_121' title='bbox 1347 1470 1521 1497; x_wconf 82' lang='lat' dir='ltr'>tractamus,</span> <span class='ocrx_word' id='word_1_122' title='bbox 1549 1465 1691 1498; x_wconf 77' lang='lat' dir='ltr'>quaestio.</span> 
     </span>
     <span class='ocr_line' id='line_1_17' title="bbox 185 1511 1695 1550; baseline 0.003 -10"><span class='ocrx_word' id='word_1_123' title='bbox 185 1511 253 1540; x_wconf 66' lang='lat' dir='ltr'>Nos</span> <span class='ocrx_word' id='word_1_124' title='bbox 276 1519 333 1541; x_wconf 88' lang='lat' dir='ltr'>eam</span> <span class='ocrx_word' id='word_1_125' title='bbox 356 1513 429 1541; x_wconf 84' lang='lat' dir='ltr'>viam</span> <span class='ocrx_word' id='word_1_126' title='bbox 455 1514 603 1542; x_wconf 86' lang='lat' dir='ltr'>ineundam</span> <span class='ocrx_word' id='word_1_127' title='bbox 628 1522 690 1542; x_wconf 86' lang='lat' dir='ltr'>esse</span> <span class='ocrx_word' id='word_1_128' title='bbox 712 1513 866 1547; x_wconf 75' lang='lat' dir='ltr'>duximus,</span> <span class='ocrx_word' id='word_1_129' title='bbox 896 1519 931 1541; x_wconf 88' lang='lat' dir='ltr'>ut</span> <span class='ocrx_word' id='word_1_130' title='bbox 953 1513 1075 1548; x_wconf 82' lang='lat' dir='ltr'>primum</span> <span class='ocrx_word' id='word_1_131' title='bbox 1105 1513 1308 1549; x_wconf 83' lang='lat' dir='ltr'>philosophiae</span> <span class='ocrx_word' id='word_1_132' title='bbox 1331 1514 1548 1550; x_wconf 81' lang='lat' dir='ltr'>disciplinarum</span> <span class='ocrx_word' id='word_1_133' title='bbox 1575 1515 1695 1544; x_wconf 85' lang='lat' dir='ltr'>dissidia</span> 
     </span>
     <span class='ocr_line' id='line_1_18' title="bbox 190 1562 1698 1599; baseline 0.002 -8"><span class='ocrx_word' id='word_1_134' title='bbox 190 1571 223 1591; x_wconf 78' lang='lat' dir='ltr'>ac</span> <span class='ocrx_word' id='word_1_135' title='bbox 249 1562 415 1591; x_wconf 88' lang='lat' dir='ltr'>discrimina</span> <span class='ocrx_word' id='word_1_136' title='bbox 444 1565 506 1592; x_wconf 89' lang='lat' dir='ltr'>suis</span> <span class='ocrx_word' id='word_1_137' title='bbox 530 1565 626 1593; x_wconf 87' lang='lat' dir='ltr'>causis</span> <span class='ocrx_word' id='word_1_138' title='bbox 649 1564 872 1593; x_wconf 83' lang='lat' dir='ltr'>describeremus</span> <span class='ocrx_word' id='word_1_139' title='bbox 902 1563 1050 1592; x_wconf 84' lang='lat' dir='ltr'>universe:</span> <span class='ocrx_word' id='word_1_140' title='bbox 1079 1572 1139 1599; x_wconf 86' lang='lat' dir='ltr'>quo</span> <span class='ocrx_word' id='word_1_141' title='bbox 1164 1564 1297 1599; x_wconf 82' lang='lat' dir='ltr'>deinceps</span> <span class='ocrx_word' id='word_1_142' title='bbox 1323 1565 1357 1592; x_wconf 89' lang='lat' dir='ltr'>ab</span> <span class='ocrx_word' id='word_1_143' title='bbox 1379 1565 1434 1593; x_wconf 90' lang='lat' dir='ltr'>hoc</span> <span class='ocrx_word' id='word_1_144' title='bbox 1458 1565 1593 1594; x_wconf 89' lang='lat' dir='ltr'>universo</span> <span class='ocrx_word' id='word_1_145' title='bbox 1613 1567 1698 1594; x_wconf 87' lang='lat' dir='ltr'>crite-</span> 
     </span>
     <span class='ocr_line' id='line_1_19' title="bbox 188 1612 1697 1652; baseline 0.004 -12"><span class='ocrx_word' id='word_1_146' title='bbox 188 1613 232 1641; x_wconf 86' lang='lat' dir='ltr'>rio</span> <span class='ocrx_word' id='word_1_147' title='bbox 257 1612 390 1641; x_wconf 83' lang='lat' dir='ltr'>instructi</span> <span class='ocrx_word' id='word_1_148' title='bbox 413 1615 646 1650; x_wconf 86' lang='lat' dir='ltr'>progrederemur</span> <span class='ocrx_word' id='word_1_149' title='bbox 674 1615 710 1644; x_wconf 84' lang='lat' dir='ltr'>ad</span> <span class='ocrx_word' id='word_1_150' title='bbox 732 1614 934 1651; x_wconf 82' lang='lat' dir='ltr'>particularis,</span> <span class='ocrx_word' id='word_1_151' title='bbox 966 1623 1039 1651; x_wconf 83' lang='lat' dir='ltr'>quae</span> <span class='ocrx_word' id='word_1_152' title='bbox 1068 1615 1100 1644; x_wconf 88' lang='lat' dir='ltr'>in</span> <span class='ocrx_word' id='word_1_153' title='bbox 1122 1616 1256 1644; x_wconf 77' lang='lat' dir='ltr'>manibus</span> <span class='ocrx_word' id='word_1_154' title='bbox 1276 1621 1342 1651; x_wconf 89' lang='lat' dir='ltr'>est,</span> <span class='ocrx_word' id='word_1_155' title='bbox 1369 1615 1576 1652; x_wconf 83' lang='lat' dir='ltr'>discrepantiae</span> <span class='ocrx_word' id='word_1_156' title='bbox 1599 1616 1697 1647; x_wconf 66' lang='lat' dir='ltr'>fontes</span> 
     </span>
     <span class='ocr_line' id='line_1_20' title="bbox 186 1663 371 1692; baseline 0 0"><span class='ocrx_word' id='word_1_157' title='bbox 186 1663 371 1692; x_wconf 76' lang='lat' dir='ltr'>indicandos.</span> 
     </span>
    </p>

    <p class='ocr_par' dir='ltr' id='par_1_8' title="bbox 189 1715 1700 1895">
     <span class='ocr_line' id='line_1_21' title="bbox 228 1715 1692 1753; baseline 0.003 -11"><span class='ocrx_word' id='word_1_158' title='bbox 228 1715 404 1751; x_wconf 81' lang='lat' dir='ltr'>Rationum,</span> <span class='ocrx_word' id='word_1_159' title='bbox 425 1716 500 1744; x_wconf 89' lang='lat' dir='ltr'>unde</span> <span class='ocrx_word' id='word_1_160' title='bbox 524 1715 775 1753; x_wconf 84' lang='lat' dir='ltr'>philosophiarum</span> <span class='ocrx_word' id='word_1_161' title='bbox 806 1716 970 1745; x_wconf 82' lang='lat' dir='ltr'>discrimina</span> <span class='ocrx_word' id='word_1_162' title='bbox 995 1724 1172 1751; x_wconf 83' lang='lat' dir='ltr'>nascuntur,</span> <span class='ocrx_word' id='word_1_163' title='bbox 1202 1715 1365 1753; x_wconf 83' lang='lat' dir='ltr'>indagatio,</span> <span class='ocrx_word' id='word_1_164' title='bbox 1392 1717 1534 1752; x_wconf 82' lang='lat' dir='ltr'>duplicem</span> <span class='ocrx_word' id='word_1_165' title='bbox 1562 1719 1692 1748; x_wconf 85' lang='lat' dir='ltr'>continet</span> 
     </span>
     <span class='ocr_line' id='line_1_22' title="bbox 189 1764 1698 1805; baseline 0.004 -13"><span class='ocrx_word' id='word_1_166' title='bbox 189 1764 428 1801; x_wconf 64' lang='lat' dir='ltr'>inqu-sirionem,</span> <span class='ocrx_word' id='word_1_167' title='bbox 448 1767 697 1803; x_wconf 71' lang='lat' dir='ltr'>psychologicam,</span> <span class='ocrx_word' id='word_1_168' title='bbox 717 1774 744 1795; x_wconf 92' lang='lat' dir='ltr'>et</span> <span class='ocrx_word' id='word_1_169' title='bbox 768 1767 950 1796; x_wconf 63' lang='lat' dir='ltr'>historicam.</span> <span class='ocrx_word' id='word_1_170' title='bbox 992 1767 1121 1803; x_wconf 80' lang='lat' dir='ltr'>Utrique</span> <span class='ocrx_word' id='word_1_171' title='bbox 1146 1768 1335 1803; x_wconf 81' lang='lat' dir='ltr'>conjungitur</span> <span class='ocrx_word' id='word_1_172' title='bbox 1353 1768 1383 1796; x_wconf 87' lang='lat' dir='ltr'>in</span> <span class='ocrx_word' id='word_1_173' title='bbox 1407 1768 1450 1796; x_wconf 89' lang='lat' dir='ltr'>his</span> <span class='ocrx_word' id='word_1_174' title='bbox 1477 1769 1568 1797; x_wconf 82' lang='lat' dir='ltr'>tribus</span> <span class='ocrx_word' id='word_1_175' title='bbox 1594 1769 1698 1805; x_wconf 85' lang='lat' dir='ltr'>capiti·</span> 
     </span>
     <span class='ocr_line' id='line_1_23' title="bbox 189 1814 1700 1855; baseline 0.005 -13"><span class='ocrx_word' id='word_1_176' title='bbox 189 1814 268 1850; x_wconf 84' lang='lat' dir='ltr'>bus,</span> <span class='ocrx_word' id='word_1_177' title='bbox 297 1816 331 1842; x_wconf 86' lang='lat' dir='ltr'>ad</span> <span class='ocrx_word' id='word_1_178' title='bbox 354 1824 424 1851; x_wconf 85' lang='lat' dir='ltr'>quae</span> <span class='ocrx_word' id='word_1_179' title='bbox 447 1825 545 1846; x_wconf 87' lang='lat' dir='ltr'>omnes</span> <span class='ocrx_word' id='word_1_180' title='bbox 577 1818 766 1855; x_wconf 87' lang='lat' dir='ltr'>discrepantis</span> <span class='ocrx_word' id='word_1_181' title='bbox 797 1819 1002 1855; x_wconf 85' lang='lat' dir='ltr'>philosophiae</span> <span class='ocrx_word' id='word_1_182' title='bbox 1028 1818 1149 1854; x_wconf 82' lang='lat' dir='ltr'>fontes,</span> <span class='ocrx_word' id='word_1_183' title='bbox 1175 1825 1319 1853; x_wconf 82' lang='lat' dir='ltr'>tamquam</span> <span class='ocrx_word' id='word_1_184' title='bbox 1350 1818 1384 1847; x_wconf 86' lang='lat' dir='ltr'>ad</span> <span class='ocrx_word' id='word_1_185' title='bbox 1412 1818 1535 1855; x_wconf 78' lang='lat' dir='ltr'>origines</span> <span class='ocrx_word' id='word_1_186' title='bbox 1566 1827 1634 1848; x_wconf 75' lang='lat' dir='ltr'>suas</span> <span class='ocrx_word' id='word_1_187' title='bbox 1657 1827 1700 1849; x_wconf 80' lang='lat' dir='ltr'>re-</span> 
     </span>
     <span class='ocr_line' id='line_1_24' title="bbox 189 1872 356 1895; baseline -0.012 0"><span class='ocrx_word' id='word_1_188' title='bbox 189 1872 356 1895; x_wconf 72' lang='lat' dir='ltr'>vertuntur:</span> 
     </span>
    </p>

    <p class='ocr_par' dir='ltr' id='par_1_9' title="bbox 235 1917 1396 1958">
     <span class='ocr_line' id='line_1_25' title="bbox 235 1917 1396 1958; baseline 0.002 -12"><span class='ocrx_word' id='word_1_189' title='bbox 235 1924 262 1946; x_wconf 83' lang='lat'>1.</span> <span class='ocrx_word' id='word_1_190' title='bbox 292 1917 418 1945; x_wconf 74' lang='lat' dir='ltr'>Natura</span> <span class='ocrx_word' id='word_1_191' title='bbox 440 1924 467 1944; x_wconf 87' lang='lat' dir='ltr'>et</span> <span class='ocrx_word' id='word_1_192' title='bbox 495 1917 602 1947; x_wconf 78' lang='lat' dir='ltr'>indoles</span> <span class='ocrx_word' id='word_1_193' title='bbox 628 1926 656 1947; x_wconf 80' lang='lat' dir='ltr'>et</span> <span class='ocrx_word' id='word_1_194' title='bbox 678 1921 828 1957; x_wconf 72' lang='lat' dir='ltr'>ingenium</span> <span class='ocrx_word' id='word_1_195' title='bbox 846 1920 1035 1958; x_wconf 75' lang='lat' dir='ltr'>philosophi,</span> <span class='ocrx_word' id='word_1_196' title='bbox 1050 1923 1205 1958; x_wconf 73' lang='lat' dir='ltr'>praecipue</span> <span class='ocrx_word' id='word_1_197' title='bbox 1226 1919 1396 1949; x_wconf 70' lang='lat' dir='ltr'>condatoris.</span> 
     </span>
    </p>
   </div>
   <div class='ocr_carea' id='block_1_8' title="bbox 230 1967 1701 2057">
    <p class='ocr_par' dir='ltr' id='par_1_10' title="bbox 230 1967 1701 2057">
     <span class='ocr_line' id='line_1_26' title="bbox 230 1967 1701 2013; baseline 0.005 -17"><span class='ocrx_word' id='word_1_198' title='bbox 230 1974 266 1996; x_wconf 62' lang='lat' dir='ltr'>a.</span> <span class='ocrx_word' id='word_1_199' title='bbox 297 1967 393 2002; x_wconf 67' lang='lat' dir='ltr'>Hujus</span> <span class='ocrx_word' id='word_1_200' title='bbox 411 1976 539 1996; x_wconf 75' lang='lat' dir='ltr'>naturae</span> <span class='ocrx_word' id='word_1_201' title='bbox 562 1969 723 2008; x_wconf 71' lang='lat' dir='ltr'>indolisque</span> <span class='ocrx_word' id='word_1_202' title='bbox 743 1970 865 1998; x_wconf 79' lang='lat' dir='ltr'>cultura</span> <span class='ocrx_word' id='word_1_203' title='bbox 890 1979 917 1999; x_wconf 80' lang='lat' dir='ltr'>et</span> <span class='ocrx_word' id='word_1_204' title='bbox 929 1971 1097 2008; x_wconf 79' lang='lat' dir='ltr'>formatio,</span> <span class='ocrx_word' id='word_1_205' title='bbox 1117 1973 1283 2010; x_wconf 75' lang='lat' dir='ltr'>ingeniique</span> <span class='ocrx_word' id='word_1_206' title='bbox 1306 1973 1454 2001; x_wconf 66' lang='lat' dir='ltr'>mammio</span> <span class='ocrx_word' id='word_1_207' title='bbox 1465 1994 1476 2009; x_wconf 95' lang='lat'>,</span> <span class='ocrx_word' id='word_1_208' title='bbox 1496 1977 1524 2001; x_wconf 76' lang='lat' dir='ltr'>et</span> <span class='ocrx_word' id='word_1_209' title='bbox 1540 1973 1701 2013; x_wconf 74' lang='lat' dir='ltr'>philosophi</span> 
     </span>
     <span class='ocr_line' id='line_1_27' title="bbox 288 2020 885 2057; baseline 0.005 -9"><span class='ocrx_word' id='word_1_210' title='bbox 288 2027 353 2048; x_wconf 83' lang='lat' dir='ltr'>cum</span> <span class='ocrx_word' id='word_1_211' title='bbox 379 2021 531 2056; x_wconf 68' lang='lat' dir='ltr'>ma5istris</span> <span class='ocrx_word' id='word_1_212' title='bbox 552 2020 676 2057; x_wconf 78' lang='lat' dir='ltr'>aliisque</span> <span class='ocrx_word' id='word_1_213' title='bbox 699 2020 885 2052; x_wconf 71' lang='lat' dir='ltr'>necessitudo,</span> 
     </span>
    </p>
   </div>
   <div class='ocr_carea' id='block_1_9' title="bbox 1676 2079 1710 2110">
    <p class='ocr_par' dir='ltr' id='par_1_11' title="bbox 1676 2079 1710 2110">
     <span class='ocr_line' id='line_1_28' title="bbox 1676 2079 1710 2110; baseline -0.059 0"><span class='ocrx_word' id='word_1_214' title='bbox 1676 2079 1710 2110; x_wconf 74' lang='grc'>3.</span> 
     </span>
    </p>
   </div>
  </div>
 </body>
</html>
