1913 2417
247 176 638 211 C'OMMENTATIO
668 183 719 208 AD
749 175 1125 216 QUAESTIONEM
1146 178 1437 217 JURIDICAM.
1568 191 1598 214 rt

77 262 177 297 verit,
197 260 254 291 nisi
270 259 306 290 *in
326 267 465 297 quantum
485 269 550 290 eum
574 261 661 297 hujus
683 260 928 296 dispositionibus
951 262 1099 291 conciliari
1115 270 1175 291 non
1193 268 1303 298 posset.
1345 263 1386 292 At
1410 271 1470 293 non
1486 269 1598 293 tantum

74 313 110 342 ‘in
139 313 203 350 jure
235 312 440 341 constituendo
469 312 573 350 (quod
594 313 663 341 adeo
687 313 789 340 mirum
825 320 884 341 non
905 313 973 350 est)
1003 314 1071 342 haec
1095 314 1204 342 multos
1233 314 1324 343 tenuit
1352 314 1472 351 opinio,
1501 316 1552 344 sed
1569 322 1596 343 et

78 370 199 401 postea,
224 363 390 393 introducto
412 372 490 392 novo
508 363 641 398 Codice,
662 362 712 398 qui
738 363 788 391 hac
807 363 841 391 de
862 371 890 392 re
908 372 1021 393 omnem
1045 365 1253 394 dubitationem
1278 366 1379 394 tollere
1399 366 1531 401 videtur,
1561 374 1595 394 ex

70 423 174 444 reorum
195 423 336 449 numero,
358 415 410 450 qui
430 415 460 443 in
483 423 573 443 novas
605 415 681 450 leges
713 414 933 443 commentarios
957 416 1158 452 scripserunt,
1188 417 1256 446 huic
1278 417 1434 446 sententiae
1463 417 1594 445 addictus

75 472 120 494 est
140 465 328 493 Proudlzonus
349 466 435 502 (5),
458 465 508 501 qui
532 465 693 500 existimat,
717 465 815 501 Caput
830 465 953 501 primum
977 466 1064 503 huJ'us
1082 467 1178 497 Tituli
1201 469 1236 497 de
1252 468 1433 497 Absentibus
1456 467 1596 504 pertinere

76 516 112 544 ad
130 524 248 552 omnes,
271 516 406 545 Absentes
429 524 530 545 ernon
552 521 739 555 praesentas,
769 516 918 551 sequentia
942 525 1009 546 vero
1034 518 1168 548 Absentes
1198 525 1312 548 tantum
1333 527 1422 548 sensu
1449 518 1594 547 strictiore

75 573 200 596 sumtos.
242 567 452 603 Argumentum
470 576 537 597 vero
549 589 560 603 ‚
578 568 657 603 quod
675 567 747 603 petit
771 575 803 596 ex
819 574 879 596 art.
900 576 962 604 131.
979 567 1048 598 Cod.
1069 570 1131 599 Civ.
1142 571 1160 605 ‚’
1171 571 1250 600 doct.
1272 570 1326 603 viri
1343 568 1511 599 sententiam
1529 577 1598 605 pro-

79 617 145 647 bare
167 626 227 647 non
243 618 374 654 videtur3
398 627 462 647 nam
489 619 557 647 licet
580 618 712 647 universe
738 618 795 647 boc
821 626 920 647 verum
947 619 987 648 sit
1009 621 1071 657 ejus
1094 621 1222 657 ratione,
1249 621 1300 657 qui
1320 622 1377 658 jam
1402 629 1452 657 per
1477 620 1597 656 aliquod

76 674 192 705 tempus
221 669 325 699 absens
357 670 535 706 habebatur,
562 675 590 698 et
619 670 704 707 cujus
732 669 808 698 bona
837 670 947 699 idcirco
978 669 1108 707 legitimo
1138 672 1225 701 modo
1252 672 1312 709 iam
1342 671 1466 700 ordinari
1490 677 1596 706 coepta

78 727 158 748 erant
184 720 200 757 ζ
209 728 268 755 quo
289 729 359 750 casu
386 728 573 757 statuuntur,
602 729 633 750 ea
664 728 736 756 quae
761 720 836 757 Cap.
865 729 892 751 1.
923 722 1070 758 continet,
1101 722 1292 751 nihilominus
1316 722 1414 750 locum
1440 721 1593 755 habitura,

79 771 189 799 etiamsi
210 771 245 800 de
268 772 396 801 Absente
420 773 484 801 dein
515 773 584 808 quid
614 771 819 809 innotuerit),
848 772 922 801 idem
947 779 1040 802 tamen
1066 781 1125 802 non
1156 772 1272 801 videtur
1301 772 1452 801 dicendum
1480 772 1514 800 de
1534 779 1595 800 non

79 829 245 858 praesente,
266 824 350 861 cujus
375 824 457 859 vita,
478 829 528 852 aut
550 823 652 858 locus,
675 831 734 859 quo
752 822 852 859 degit,
879 823 935 851 huc
955 831 1048 859 usque
1072 823 1198 852 incertus
1215 831 1275 852 non
1296 822 1374 858 fuit,
1395 829 1423 851 et
1448 823 1531 860 cujus
1548 828 1596 850 tu-

77 873 161 902 telam
185 874 262 910 leges
286 876 415 904 nondum
441 880 643 909 susceperunt.
684 873 785 902 Potius
805 873 896 911 igitur
921 875 1125 909 statuendum,
1146 882 1197 909 ea,
1227 881 1299 910 quae
1322 874 1416 903 tribus
1442 873 1591 910 prioribus

78 923 207 952 articulis
229 925 434 961 continentur,
463 931 491 954 et
514 925 659 955 Absentes
681 931 830 961 spectare,
860 932 889 954 et
910 931 971 954 non
994 932 1177 962 praesentes,
1206 930 1330 953 attamen
1363 924 1418 953 hos
1446 933 1506 954 non
1529 924 1596 953 uni-

74 981 175 1010 verse,
195 975 245 1004 sed
263 984 314 1005 eos
336 983 468 1012 tantum,
489 976 541 1012 qui
558 975 705 1006 Absentes
723 977 780 1013 jam
807 981 876 1004 sunt
897 976 1009 1012 habiti,
1030 983 1079 1006 aut
1100 977 1170 1005 tales
1191 985 1207 1005 a
1227 977 1323 1014 judice
1347 976 1492 1006 declarati.
1534 976 1595 1005 ob-

70 1030 156 1054 ·stant
173 1026 246 1055 enirn
268 1027 332 1063 ipsa
356 1028 442 1056 verba
465 1034 492 1056 et
517 1035 619 1056 sensus
642 1027 744 1056 horum
771 1026 979 1063 articulorum,
1007 1028 1058 1064 qui
1077 1029 1186 1057 nullam
1222 1028 1326 1057 horum
1354 1028 1525 1057 mentionem
1552 1026 1595 1054 fa·

69 1075 175 1112 sciunt,
203 1084 232 1106 et
250 1078 461 1115 diSputationes
487 1079 571 1114 illae,
602 1086 675 1114 quae
704 1078 741 1107 ad
762 1085 859 1108 veram
883 1079 1060 1116 ⁴legislatoris
1093 1085 1215 1108 ruentem
1241 1078 1454 1116 intelligendam
1484 1076 1594 1115 optime

73 1126 249 1160 inserviunt.

113 1177 216 1216 Neque
233 1180 291 1209 hoc
306 1177 380 1210 'loco
397 1178 511 1210 videtur
533 1178 744 1216 omittendum,
769 1177 850 1211 bona
870 1186 988 1218 eorum,
1015 1181 1070 1217 qui
1095 1189 1145 1218 per
1166 1181 1377 1211 contumaciam
1407 1178 1595 1210 condemnati

65 1236 164 1267 sunt,
177 1230 407 1261 administranda
426 1240 490 1261 esse
511 1240 545 1261 eo
568 1233 672 1268 modo,
695 1232 748 1268 qui
772 1232 802 1261 in
816 1233 909 1262 *titulo
930 1233 965 1261 de
983 1232 1166 1262 Absentibus
1186 1233 1341 1268 exponitur
1365 1238 1426 1261 art.
1445 1233 1493 1261 28.
1516 1233 1544 1269 §.
1562 1239 1593 1262 2.

66 1280 145 1311 cod.
161 1282 249 1318 Cim-3
272 1282 324 1311 cui
341 1291 528 1319 consequens
550 1291 616 1319 est,
636 1289 665 1312 et
687 1283 806 1320 primam
826 1281 904 1312 'hane
919 1283 1077 1312 Absentiae
1092 1283 1241 1320 periodum
1264 1291 1313 1312 eos
1338 1290 1487 1320 spectare,
1509 1282 1534 1312 si
1559 1283 1595 1312 ad

69 1333 399 1368 {poenatn‘condemnati
418 1341 505 1370 sunt,
534 1343 606 1370 quae
630 1334 716 1363 morti
738 1334 819 1363 civili
840 1335 939 1363 locum
968 1343 1028 1364 non
1057 1334 1145 1371 facit}
1177 1335 1247 1364 adeo
1272 1340 1324 1370 ut,
1351 1335 1522 1371 quicunque
1547 1334 1596 1362 he·

70 1383 155 1412 ‘redes
177 1382 236 1413 inis
260 1385 380 1414 existere
401 1386 596 1423 colligantur,
618 1385 673 1413 hoc
702 1391 830 1422 tempore
852 1388 980 1415 nondum
1006 1388 1219 1423 praeterlapso,
1238 1387 1352 1415 nullum
1373 1387 1422 1423 jus
1445 1386 1475 1414 in
1496 1391 1594 1414 eorum

76 1433 153 1463 bona
177 1442 410 1472 consequantur,
433 1445 532 1472 neque
562 1437 802 1466 administrationi
836 1437 979 1466 bonorum
1005 1446 1035 1466 se
1063 1437 1223 1466 immiscere
1252 1437 1375 1473 possint.
1424 1438 1520 1474 Hujus
1555 1437 1593 1465 rei

78 1485 194 1521 elegans
213 1487 337 1516 occurrit
359 1489 520 1524 exemplum
546 1488 576 1517 in
597 1488 736 1517 sententia
760 1487 865 1516 Curiae
889 1497 1036 1524 supremae
1051 1488 1104 1516 diei
1131 1496 1169 1517 20
1193 1488 1280 1517 Febr.
1309 1489 1392 1523 1809.
1417 1488 1495 1523 apud
1516 1487 1594 1515 Ron-

73 1535 230 1572 -donneau,
253 1537 339 1575 Corps
356 1538 390 1566 de
412 1538 503 1566 Droit
526 1540 690 1575 Franfais,
719 1538 808 1568 Tom.
830 1539 881 1568 111.
909 1546 980 1575 part.
998 1547 1025 1568 2.
1046 1549 1077 1575 p.
1093 1546 1162 1575 525.
1203 1540 1264 1567 Imo
1286 1538 1359 1566 idern
1383 1539 1533 1567 dicendum
1551 1540 1594 1567 vi-

72 1586 175 1623 detur,
203 1587 270 1616 licet
291 1588 357 1624 quis
380 1589 415 1617 ad
434 1597 553 1625 poenam
581 1589 787 1618 condemnatus
813 1590 871 1626 sit,
900 1598 972 1626 quae
996 1596 1115 1618 mortem
1139 1589 1252 1618 civilem
1279 1596 1376 1618 secum
1403 1588 1476 1625 fert,
1506 1590 1593 1618 modo

1534 1641 1595 1669 Ab·

71 1719 190 1747 ἰι-οερῑίς,
211 1726 286 1743 termo
304 1721 348 1750 sit,
370 1722 444 1750 iisque
464 1723 531 1746 etiam
551 1729 717 1753 prospectum,
743 1723 783 1751 qul
805 1730 816 1745 a
836 1725 904 1748 loco,
926 1730 971 1751 quo
989 1723 1103 1751 negotium
1122 1725 1244 1750 gerendum
1263 1729 1312 1751 est,
1329 1724 1426 1748 absunt,
1442 1722 1528 1746 etiamsi
1550 1729 1590 1745 eos

76 1761 99 1784 in
121 1762 181 1784 vivi·
202 1768 251 1784 esse
272 1763 330 1784 inter
349 1769 427 1786 omnes
447 1771 545 1787 constet.
574 1765 627 1788 vid.
649 1771 672 1787 v.
693 1771 727 1791 gr.
749 1770 797 1789 arr.
812 1765 861 1788 Cvtl.
876 1765 925 1786 civ.
940 1772 990 1788 222.
1010 1767 1037 1787 ad
1051 1771 1117 1792 quem
1131 1766 1193 1788 conf,
1209 1764 1327 1785 Muleville
1340 1771 1364 1787 et
1378 1765 1462 1792 Locri,
1480 1769 1525 1786 art.
1541 1764 1591 1791 819.

75 1802 124 1831 ⁸40·
141 1809 201 1831 1427.
215 1804 282 1831 2265.
303 1806 353 1827 add.
375 1805 425 1827 eod.
445 1805 471 1825 de
492 1810 540 1829 rat,
558 1805 650 1832 proccd,
668 1805 693 1825 in
710 1806 778 1829 Cfvtt,
803 1811 849 1828 art.
864 1813 914 1835 909,
935 1806 954 1834 ς,
967 1812 987 1831 3.
1007 1812 1058 1834 9¹¹·
1080 1807 1099 1831 (Ξ.
1114 1813 1134 1828 2.
1158 1809 1208 1834 9²8·
1223 1812 1273 1833 942.

102 1844 152 1870 (s)
172 1846 240 1865 Coun
257 1845 282 1866 ale
303 1846 373 1867 Dron
391 1846 512 1874 frangatur,
534 1847 600 1870 Tum.
614 1848 632 1869 1.
655 1853 678 1874 p.
694 1847 743 1870 128.
767 1847 821 1869 irem
843 1856 858 1876 p
884 1854 939 1875 133,
953 1854 1001 1874 seq.
1037 1848 1066 1869 At
1086 1850 1148 1875 qnod
1168 1848 1189 1869 in
1210 1848 1265 1875 ipsis
1286 1846 1476 1874 disputationibus
1494 1847 1592 1874 accidit,

72 1889 132 1907 (ente
154 1885 248 1913 Lvrrev,
268 1887 283 1910 l.
299 1887 315 1910 Ι.
339 1895 361 1915 p.
375 1893 427 1916 291.
443 1894 466 1910 et
488 1893 537 1914 307·
565 1894 589 1910 ut
609 1889 659 1911 scil.
681 1888 773 1911 nimium
795 1891 982 1912 adhaerescerent
1009 1889 1082 1910 veteri
1104 1891 1130 1911 de
1150 1889 1286 1911 Absentibus
1307 1889 1425 1917 opinioni,
1447 1895 1519 1916 neque
1538 1889 1590 1910 satis

75 1927 235 1953 distinguerent
253 1928 363 1950 Absenies
386 1930 413 1950 ab
436 1928 479 1955 iis..
501 1929 540 1956 qui
561 1935 644 1952 tantum
667 1937 678 1952 a
701 1930 818 1953 domicilio
839 1932 946 1958 aberant,
968 1930 1026 1952 idem
1044 1928 1141 1952 fortasse
1163 1929 1315 1950 Proudhonum
1339 1931 1362 1953 in
1393 1936 1489 1952 eriorern
1516 1929 1591 1955 duxit,

73 1966 140 1989 ‘buce
162 1968 324 1995 disputationes
344 1971 512 1996 consulentem,
529 1977 624 1998 quarum
643 1977 717 1995 tamen
738 1973 793 1995 haec
815 1971 858 1994 sui:
876 1978 975 1999 summa,
991 1978 1015 1994 ut
1035 1977 1120 1994 tantum
1135 1973 1246 1994 Absentes
1265 1973 1380 1996 attendere
1403 1976 1497 1993 necesse
1517 1970 1590 1992 visum

72 2009 156 2036 tuerit,
172 2015 266 2037 quorum
283 2016 333 2034 sors
353 2013 419 2041 plane
438 2012 588 2039 ignorabatur.

860 2053 921 2083 132
