1913 2417
402 121 909 159 COMMENTATIO
967 118 1326 152 BOTANICA.
1577 122 1613 152 ες

101 213 214 249 versis,
236 218 263 241 et
277 212 353 247 assre‚
373 212 388 249 (
399 212 553 241 secundum
574 211 718 241 Grewiasm
739 209 754 246 (
765 208 846 245 39),
868 206 917 242 qui
934 211 1082 242 propterea
1099 203 1169 232 folia
1185 202 1346 239 plantarum
1364 199 1516 235 pulmones
1532 204 1610 232 prae-

102 265 227 302 dicat‚)
248 265 363 300 repletis
377 271 491 292 constat
509 263 610 300 (40).
651 260 825 289 Saussurius
840 263 949 294 praeter
964 258 1018 285 hos
1033 256 1176 284 utriculos
1187 254 1305 290 majores
1316 271 1326 286 ‚
1347 251 1377 278 in
1393 249 1611 286 parenchymate

103 316 215 346 invenit
245 316 317 343 alios
347 315 451 343 millies
484 321 512 342 et
544 314 618 342 ultra
645 312 796 345 minores,
826 309 878 344 qui
910 308 1060 346 conjuncti
1097 307 1174 335 forte
1207 304 1327 341 majores
1357 301 1425 329 illos
1452 300 1611 328 constitue-

104 374 167 396 rent
190 367 292 404 (41)·
332 367 409 395 Idem
434 371 537 393 auctor
561 363 698 393 foliorum
718 362 909 399 parenchyma
932 368 998 388 cum
1024 366 1121 387 eorum
1148 355 1255 386 cortice
1272 360 1458 389 comparans,
1486 350 1613 384 invenit,

105 419 187 448 illius
208 427 276 447 vasa
299 424 326 445 et
348 425 427 446 areas
450 417 556 454 majora
586 423 667 450 esse,
697 422 782 450 quam
806 414 835 442 in
862 412 985 446 cortice,
1014 410 1152 443 illiusque
1177 415 1242 435 vasa
1271 404 1331 433 fere
1360 410 1473 439 semper
1503 401 1616 430 colora-

106 476 137 499 ta
168 476 196 498 et
225 469 340 505 quidem
372 467 457 496 viridi
488 468 585 496 colore
613 467 715 495 induta
740 473 803 494 esse
832 464 927 500 (42).
983 460 1156 490 Saussurius
1186 462 1328 494 praeterea
1356 452 1520 483 observavit
1547 452 1617 489 (ip-

108 522 173 552 sius
196 529 288 550 autem
312 519 492 548 Sennebierii
513 519 597 556 (43)
621 517 737 552 verbis,
769 524 805 544 ne
837 514 924 543 nimis
946 512 1064 541 barbare
1086 510 1207 545 loquar,
1228 507 1273 536 uti
1298 505 1369 534 mihi
1389 504 1499 541 liceat)
1520 523 1546 539 ‚‚
1564 509 1621 538 que

109 593 137 610 „
158 573 185 600 le
210 571 399 608 parenchyme
419 571 468 598 des
500 569 612 598 feuilles
633 575 676 598 est
696 567 835 603 compost}
859 566 892 594 de
917 571 985 600 gros
1009 562 1161 591 vaisseaux
1188 565 1389 594 transparens,
1417 554 1618 584 anastomoses

110 644 136 661 ‚‚
156 624 227 653 dans
254 629 349 651 toutes
375 623 451 650 leurs
480 627 667 656 rencontres,
697 624 725 647 et
746 618 858 655 gonfles
880 617 949 644 dans
977 615 1052 642 leurs
1077 611 1259 646 intel-vallem
1289 609 1361 638 c'est
1385 615 1452 637 sans
1477 606 1565 635 doute
1587 611 1621 632 ce

109 695 134 712 ‚‚
156 675 348 711 gonflement,
369 674 420 709 qui
441 682 457 701 a
479 671 532 700 fait
555 671 646 700 croire
667 670 831 698 l'existence
854 668 903 696 des
928 666 1088 694 vesicules:
1127 664 1151 692 ll
1177 672 1192 691 a
1213 669 1316 690 encore
1345 658 1491 693 remarque
1525 664 1564 684 un
1584 662 1626 682 re-

112 746 138 762 „
160 735 246 755 seaux
267 726 301 754 de
324 725 408 753 fibres
431 731 490 752 tres
508 723 627 751 visibles
645 742 656 757 ‚
685 728 713 749 et
735 721 756 748 il
780 720 827 748 n'a
848 719 933 755 point
965 725 1003 745 vu
1032 716 1058 744 la
1082 715 1199 743 matiere
1230 711 1348 749 grainue
1374 710 1408 738 de
1438 709 1479 738 du
1502 706 1628 740 Hamcl,

113 797 140 814 ,‚
162 777 210 812 qui
232 786 248 805 a
271 784 338 805 sans
363 776 452 805 doute
473 774 562 803 decrit
585 773 739 800 seulement
764 771 790 799 le
815 768 1005 805 parenchyme
1028 767 1077 794 des
1103 764 1212 799 frans,
1235 762 1329 791 tandis
1355 768 1411 797 que
1434 759 1468 787 de
1489 758 1631 787 Saussara

113 847 140 865 ,2
161 827 273 863 depeint
292 825 367 854 celui
395 826 444 854 des
468 824 583 853 feuilles
597 844 608 860 ,
638 823 690 859 qui
710 831 741 851 se
761 820 922 858 rapproche
953 819 1102 854 beaucoup
1136 816 1170 844 de
1195 813 1271 843 celui
1294 814 1329 842 de
1351 811 1476 840 l'e'eorce
1499 816 1527 838 et
1550 809 1584 837 de
1604 807 1632 836 la

111 900 141 916 „
161 879 272 908 moene.
285 877 305 890 ”

864 892 874 904 b

157 932 207 960 Cl.
237 931 415 968 Comparetti
437 930 524 968 (44)
548 929 711 965 plantarum
734 925 987 956 succulentarum‚
1007 919 1098 950 veluti
1121 918 1209 947 Aloes
1230 923 1257 945 et
1279 914 1442 952 Opuntiae,
1472 913 1544 943 folia
1566 918 1634 940 exa·

116 982 261 1017 minanti,
287 989 385 1010 eorum
408 981 599 1017 parenchuma
629 985 687 1006 rete
717 984 802 1006 tenue
829 975 981 1003 admodum
1006 971 1101 1000 visum
1128 976 1190 1004 est,
1217 967 1370 996 continens
1399 973 1484 1002 parva
1519 960 1638 999 granula

121 1034 308 1072 glandulosa‚
329 1032 494 1062 substantia
519 1029 694 1059 atro-viridi
716 1035 744 1056 et
769 1026 919 1063 glutinosa
940 1023 1090 1052 involuta:
1110 1021 1178 1048 haee
1202 1016 1365 1046 substantia
1388 1017 1414 1044 ei
1436 1013 1565 1043 exhibuit
1589 1019 1638 1040 ve·-

118 1085 277 1115 sicularum
300 1089 488 1121 apparatum,
514 1089 618 1119 parvas
644 1080 739 1110 bullas
762 1074 998 1116 aquen-aereas,
1024 1072 1072 1101 hic
1096 1075 1314 1105 nonnumquam
1345 1068 1491 1096 haerentes
1508 1083 1520 1100 ,
1547 1063 1581 1092 de
1608 1068 1639 1091 se

118 1138 343 1167 demittentium.

165 1190 294 1219 musa-is
327 1189 539 1226 Brugmansius
561 1185 754 1223 parenchyma
781 1180 920 1211 foliorum
955 1185 1018 1206 esse
1037 1180 1122 1212 putat
1153 1179 1278 1210 systema
1313 1168 1516 1207 glandulosum
1533 1186 1544 1202 ‚
1580 1163 1646 1192 ubi-

125 1247 185 1276 que
205 1240 304 1268 sceleti
327 1239 466 1268 foliorum
491 1246 569 1266 areas
590 1237 701 1272 replens
714 1255 725 1270 ‚
745 1239 773 1262 et
795 1240 862 1261 cum
884 1230 974 1267 huius
991 1227 1069 1256 vasis
1086 1224 1290 1254 commercium
1310 1222 1405 1250 alens:
1430 1217 1551 1248 examini
1566 1215 1645 1245 Che-

127 1290 206 1320 mico
229 1289 301 1317 idem
326 1288 387 1318 Vir.
413 1288 462 1317 Cl.
487 1288 559 1316 hanc
582 1286 721 1315 foliorum
745 1289 854 1320 partem
888 1279 1062 1310 submittens
1089 1276 1220 1311 invenit,
1245 1274 1274 1303 in
1307 1272 1387 1302 foliis
1419 1270 1525 1300 adultis
1552 1274 1651 1303 paren·

128 1340 273 1378 chymatis
295 1337 487 1369 substantiam
508 1336 673 1371 resinosae,
703 1335 733 1363 in
754 1338 844 1362 aetate
866 1339 936 1360 vero
952 1330 1050 1358 minus
1071 1325 1218 1365 provectis
1244 1330 1411 1363 gummosae
1431 1327 1493 1349 esse
1525 1317 1652 1352 indolis,

129 1391 162 1421 :in
186 1391 232 1420 his
259 1392 353 1427 aqua,
375 1389 405 1418 in
428 1388 487 1417 illis
510 1388 619 1424 spiritu
638 1386 700 1415 vini
723 1384 878 1414 solubilem
902 1381 1001 1419 (45).

173 1442 257 1472 Usus
283 1442 371 1478 hujus
403 1439 652 1476 parenchymatis,
677 1436 724 1466 vel
748 1436 854 1472 pulpae
876 1433 1036 1467 foliorum,
1059 1430 1090 1459 in
1115 1438 1148 1458 eo
1163 1427 1316 1463 consistit,
1343 1432 1376 1455 ut
1398 1425 1563 1459 liquorum,
1588 1423 1651 1446 tum

131 1503 185 1535 per
207 1493 335 1528 radices,
355 1497 418 1519 tum
442 1499 492 1527 per
509 1489 648 1519 foliorum
679 1495 787 1524 organa
813 1483 996 1515 absorbentia
1013 1502 1024 1517 ,
1052 1481 1259 1518 absorptorum
1281 1485 1309 1509 et
1337 1478 1393 1505 lruc
1424 1473 1583 1503 delatorum
1606 1476 1650 1497 se-

133 1545 291 1576 cretionem
312 1541 468 1578 instituat,
490 1548 523 1572 ut
546 1540 621 1571 infra
644 1539 730 1578 (46)
751 1537 849 1568 fusius
872 1533 1048 1565 videbimus.

1567 1604 1598 1640 ς.
1629 1602 1658 1631 8.

166 1708 238 1738 (39)
254 1708 431 1730 Vaderlandsche
451 1707 681 1735 Leturoefane'ngen,
700 1705 730 1730 D.
744 1705 776 1728 11.
797 1701 829 1726 St.
844 1702 873 1725 11.
897 1706 948 1731 pag·
966 1701 1018 1728 67⁸,

168 1751 241 1780 (4ο)
263 1751 404 1778 Μαφίςὴίιη
423 1750 439 1772 1.
457 1756 476 1773 c,
501 1756 550 1778 pag,
566 1755 592 1776 51
609 1755 660 1776 sqq,

171 1794 236 1821 (41)
262 1793 367 1812 Samum:
390 1792 405 1814 Ι.
420 1797 440 1814 c.
462 1797 513 1819 pag.
528 1792 565 1816 56.
848 1785 917 1815 (42)
937 1785 1043 1806 Saussure
1066 1782 1083 1805 1.
1098 1787 1118 1804 c.
1141 1785 1191 1808 pag.
1209 1783 1246 1805 ⁴³·

173 1834 241 1862 (43)
262 1833 382 1854 Sennebier
406 1832 422 1854 Ι.
438 1838 448 1852 c
477 1833 506 1854 Τ.
524 1833 540 1854 l.
567 1837 618 1859 pag·
636 1830 685 1857 163.
854 1825 919 1855 (⁴⁴)
942 1825 996 1848 vid.
1018 1822 1142 1844 Sennoln'n
1163 1820 1180 1842 1.
1195 1825 1214 1841 c.
1237 1822 1286 1845 pag.
1305 1814 1356 1844 164.

179 1876 244 1902 (45)
264 1876 316 1896 Vid-
338 1875 362 1895 S·
379 1874 405 1898 J·
427 1874 564 1900 Brugmans,
586 1870 778 1897 Naruurkundlge
802 1866 969 1894 Vcrhandeh'ng
990 1870 1042 1887 over
1061 1868 1129 1885 conen
1149 1857 1346 1885 Zwavelachtigm
1365 1853 1439 1880 Neve!
1458 1853 1482 1874 r’n
1501 1852 1526 1874 de
1547 1849 1671 1875 Pnya'ncfffl

151 1914 207 1937 stad
225 1920 252 1934 an
273 1913 346 1934 Lauda
368 1919 550 1940 waargenomen,
570 1919 622 1941 pag,
637 1918 674 1940 44,

181 1955 248 1984 (⁴⁶)
269 1955 345 1978 sectlo
360 1955 399 1979 1v.
424 1961 475 1984 cap.
488 1961 509 1981 ο.
534 1954 554 1980 S.
569 1959 590 1979 4.
