1913 2417
237 204 272 239 58
604 201 1384 241 JtR.THORssECK'E

239 283 327 313 variis
348 283 442 312 modis
466 283 612 313 Arcesilas
636 285 787 318 tuebatur,
815 293 889 319 quos
919 285 1022 314 Sextus
1048 286 1196 326 memoriae
1224 294 1281 314 non
1318 283 1456 321 prodidit.
1499 283 1752 321 Comprehensia-s-

242 343 278 363 ne
299 342 391 362 autem
416 334 547 369 sublata,
569 344 748 371 consequens
772 342 832 371 est,
855 336 950 364 omnia
965 344 1027 364 csse
1042 338 1245 370 dxxi-damna.
1287 336 1517 371 Comprehensio
1534 337 1606 364 enim
1629 344 1675 365 arx
1699 341 1748 364 eat

242 391 270 413 et
297 385 451 420 palladium
475 386 682 421 Dogmatismi3
713 395 796 421 quam
831 394 972 423 tamquam
997 387 1139 416 criterium
1160 387 1404 416 veritatisrstoici
1431 386 1640 414 custodiebant.
1689 386 1746 415 Re-

240 436 315 472 J'eeta
335 436 604 472 comprehensione,
625 437 827 472 relinquuntur
850 438 1061 472 ozam-mmm,
1084 438 1189 472 quibus
1217 438 1267 472 qui
1289 437 1477 471 assentietur,
1498 437 1665 471 opinabitur
1681 438 1746 475 (1).

242 487 338 523 Igitur
359 489 490 524 sapiens,
510 489 535 515 si
559 487 615 515 ulle·
635 490 680 516 rei
702 490 875 516 assentietur
900 498 1054 525 umquam,
1076 488 1233 526 aliquando
1257 490 1347 516 etiam
1371 487 1539 526 opinabitur
1567 489 1647 524 (2).

286 537 453 575 Numquam
479 543 574 566 autem
604 539 791 576 opitmbitur:
820 540 883 575 ipsa
910 539 1044 574 sapientis
1067 539 1153 567 notio
1172 545 1268 573 vetat,
1292 547 1327 567 ne
1350 539 1504 574 opinetur,
1525 537 1545 565 i.
1571 545 1594 566 e.
1627 536 1698 566 falsa
1721 543 1750 567 et

245 587 392 624 incognita
418 589 583 617 assensione
604 597 657 617 sua
677 590 865 625 comprobet:
896 590 960 618 dein
992 590 1144 618 adversarii
1176 590 1266 618 Stoici
1296 590 1430 624 dabant,
1452 587 1636 625 opinionem,
1661 597 1746 625 quam

245 639 334 668 unius
359 640 440 667 stulti
463 648 526 668 esse
546 639 771 675 arbitrabantur,
794 640 822 668 in
848 641 1002 676 sapientem
1026 641 1123 668 cadere
1144 649 1203 668 non
1226 649 1313 676 posse
1334 640 1415 677 (3).

282 689 373 726 Igitur
395 690 471 718 nulli
494 693 539 719 rei
563 693 674 729 sapiens
697 692 889 726 assentietur,
920 691 940 720 i.
964 699 986 720 e.
1020 691 1053 719 de
1087 691 1223 719 omnibus
1252 691 1337 719 rebus
1371 690 1568 719 assensionem
1596 690 1752 719 sustinebit

245 741 361 776 sapiens
384 742 462 779 (4).
504 742 569 777 Ita,
599 749 629 770 ut
653 741 907 778 argumentationis
933 750 1049 770 cursum
1063 763 1074 777 ,
1104 749 1131 771 et
1154 742 1252 771 itinera
1274 743 1436 779 Augustini
1459 741 1528 778 (5)
1551 740 1645 769 verbis
1668 740 1765 776 repiioe

246 799 363 821 cemus:
410 812 428 828 ‚,
448 793 627 822 Academicis
652 792 776 829 placuit,
807 800 860 820 nec
882 793 992 821 homini
1015 793 1162 822 scient-iam
1189 802 1277 829 posse
1300 793 1465 829 contingere
1493 799 1588 820 earum
1618 791 1755 821 duntaxat

247 862 270 878 „
290 851 402 878 rerum,
427 853 496 880 quae
514 845 547 873 ad
571 844 788 880 philosophiam
813 844 974 879 pertinent,
997 860 1034 865 ——-
1055 851 1190 872 et-tamen
1212 844 1354 872 hominem
1379 852 1466 880 posse
1482 851 1545 871 esse
1571 842 1752 878 sapientem,
1908 825 1913 875 ³.

251 910 273 929 „
292 894 490 930 sapientisque
522 902 615 923 totum
641 902 752 922 munus,
768 893 801 921 in
828 894 1044 928 conquisitione
1060 895 1120 922 veri
1134 895 1285 930 explicari.
1320 895 1366 923 Ex
1391 903 1448 929 quo
1470 893 1594 928 confici,
1624 900 1657 921 ut
1680 893 1754 921 nulll
1912 887 1913 898 ³

247 962 270 980 ,,
289 944 369 972 etiam
392 945 432 973 rei
455 945 571 981 sapiens
590 945 777 974 assentiatur:
801 951 872 972 erret
894 945 968 974 enim
996 953 1112 974 necesse
1134 952 1200 980 est,
1229 945 1334 982 (quod
1359 944 1481 980 sapienti
1510 943 1591 972 nefas
1612 945 1704 981 est),
1729 945 1758 973 si

245 1012 269 1030 2,
288 995 459 1024 assentiatur
483 997 570 1024 rebus
594 996 723 1024 incertis.
764 996 803 1023 Et
825 996 920 1024 omnia
944 996 1049 1023 incerta
1072 1003 1154 1030 esse,
1174 1004 1233 1023 non
1256 996 1386 1023 dicebant
1410 995 1526 1028 solum,
1547 1003 1644 1022 verum
1670 995 1754 1024 etiam

249 1045 504 1080 „copiosissimis
526 1046 686 1074 rationibus
712 1045 894 1076 affirmabant.
936 1045 995 1074 Sed*
1008 1053 1105 1074 verum
1121 1054 1180 1074 non
1195 1053 1282 1081 posse
1306 1044 1507 1079 comprehendi
1523 1065 1540 1079 ,.
1559 1052 1593 1072 ex
1612 1045 1660 1073 illa
1677 1045 1758 1074 Stoi-
1907 1050 1913 1083 i

249 1113 271 1130 „
292 1095 318 1123 ci
343 1096 466 1125 Zenonis
495 1097 662 1126 definitione
684 1096 840 1132 arripuisse
866 1096 1053 1131 videbantur,
1074 1098 1126 1132 qui
1143 1096 1208 1131 ait',
1236 1096 1264 1124 id
1289 1104 1386 1124 verum
1414 1094 1522 1130 percipi
1546 1103 1659 1130 posse,.
1679 1096 1762 1132 quod
1910 1091 1913 1140 j

250 1164 272 1181 ,‚
293 1146 334 1173 ita.
352 1154 428 1175 esset
452 1149 547 1177 animo
576 1148 748 1184 impressum
771 1155 804 1175 ex
832 1155 869 1175 eo
888 1148 963 1175 unde
989 1153 1080 1182 esset,
1110 1154 1143 1175 ut
1167 1155 1231 1175 esse
1254 1155 1316 1175 non
1340 1152 1439 1181 posset
1463 1153 1506 1174 ex-
1522 1153 1584 1181 eo,
1605 1146 1679 1175 unde
1700 1155 1773 1176 non.-
1910 1147 1913 1192 j

250 1215 272 1232 ‚‚
291 1204 376 1227 esse&
427 1198 516 1236 Quod
546 1198 869 1234 brevius-planiusque
898 1198 921 1226 si
953 1199 1076 1233 dicitur,
1105 1198 1151 1226 his
1184 1198 1276 1234 signis
1305 1205 1402 1225 verum
1427 1204 1514 1232 posse
1535 1197 1764 1234 comprehendi,

251 1266 273 1283 ‚‚
294 1257 367 1284 quae
389 1249 470 1285 signa
492 1258 552 1278 non
575 1255 672 1285 potest
696 1249 817 1284 habere,
840 1250 918 1285 quod
941 1249 1047 1277 falsum
1075 1255 1131 1278 est.
1171 1249 1235 1277 Hoc
1256 1249 1428 1284 priusnon
1442 1255 1528 1283 posse
1544 1247 1687 1283 inveniri,
1710 1256 1763 1277 ve·
1910 1254 1913 1267 ¹

253 1317 274 1334 „
293 1299 528 1335 hementissime,
559 1307 598 1328 uti
614 1300 836 1335 convincerent,
857 1299 1061 1329 incubuerunt.
1101 1300 1169 1328 Inde
1191 1299 1396 1328 dissensiones.
1411 1299 1672 1334 philosophorum,
1693 1299 1778 1329 inde*-

254 1368 275 1385 ,‚
293 1351 578 1379 sensuumfallaciae
587 1371 603 1385 ,.
616 1351 681 1378 inde
701 1351 812 1379 somnia
829 1349 1016 1385 furoresque,
1040 1351 1105 1379 inde
1125 1350 1311 1385 pseudomeni
1329 1356 1357 1376 et
1378 1349 1482 1377 soritae
1505 1348 1534 1376 in
1559 1349 1637 1377 illius
1660 1357 1762 1378 causae
1909 1357 1913 1388 ἦ

256 1418 277 1435 „
297 1402 463 1437 patrocinio
478 1402 644 1438 viguerunt.
684 1400 725 1428 Et
740 1408 804 1428 cum
823 1399 857 1428 ab
881 1401 977 1428 eodem
997 1400 1110 1429 Zenone
1133 1401 1328 1435 accepissent,
1358 1398 1432 1426 nihil
1452 1406 1515 1426 esse
1538 1400 1653 1435 turpius
1676 1407 1762 1436 quam

256 1470 276 1487 ,‚
296 1452 425 1487 opinari,
456 1452 643 1481 confecerunt
669 1452 870 1486 callidissime,
900 1459 932 1479 ut
960 1451 989 1479 si·
1009 1452 1081 1479 nihil
1106 1450 1221 1487 percipi.
1244 1455 1364 1486 posset,
1394 1455 1428 1483 et¹
1447 1454 1522 1478 esset
1548 1449 1676 1486 opinatio
1701 1457 1768 1480 tur·-

256 1522 276 1539 „
296 1505 432 1541 pissima,
461 1503 541 1532 nihil
558 1511 691 1538 umquam
718 1502 831 1539 sapiens
852 1502 1031 1537 approbaret.
1043 1500 1063 1514 ''

291 1555 390 1591 Caput
414 1554 501 1590 igitur
525 1552 738 1582 controversiae
769 1552 920 1588 videmus,
950 1553 979 1582 in
1004 1562 1063 1589 quo
1094 1553 1194 1582 omnis·
1216 1552 1367 1582 Arcesilae
1387 1553 1772 1590 disputatio-consumebaae

251 1613 317 1636 tur:
348 1607 456 1642 quibus
489 1604 674 1640 potissimum
706 1603 800 1631 modis
827 1604 901 1632 nihil
924 1604 991 1632 sciri
1017 1613 1104 1640 posse
1128 1606 1311 1641 probaverit,
1341 1605 1492 1633 memoriae
1520 1605 1769 1634 mandatumnon

255 1665 311 1688 est.
354 1678 374 1692 „
392 1658 527 1692 Quatuor
550 1662 642 1684 autem
668 1661 738 1683 sunt
757 1655 869 1690 capita,
899 1663 972 1690 quae
998 1656 1172 1684 concludant
1199 1656 1272 1684 nihil
1303 1664 1384 1691 esse,
1413 1657 1490 1692 quod
1513 1655 1615 1690 nosci,
1635 1656 1764 1692 percipi,

256 1730 278 1746 ,.,
297 1707 500 1744 comprehendi
515 1706 628 1742 possit;
651 1706 685 1734 d'e
702 1713 761 1741 quo
773 1705 839 1734 haec
856 1712 918 1733 tota
936 1705 1067 1741 quaestio
1083 1713 1139 1735 est.
1178 1707 1203 1735 E
1223 1707 1331 1742 quibus
1346 1707 1469 1742 primum
1484 1713 1549 1741 est,
1570 1714 1632 1734 esse
1645 1706 1764 1741 aliquod

258 1780 279 1796 „
297 1762 391 1789 visum
415 1759 536 1793 falsum;
560 1758 737 1791 secundum,
756 1764 814 1784 non
836 1764 924 1791 posse
949 1757 976 1784 id
1002 1757 1130 1792 percipi;
1153 1757 1288 1791 tertium,
1311 1758 1383 1786 inter
1406 1765 1478 1793 quae
1500 1757 1560 1785 visa
1584 1757 1655 1784 nihil
1681 1757 1773 1785 inter—

261 1831 280 1847 „
300 1811 354 1845 sit,
376 1810 434 1838 fieri
450 1817 509 1838 non
530 1816 636 1843 posse,
659 1815 690 1835 ut
707 1816 803 1836 eorum
815 1808 868 1835 alia
889 1807 997 1843 percipi
1019 1808 1153 1843 possint,
1175 1809 1228 1837 alia
1244 1817 1302 1837 non
1326 1808 1459 1845 possint:
1483 1813 1632 1842 quartum,
1653 1807 1771 1836 nullumv

260 1882 280 1898 ‚‚
300 1870 361 1891 esse
385 1868 480 1889 vrsum
506 1867 604 1888 verum
625 1867 641 1886 a
666 1866 756 1887 sensu⁴
778 1857 961 1894 profectum,
989 1858 1037 1887 cui
1062 1867 1122 1888 non
1147 1858 1318 1895 oppositum
1344 1859 1383 1888 sit
1403 1859 1499 1888 visum
1516 1857 1619 1894 aliud,
1635 1859 1712 1894 quod
1731 1858 1772 1886 ab·

1699 1917 1778 1948 ,φεῦ

285 1974 338 2004 (ι)
354 1972 378 1999 §-
396 1974 445 1997 ¹36.
562 1972 615 1999 (τ)
630 1972 651 1997 S·
673 1973 728 2000 ¹56,
745 1978 795 2000 ¹57-
909 1972 961 2002 (3)
976 1973 1027 1996 Via.
1049 1973 1110 1995 Sext.
1131 1973 1146 1994 1.
1165 1973 1181 1994 1.
1199 1975 1219 2000 ς.
1234 1977 1283 1999 1⁵7·
1304 1973 1375 1994 Acnd.
1399 1972 1426 1993 11.
1448 1976 1485 1994 21.

283 2015 336 2044 (⁴)
351 2014 414 2038 sun.
433 2012 490 2035 ibid.
511 2013 532 2041 s.
546 2018 594 2038 ¹57.
712 2013 767 2041 (⁵)
783 2014 868 2037 Contra
887 2015 959 2038 Aeni.
981 2015 1008 2039 u.
1027 2020 1048 2036 c.
1064 2020 1087 2042 5·
1106 2013 1127 2038 §-
1145 2019 1181 2039 ιι.
1201 2019 1225 2042 p.
1245 2018 1292 2042 ¹99·
1311 2014 1339 2037 Ε.
1357 2014 1381 2037 P·
1398 2017 1450 2038 που.
1468 2014 1497 2037 Δ,
1518 2011 1549 2041 Β.
