1913 2417
269 176 312 214 ili
724 175 750 206 J.
803 174 1287 218 T.1“LUSCHRE‚

267 267 337 300 fieri
362 267 536 300 deberent?
580 269 625 301 At
656 268 753 307 illud,
776 268 864 312 quod
891 270 1100 313 scriptoribus
1131 271 1243 311 sacris,
1275 272 1432 315 imprimis
1460 273 1499 308 N.
1517 275 1551 306 T.
1587 274 1734 318 proposi-⁴

267 332 337 357 tum
369 334 456 367 erat,
495 337 560 357 non
591 336 744 368 magnum
774 333 842 364 est,
867 327 922 358 sed
955 329 1157 366 maximum,
1187 339 1254 360 non
1288 328 1431 360 medium
1458 337 1531 368 est,
1563 330 1618 362 sed
1643 342 1733 362 suma

267 394 378 422 mum,
412 390 440 414 et
475 390 511 414 ut
546 382 729 413 brevissime
762 382 878 425 pariter
911 393 947 414 ac
984 384 1249 427 ponderosissime
1285 385 1413 425 dicam,
1444 397 1512 418 non
1556 386 1737 420 humanum

266 446 334 477 cst,
359 439 413 471 scd
437 440 594 471 divinum
641 439 738 478 Quod
764 450 869 482 ipsum
905 447 1011 472 tamen
1042 440 1137 484 quale
1161 443 1219 479 sit,
1249 453 1324 473 curn
1353 443 1393 473 sit
1417 442 1491 473 dicu
1515 450 1546 474 et
1572 443 1732 488 explicatu

264 496 511 534 difficillimum,
534 507 663 539 operam
689 495 788 535 dabo,
822 504 857 528 ut
890 497 952 528 levi
981 499 1051 540 ejus
1086 497 1329 530 adumbratione
1354 506 1438 531 certe
1460 499 1554 543 quale
1579 511 1648 533 non
1675 501 1736 540 sit,

266 560 429 596 appareat,
450 561 483 585 et
514 554 623 596 paucis
652 553 757 585 verbis
781 555 940 595 originem
964 553 1004 585 ab
1035 554 1160 597 origine
1182 563 1331 598 repetam.

309 611 364 640 Est
393 610 461 641 Ens
493 620 643 641 arcanum
664 634 673 651 ,
706 610 957 649 absconditum,
990 611 1297 654 impervestigabile,
1329 613 1422 655 cujus
1453 613 1675 654 majestatem,
1707 614 1735 646 si

265 666 417 697 omnibus
444 673 475 697 et
500 667 685 698 mortalium
717 675 749 698 et
780 667 931 699 ccelitum
957 667 1075 710 linguis
1101 668 1293 711 loquereris,
1326 681 1392 700 non
1422 670 1626 712 eloquereris.
1675 670 1736 701 Es-

264 731 299 753 se
321 722 419 761 illud,
445 730 532 754 certo
566 724 651 754 scis:
680 735 748 755 non
787 735 877 762 esse,
904 731 991 756 certo
1023 726 1133 757 nescis.
1189 728 1291 757 Deum
1319 727 1488 760 nominas:
1511 726 1567 757 sed
1590 732 1638 757 est
1664 727 1736 758 sine

267 779 423 811 nomine!
476 782 587 811 Unum
615 780 796 824 profiteris:
830 793 888 813 cur
922 793 1088 813 numerare
1123 783 1266 826 incipis?
1304 783 1385 815 absit
1421 783 1462 814 ab
1492 794 1531 814 eo
1562 781 1734 814 numerus!

267 838 370 878 Agere
402 843 456 867 aut
486 839 647 879 quiescere
682 849 758 868 eum
786 837 888 869 dicis?
916 838 1051 870 absurde
1082 838 1236 882 loqueris!
1269 851 1333 870 non
1359 840 1447 871 enim
1477 840 1559 882 agit,
1582 840 1640 882 qui
1664 850 1737 883 per-

265 900 366 936 petuo
391 892 539 936 quiescit!
564 905 628 925 non
647 895 734 924 enim
754 895 907 937 quiescit,
931 896 989 939 qui
1010 904 1164 939 perpetuo
1182 895 1258 939 agit!
1307 898 1446 933 Vivum,
1471 896 1614 934 bouum,
1633 902 1738 927 aeter·

266 958 347 980 rium
372 949 555 992 praedicas?
576 949 655 993 quid
685 950 846 983 docuisti?
869 953 968 983 vitam
989 953 1096 984 vivere
1123 953 1249 989 dixisti,
1277 953 1378 984 lucem
1405 954 1509 984 lucere
1536 952 1735 990 memorasti,

262 1004 298 1036 id
326 1005 414 1048 quod
443 1013 508 1046 est,
529 1017 603 1038 -esse
624 1007 785 1039 docuisti!
831 1008 1006 1040 Perfectum
1040 1021 1113 1040 enin
1151 1010 1318 1052 appellas?
1347 1016 1527 1053 comparate
1552 1009 1612 1040 hoc
1636 1019 1739 1039 enuu-

264 1061 406 1100 cavisti,
432 1062 486 1093 sed
506 1063 545 1094 de
573 1065 641 1094 Deo
664 1065 790 1106 agitur,
821 1071 858 1095 ut
886 1064 1001 1107 loquar
1030 1076 1105 1096 cum
1129 1065 1341 1101 Tertullian0‚
1370 1066 1464 1107 cujus
1494 1064 1554 1095 hoc
1581 1064 1742 1107 principa·

267 1115 339 1149 liter
364 1120 532 1162 proprium
550 1126 623 1155 est..
657 1119 779 1151 nullius
812 1121 951 1164 exempli
977 1132 1088 1164 capere
1120 1125 1402 1164 comparationem.
1458 1123 1608 1152 Sanctum
1630 1127 1661 1152 et
1690 1130 1738 1151 sa-

267 1172 408 1215 pientem
437 1175 560 1207 laudas!
594 1183 677 1207 recte
700 1174 791 1213 facis,
822 1177 877 1208 sed
902 1178 1011 1209 desine
1039 1180 1105 1221 jam
1132 1179 1233 1210 ullum
1261 1179 1424 1209 hominem
1450 1188 1563 1209 vocare
1590 1184 1739 1208 sanctum

267 1235 325 1260 aut
349 1230 538 1273 sapientem!
583 1233 699 1264 Mundi
726 1240 887 1264 auctorem
916 1241 948 1265 et
966 1242 1142 1266 creatorem
1169 1235 1381 1278 pronuntias?
1430 1235 1555 1266 Utinam
1590 1234 1650 1265 hoc
1676 1233 1742 1276 pla-

266 1286 400 1318 nissime
441 1288 708 1332 intelligeremus!
764 1290 824 1321 Sed
860 1301 923 1333 qua
957 1293 1073 1323 mentis
1109 1293 1175 1323 acie
1205 1303 1278 1323 eum
1318 1291 1471 1332 incepisse
1510 1291 1741 1332 intelligemus,

269 1343 330 1384 qui
357 1355 526 1387 nunquam
551 1346 688 1389 incipit,
711 1347 787 1389 quia
815 1356 940 1390 semper
966 1349 1097 1392 incipit,
1121 1350 1179 1391 qui
1209 1359 1375 1389 nunqnam
1400 1347 1542 1390 peificit,
1565 1347 1640 1389 qnia
1661 1355 1743 1376 sem·

268 1406 329 1440 per
354 1400 501 1440 perficit?
544 1403 634 1442 Quae
671 1403 698 1434 si
735 1402 794 1434 tibi
820 1405 996 1447 pugnantia
1024 1406 1199 1444 videntur,
1230 1407 1388 1448 agedum,
1418 1412 1598 1436 avertamus
1629 1401 1742 1433 oculo!

268 1456 388 1486 mentis
411 1453 451 1485 ab
475 1454 529 1486 illa
556 1458 626 1486 luce
652 1459 827 1497 inaccessa,
848 1467 882 1491 et
906 1461 1136 1494 descendamus
1163 1464 1197 1494 in
1224 1463 1322 1494 animi
1351 1460 1690 1504 hinnani‘penetralia.

314 1513 369 1541 Est
391 1511 562 1543 hominum
588 1513 751 1544 mentibus
774 1516 884 1552 insita,
906 1523 958 1546 est
984 1518 1139 1550 divinitus
1161 1521 1313 1562 impressa
1337 1521 1441 1560 imago
1467 1517 1580 1549 mundi
1596 1516 1636 1545 ab
1652 1514 1742 1545 omni

271 1574 360 1610 parte
389 1567 541 1611 praeclari
567 1575 598 1600 et
625 1568 776 1612 perfecti,
801 1571 869 1601 sive
897 1582 1005 1603 rerum
1032 1573 1155 1604 ordinis
1182 1572 1334 1604 omnibns
1368 1573 1512 1602 numeris
1541 1571 1678 1603 absoluti
1710 1577 1742 1602 et

269 1625 495 1658 consummati.
539 1626 672 1657 Coelum
693 1633 809 1658 vocant
836 1627 1029 1667 Christiani,
1054 1641 1120 1660 non
1143 1629 1222 1660 illud
1246 1630 1348 1660 oculis
1370 1628 1601 1671 atlspectabile,
1626 1629 1659 1659 in
1676 1638 1743 1670 quo

270 1679 396 1718 nubes,
427 1680 564 1719 imbres,
595 1683 747 1725 ventique
771 1691 950 1726 coguntur,
979 1686 1122 1717 tonitrua
1145 1693 1316 1717 moventur
1337 1692 1369 1717 et
1397 1684 1533 1716 fulmina
1557 1686 1742 1722 vibrantur,

272 1746 334 1768 nec
360 1737 444 1768 istud
482 1738 514 1768 in
547 1749 613 1780 quo
646 1739 801 1771 radiantia
833 1740 934 1771 sidera
968 1741 1294 1780 animadvertuntur,
1322 1752 1461 1785 quorum
1492 1740 1741 1772 constantissimi

268 1804 386 1825 cursus
418 1796 451 1825 in
483 1794 726 1826 admirationem
763 1807 798 1827 ac
824 1803 992 1840 stuporem
1019 1798 1166 1830 mortales
1197 1799 1400 1840 conjiciunt,
1428 1795 1484 1826 sed
1515 1798 1657 1826 innuunt
1682 1805 1743 1826 im-

271 1857 414 1880 mensam
451 1850 537 1881 illam
571 1858 602 1883 et
633 1852 826 1884 invisibilem
851 1854 1012 1885 civitatem
1039 1853 1203 1892 divinam,
1227 1855 1261 1885 in
1285 1863 1349 1897 qua
1377 1852 1500 1894 justitia
1525 1858 1636 1894 regnat.
1665 1861 1740 1883 cinn

273 1903 457 1941 sanctitate,
487 1907 542 1938 nbi
573 1908 699 1940 libertas
732 1921 789 1951 pro
815 1910 940 1953 legibus
963 1917 1037 1948 est,
1069 1913 1162 1955 cujus
1197 1912 1282 1943 cives
1314 1910 1453 1941 caritatis
1485 1915 1516 1939 et
1551 1908 1742 1940 concordiae

272 1958 425 1992 dulcibus
450 1960 589 1992 vinculis
616 1966 834 1996 continentur.
881 1970 1030 2010 Regnum
1056 1968 1119 2001 hoc
1149 1979 1222 2002 vere
1244 1967 1394 2000 divinum
1419 1972 1483 2003 est,
1507 1966 1591 1997 etin
1609 1976 1649 1997 eo
1672 1965 1742 1996 Filii
