1913 2417
319 155 338 186 6
589 152 828 192 JACOBI
885 149 1196 181 HERMANI
1251 149 1570 181 PHILIPSE‘

324 244 373 265 eos
394 235 580 266 centesimum
604 236 704 265 aetatis
726 243 852 270 annum,
879 241 1015 270 tanquam
1040 234 1172 263 ultimum
1198 234 1271 263 vitae
1295 233 1433 261 humanae
1455 232 1607 262 terminum
1621 252 1631 268 ,
1652 238 1722 268 seu,
1744 237 1778 262 nt
1797 233 1831 264 in

329 288 355 317 l.
373 288 422 325 56.
438 287 476 324 ff.
498 287 532 316 de
552 287 656 323 Usufr.
681 286 805 321 dicitur,
834 286 965 322 longaevi
986 285 1112 315 hominis
1135 286 1242 321 finem,
1270 291 1380 314 tantum
1408 291 1468 313 non
1491 292 1623 320 superare
1651 289 1835 321 statuerunt,

330 345 359 368 et
384 347 419 368 ne
441 339 496 368 hoc
516 339 629 374 quidem
652 338 746 373 spatio
770 337 804 364 ab
827 336 965 365 Absentis
985 336 1030 366 die
1045 337 1133 366 natali
1155 337 1347 373 praeterlapso
1367 344 1474 365 novum
1498 334 1709 364 matrimonIum
1733 342 1837 371 super·

325 389 399 419 ‘stiti
424 389 636 418 concedendum
663 387 882 423 existimarunt3
902 396 936 416 ex
958 397 1018 423 quo
1042 388 1185 424 principio
1213 393 1317 424 quanta
1348 386 1553 423 superstitibus
1574 386 1670 415 enasci
1686 385 1838 415 debuerint

328 441 530 475 incommoda,
552 445 608 468 tam
634 439 683 467 diu
705 439 739 467 de
757 437 896 467 Absentis
916 439 1090 474 patrimonio
1112 440 1250 474 incertis,
1270 447 1329 468 non
1352 445 1414 474 est,
1437 438 1516 474 quod
1538 438 1641 468 dicam.
1681 436 1745 465 Illic
1767 444 1837 466 vero

330 492 435 521 absens
447 497 514 519 ante
534 496 650 518 aetatem
671 498 724 518 100
740 498 879 518 annorum
901 496 1035 519 mortuus
1057 490 1236 526 habebatur,
1257 491 1296 518 ita
1316 496 1346 518 ut
1367 490 1428 525 ilii,
1452 489 1557 525 quibus
1572 489 1638 525 ipso
1654 494 1770 517 mortuo
1785 488 1836 525 J'us

339 542 511 573 succedendi
533 540 706 576 acquisitum
732 539 826 575 foret,
846 539 992 569 ‘bonorum
1014 540 1249 577 possessionem,
1277 541 1334 569 imo
1359 541 1558 577 proprietatem
1587 540 1836 568 nanciscerentur:

334 593 443 622 ratione
472 601 541 621 vero
569 591 639 621 novi
672 590 847 620 matrimonii
877 599 891 619 a
913 591 1038 629 conjuge
1071 591 1226 627 superstite
1263 590 1448 619 contrahendi
1486 599 1545 619 non
1573 590 1631 619 nisi
1659 596 1756 619 exacta
1785 590 1838 618 hac

332 651 422 673 aetate
448 648 583 672 mortuus
616 642 796 671 censebatur.
818 643 869 671 .In
890 641 953 670 aliis
977 650 1045 671 vero
1067 641 1233 679 regionibus
1257 641 1433 678 distinguere
1463 641 1612 677 solebant,
1639 647 1759 676 utrum,
1788 640 1839 676 qui

334 703 450 732 peregre
470 693 595 730 profecti
615 699 730 728 essent,
751 701 784 721 ex
807 693 908 722 itinere
927 701 987 722 non
1007 699 1231 727 reverterentur,
1252 698 1280 721 et
1297 692 1368 721 nihil
1385 693 1419 720 de
1435 692 1470 720 iis
1487 692 1698 727 innotesceret,
1719 700 1755 720 an
1771 700 1840 721 vero

331 746 398 782 quis
428 745 528 774 subito
563 752 615 773 nec
646 743 833 779 opinantibus
865 744 996 780 cognatis
1023 750 1052 772 et
1080 744 1179 772 amicis
1210 751 1244 772 ex
1275 743 1423 771 hominum
1451 750 1613 779 conspectu
1646 743 1837 772 discessisset.

332 797 372 825 Et
395 796 481 832 hujus
504 795 615 830 quidem
642 795 717 823 vitae
740 795 917 830 praesumtio
939 793 1062 823 breviori
1087 794 1227 830 temporis
1257 794 1351 830 spatio
1377 794 1682 829 circumscribebatur;
1705 793 1748 822 illi
1771 802 1840 823 vero

335 854 405 883 post
428 852 537 874 certum
563 852 675 881 tempus
701 853 760 874 non
783 847 886 874 reversi
910 847 1021 874 demum
1055 844 1162 873 mortui
1184 845 1376 881 habebantur,
1405 846 1490 881 idque
1515 854 1549 874 eo
1572 845 1680 880 citius,
1701 853 1761 881 quo
1782 853 1842 874 ma-

335 897 392 936 jori
420 897 448 925 in
471 896 545 924 vitae
566 896 731 925 discrimine
756 897 860 925 versati
884 897 976 924 fuisse
990 897 1187 925 credebantur.
1227 895 1311 925 Licet
1334 896 1421 933 igitur
1447 902 1523 925 tanta
1539 896 1570 924 in
1594 896 1646 924 hac
1666 896 1740 933 juris
1763 903 1843 932 parte

337 947 495 977 obtinuerit
517 947 687 982 diversitas,
717 955 810 982 neque
837 947 864 975 in
894 948 1010 976 Francia
1029 947 1146 982 aliquod
1164 953 1284 984 systema
1309 946 1464 976 admissum
1487 946 1588 982 fuerit,
1610 947 1689 983 quod
1712 948 1782 976 bene
1798 956 1844 976 or-

336 999 446 1027 dinatae
469 997 638 1033 disciplinae
661 997 771 1026 landem
797 1004 951 1033 mereatur,
982 1004 1103 1026 attamen
1127 1006 1162 1026 eo
1186 997 1312 1026 tendisse
1335 998 1446 1026 animos
1471 1003 1605 1034 apparet,
1635 1003 1666 1025 ut
1695 998 1775 1027 hisce
1796 1007 1844 1027 ve-

337 1049 391 1077 luti
416 1047 551 1085 gradibus
577 1048 687 1075 tandem
712 1049 744 1076 ad
769 1055 845 1076 certa
870 1048 1012 1084 principia
1035 1049 1236 1084 pervenirent;
1270 1049 1349 1084 quod
1371 1056 1429 1077 non
1453 1049 1511 1077 nisi
1544 1055 1611 1084 post
1633 1048 1844 1078 commotiones

335 1099 438 1129 civiles
464 1106 498 1127 eo
520 1098 634 1127 demum
658 1103 792 1134 tempore
813 1099 937 1134 accidit,
959 1108 1019 1135 quo
1045 1100 1140 1128 omnia
1162 1099 1305 1128 immutari
1326 1105 1353 1127 et
1377 1099 1508 1128 innovari
1531 1098 1573 1128 Fas
1596 1099 1766 1129 ducebatur.

378 1150 433 1179 Sed
457 1157 517 1178 non
539 1149 633 1178 solum
659 1149 727 1178 huic
748 1148 906 1179 innovandi
928 1150 1027 1179 studio
1051 1150 1189 1187 originem
1211 1150 1311 1178 debere
1335 1151 1410 1186 leges
1435 1150 1468 1178 de
1483 1150 1662 1179 Absentibus
1683 1151 1775 1188 latas,
1795 1159 1847 1181 ve·

336 1211 399 1233 rum
420 1208 447 1230 et
468 1209 606 1231 novarum
634 1200 734 1228 harum
761 1200 855 1236 legum
883 1208 1048 1236 momenta,
1071 1209 1144 1238 quae
1164 1207 1192 1229 et
1214 1207 1294 1229 antea
1313 1201 1369 1238 J‘am
1387 1200 1554 1237 adfuerant,
1577 1201 1607 1230 in
1623 1201 1683 1230 dies
1699 1201 1756 1231 hoc
1773 1208 1845 1231 tem-

339 1262 411 1291 pore
429 1259 513 1282 aucta
537 1251 649 1286 fuisse,
670 1251 784 1280 abunde
809 1251 893 1279 docet
911 1251 1032 1280 historia
1044 1259 1136 1280 rerum
1160 1251 1211 1280 hac
1233 1257 1323 1280 aetate
1342 1258 1504 1288 gestarum,
1526 1252 1752 1289 turbarumque,
1775 1261 1848 1289 quae

339 1305 375 1334 ab
402 1305 456 1333 hoc
479 1303 544 1332 inde
562 1310 690 1338 ternpore
716 1302 877 1330 universam
903 1301 961 1330 fere
985 1302 1132 1338 Europam
1162 1302 1360 1338 exagitarunt,
1390 1311 1519 1338 quaeque
1546 1304 1652 1332 recenti
1677 1305 1769 1333 adhuc
1790 1313 1849 1333 me-

339 1356 446 1385 moriae
471 1355 626 1383 inhaerent.
669 1353 825 1389 Postquam
851 1352 924 1381 enim
949 1352 1027 1382 cives
1048 1354 1082 1381 ab
1105 1354 1161 1382 aris
1185 1359 1213 1381 et
1229 1352 1304 1381 focis
1330 1353 1360 1381 in
1384 1353 1512 1389 regiones
1528 1354 1614 1391 longe
1633 1354 1750 1383 dissitas
1770 1355 1849 1384 abire

340 1406 457 1441 coacti,
478 1412 527 1434 aut
551 1411 655 1441 sponte
678 1412 750 1438 sua,
773 1404 873 1432 insano
899 1403 1006 1440 gloriae
1029 1403 1127 1432 studio
1150 1403 1278 1439 abrepti,
1305 1403 1485 1440 aliorumque
1506 1405 1591 1434 bonIs
1611 1404 1773 1441 inhiantes,
1795 1414 1849 1434 no-

339 1466 404 1487 men
425 1457 544 1485 militiae
561 1456 712 1490 dederant,
731 1463 800 1491 pars
825 1462 918 1483 autem
940 1455 1043 1491 procul
1063 1463 1079 1483 a
1101 1455 1191 1491 patria
1213 1460 1331 1483 mortem
1355 1455 1569 1491 occubuerant,
1602 1463 1668 1491 pars
1687 1455 1847 1485 inciderant
1887 1476 1893 1480 -

339 1509 369 1538 in
391 1509 520 1537 hostium
544 1515 664 1541 manus,
691 1506 792 1535 mirum
817 1506 949 1542 profecto
975 1514 1034 1534 non
1057 1511 1121 1540 est,
1146 1505 1224 1534 hisce
1249 1505 1381 1541 inprimis
1409 1505 1511 1534 diebus
1533 1506 1723 1542 plurimorum
1743 1514 1850 1537 sortem

339 1560 373 1589 ab
400 1560 436 1588 iis
460 1559 617 1595 ignoratam
640 1557 753 1592 fuisse,
775 1557 825 1592 qui
848 1556 876 1585 in
905 1557 995 1593 patria
1019 1563 1225 1592 remanserant3
1256 1564 1378 1592 quorum
1403 1556 1444 1586 sic
1464 1557 1579 1586 maximi
1603 1557 1737 1586 interfuit
1758 1559 1853 1588 effica-

338 1610 470 1640 cioribus
491 1608 619 1638 remediis
635 1607 723 1637 rebus
740 1607 911 1636 Absentinm
927 1608 1070 1636 derelictis
1087 1607 1234 1643 succurri,
1258 1615 1343 1643 quam
1361 1616 1432 1643 quae
1449 1608 1505 1637 huc
1524 1616 1618 1644 usque
1640 1607 1752 1638 fuerant
1769 1609 1855 1638 adhi-

341 1661 413 1690 bita.
455 1661 495 1690 At
520 1666 626 1696 quanta
649 1659 769 1695 insuper
797 1667 830 1687 ex
863 1659 1038 1687 increscente
1067 1659 1196 1687 omnium
1225 1657 1285 1687 fere
1307 1659 1482 1695 populorum
1508 1659 1682 1688 commercio
1704 1666 1732 1688 et
1754 1668 1854 1690 mutua

341 1712 414 1741 inter
434 1718 534 1748 gentes
553 1709 786 1746 necessitudine,
808 1709 1084 1748 peregrinationibus
1103 1710 1149 1738 vel
1172 1710 1207 1739 ad
1223 1718 1314 1739 novas
1338 1709 1513 1746 reperiendas
1536 1709 1666 1746 regiones
1684 1711 1851 1747 susceptis,

344 1764 389 1792 vel
419 1763 452 1790 ad
482 1762 584 1790 artium
606 1768 635 1790 et
663 1761 857 1790 doctrinarum
892 1761 987 1789 studia
1018 1762 1231 1796 promovenda,
1258 1761 1314 1798 jam
1347 1761 1453 1789 dudum
1482 1760 1657 1790 accesserint
1689 1768 1851 1797 momenta,

347 1822 430 1844 nemo
447 1822 504 1842 non
527 1813 745 1848 animadvertit,
774 1814 843 1842 adeo
867 1819 899 1841 ut
914 1813 978 1849 jure
1001 1811 1103 1840 merito
1125 1812 1214 1848 magis
1236 1812 1385 1849 magisque
1409 1812 1565 1848 expetenda
1589 1811 1755 1842 viderentur
1777 1819 1853 1842 certa

348 1865 488 1902 principia
513 1871 540 1892 et
563 1865 656 1901 leges,
679 1873 752 1901 quac
775 1864 948 1894 Absentium
973 1871 1068 1892 curam
1092 1870 1216 1900 agerent.

379 1915 439 1944 Ubi
464 1915 536 1943 enim
559 1921 614 1944 tam
638 1916 752 1944 crebrae
780 1915 922 1944 absentiae
946 1923 1046 1944 causae
1064 1915 1257 1949 exstiterunt,
1286 1921 1346 1943 non
1368 1913 1464 1943 solum
1493 1913 1623 1951 ipsorum
1657 1913 1854 1950 Absentiam,

345 1968 394 1997 sed
419 1973 584 2004 eteorum,
611 1967 717 2003 quibus
741 1975 807 1997 cum
831 1967 960 1997 Absente
989 1974 1143 1997 commune
1165 1966 1312 2004 negotium
1337 1974 1417 2005 erat,
1446 1971 1495 1997 aut
1517 1965 1569 2003 qui
1593 1964 1628 1994 ab
1654 1972 1687 1995 co
1718 1965 1854 2003 quaedam

1796 2016 1860 2053 vin,⁴
