<?xml version="1.0" encoding="UTF-8"?>
<!DOCTYPE html PUBLIC "-//W3C//DTD XHTML 1.0 Transitional//EN"
    "http://www.w3.org/TR/xhtml1/DTD/xhtml1-transitional.dtd">
<html xmlns="http://www.w3.org/1999/xhtml" xml:lang="en" lang="en">
 <head>
  <title>
</title>
<meta http-equiv="Content-Type" content="text/html;charset=utf-8" />
  <meta name='ocr-system' content='tesseract 3.04.00' />
  <meta name='ocr-capabilities' content='ocr_page ocr_carea ocr_par ocr_line ocrx_word'/>
</head>
<body>
  <div class='ocr_page' id='page_1' title='image "annalesacademiae19rijk_0053.png"; bbox 0 0 1913 2417; ppageno 0'>
   <div class='ocr_carea' id='block_1_1' title="bbox 693 161 1634 206">
    <p class='ocr_par' dir='ltr' id='par_1_1' title="bbox 693 161 1634 206">
     <span class='ocr_line' id='line_1_1' title="bbox 693 161 1634 206; baseline -0.005 -8"><span class='ocrx_word' id='word_1_1' title='bbox 693 164 1089 199; x_wconf 77' lang='lat' dir='ltr'>oRATio.</span> <span class='ocrx_word' id='word_1_2' title='bbox 1605 161 1634 206; x_wconf 62' lang='grc' dir='ltr'><strong><em>γ</em></strong></span> 
     </span>
    </p>
   </div>
   <div class='ocr_carea' id='block_1_2' title="bbox 122 257 1637 1098">
    <p class='ocr_par' dir='ltr' id='par_1_2' title="bbox 122 257 1630 478">
     <span class='ocr_line' id='line_1_2' title="bbox 122 257 1627 302; baseline -0.006 -6"><span class='ocrx_word' id='word_1_3' title='bbox 122 262 324 296; x_wconf 47' lang='lat' dir='ltr'>censeatis:</span> <span class='ocrx_word' id='word_1_4' title='bbox 359 269 473 293; x_wconf 77' lang='lat' dir='ltr'>omnes</span> <span class='ocrx_word' id='word_1_5' title='bbox 505 265 636 299; x_wconf 77' lang='lat' dir='ltr'>autem,</span> <span class='ocrx_word' id='word_1_6' title='bbox 669 266 827 302; x_wconf 88' lang='lat' dir='ltr'>quantum</span> <span class='ocrx_word' id='word_1_7' title='bbox 860 260 894 291; x_wconf 89' lang='lat' dir='ltr'>in</span> <span class='ocrx_word' id='word_1_8' title='bbox 921 271 973 291; x_wconf 87' lang='lat' dir='ltr'>me</span> <span class='ocrx_word' id='word_1_9' title='bbox 996 260 1056 298; x_wconf 85' lang='lat' dir='ltr'>sit,</span> <span class='ocrx_word' id='word_1_10' title='bbox 1088 269 1204 291; x_wconf 80' lang='lat' dir='ltr'>nervos</span> <span class='ocrx_word' id='word_1_11' title='bbox 1233 257 1422 295; x_wconf 74' lang='lat' dir='ltr'><strong>intendam,</strong></span> <span class='ocrx_word' id='word_1_12' title='bbox 1453 262 1490 288; x_wconf 86' lang='lat' dir='ltr'>ut</span> <span class='ocrx_word' id='word_1_13' title='bbox 1523 262 1627 288; x_wconf 86' lang='lat' dir='ltr'>vestra</span> 
     </span>
     <span class='ocr_line' id='line_1_3' title="bbox 152 312 1630 359; baseline -0.006 -7"><span class='ocrx_word' id='word_1_14' title='bbox 152 320 192 352; x_wconf 88' lang='lat' dir='ltr'>de</span> <span class='ocrx_word' id='word_1_15' title='bbox 211 330 281 351; x_wconf 86' lang='lat' dir='ltr'>mea</span> <span class='ocrx_word' id='word_1_16' title='bbox 296 316 454 349; x_wconf 83' lang='lat' dir='ltr'>industria</span> <span class='ocrx_word' id='word_1_17' title='bbox 471 327 507 347; x_wconf 86' lang='lat' dir='ltr'>ac</span> <span class='ocrx_word' id='word_1_18' title='bbox 526 315 608 348; x_wconf 90' lang='lat' dir='ltr'>bene</span> <span class='ocrx_word' id='word_1_19' title='bbox 631 317 774 348; x_wconf 88' lang='lat' dir='ltr'>merendi</span> <span class='ocrx_word' id='word_1_20' title='bbox 798 316 905 347; x_wconf 89' lang='lat' dir='ltr'>studio</span> <span class='ocrx_word' id='word_1_21' title='bbox 929 316 1077 359; x_wconf 82' lang='lat' dir='ltr'>suffragia</span> <span class='ocrx_word' id='word_1_22' title='bbox 1097 326 1293 359; x_wconf 84' lang='lat' dir='ltr'>consequar,</span> <span class='ocrx_word' id='word_1_23' title='bbox 1316 321 1347 346; x_wconf 90' lang='lat' dir='ltr'>et</span> <span class='ocrx_word' id='word_1_24' title='bbox 1369 312 1529 357; x_wconf 88' lang='lat' dir='ltr'>quidquid</span> <span class='ocrx_word' id='word_1_25' title='bbox 1556 323 1630 356; x_wconf 82' lang='lat' dir='ltr'>pos·</span> 
     </span>
     <span class='ocr_line' id='line_1_4' title="bbox 151 369 1630 417; baseline -0.006 -8"><span class='ocrx_word' id='word_1_26' title='bbox 151 378 227 415; x_wconf 85' lang='lat' dir='ltr'>sim,</span> <span class='ocrx_word' id='word_1_27' title='bbox 253 375 292 407; x_wconf 90' lang='lat' dir='ltr'>ad</span> <span class='ocrx_word' id='word_1_28' title='bbox 317 380 455 406; x_wconf 84' lang='lat' dir='ltr'>vestram</span> <span class='ocrx_word' id='word_1_29' title='bbox 489 373 660 404; x_wconf 81' lang='lat' dir='ltr'><strong>amicitiam</strong></span> <span class='ocrx_word' id='word_1_30' title='bbox 688 373 874 413; x_wconf 85' lang='lat' dir='ltr'>colendam,</span> <span class='ocrx_word' id='word_1_31' title='bbox 897 384 1100 417; x_wconf 89' lang='lat' dir='ltr'>munusque,</span> <span class='ocrx_word' id='word_1_32' title='bbox 1122 374 1156 404; x_wconf 92' lang='lat' dir='ltr'>in</span> <span class='ocrx_word' id='word_1_33' title='bbox 1183 383 1234 405; x_wconf 89' lang='lat' dir='ltr'>me</span> <span class='ocrx_word' id='word_1_34' title='bbox 1257 371 1430 415; x_wconf 71' lang='lat' dir='ltr'>delatum,</span> <span class='ocrx_word' id='word_1_35' title='bbox 1446 369 1630 401; x_wconf 88' lang='lat' dir='ltr'>ornandum</span> 
     </span>
     <span class='ocr_line' id='line_1_5' title="bbox 149 428 741 478; baseline -0.005 -13"><span class='ocrx_word' id='word_1_36' title='bbox 149 441 245 478; x_wconf 82' lang='lat' dir='ltr'>atque</span> <span class='ocrx_word' id='word_1_37' title='bbox 261 430 524 475; x_wconf 84' lang='lat' dir='ltr'>amplificandum</span> <span class='ocrx_word' id='word_1_38' title='bbox 536 453 545 468; x_wconf 90' lang='lat'><strong>‚</strong></span> <span class='ocrx_word' id='word_1_39' title='bbox 568 428 741 462; x_wconf 82' lang='lat' dir='ltr'>conferam.</span> 
     </span>
    </p>

    <p class='ocr_par' dir='ltr' id='par_1_3' title="bbox 148 481 1637 1098">
     <span class='ocr_line' id='line_1_6' title="bbox 192 481 1630 531; baseline -0.006 -10"><span class='ocrx_word' id='word_1_40' title='bbox 192 491 262 521; x_wconf 78' lang='lat' dir='ltr'>Jam</span> <span class='ocrx_word' id='word_1_41' title='bbox 283 496 410 531; x_wconf 82' lang='lat' dir='ltr'>tempus</span> <span class='ocrx_word' id='word_1_42' title='bbox 432 493 498 523; x_wconf 84' lang='lat' dir='ltr'>est..</span> <span class='ocrx_word' id='word_1_43' title='bbox 532 485 703 518; x_wconf 84' lang='lat' dir='ltr'>Auditores</span> <span class='ocrx_word' id='word_1_44' title='bbox 723 485 966 530; x_wconf 70' lang='lat' dir='ltr'>spectatissimi!</span> <span class='ocrx_word' id='word_1_45' title='bbox 999 487 1038 518; x_wconf 88' lang='lat' dir='ltr'>ad</span> <span class='ocrx_word' id='word_1_46' title='bbox 1068 497 1134 518; x_wconf 84' lang='lat' dir='ltr'>rem</span> <span class='ocrx_word' id='word_1_47' title='bbox 1170 485 1270 529; x_wconf 84' lang='lat' dir='ltr'>ipsam</span> <span class='ocrx_word' id='word_1_48' title='bbox 1298 481 1509 527; x_wconf 82' lang='lat' dir='ltr'>procedendi!</span> <span class='ocrx_word' id='word_1_49' title='bbox 1539 484 1630 523; x_wconf 86' lang='lat' dir='ltr'>Quae</span> 
     </span>
     <span class='ocr_line' id='line_1_7' title="bbox 148 541 1630 587; baseline -0.007 -8"><span class='ocrx_word' id='word_1_50' title='bbox 148 553 256 579; x_wconf 83' lang='lat' dir='ltr'>autem</span> <span class='ocrx_word' id='word_1_51' title='bbox 279 545 410 576; x_wconf 82' lang='lat' dir='ltr'>materia</span> <span class='ocrx_word' id='word_1_52' title='bbox 439 543 540 575; x_wconf 82' lang='lat' dir='ltr'>Vobis</span> <span class='ocrx_word' id='word_1_53' title='bbox 562 546 667 586; x_wconf 82' lang='lat' dir='ltr'>aptior</span> <span class='ocrx_word' id='word_1_54' title='bbox 697 543 862 583; x_wconf 78' lang='lat' dir='ltr'>videatur,</span> <span class='ocrx_word' id='word_1_55' title='bbox 889 555 986 587; x_wconf 78' lang='lat' dir='ltr'>quam</span> <span class='ocrx_word' id='word_1_56' title='bbox 1016 555 1069 582; x_wconf 85' lang='lat' dir='ltr'>ea,</span> <span class='ocrx_word' id='word_1_57' title='bbox 1102 553 1184 586; x_wconf 82' lang='lat' dir='ltr'>quae</span> <span class='ocrx_word' id='word_1_58' title='bbox 1221 541 1260 573; x_wconf 90' lang='lat' dir='ltr'>ad</span> <span class='ocrx_word' id='word_1_59' title='bbox 1285 541 1431 572; x_wconf 80' lang='lat' dir='ltr'>scientias</span> <span class='ocrx_word' id='word_1_60' title='bbox 1457 547 1553 583; x_wconf 81' lang='lat' dir='ltr'>atque</span> <span class='ocrx_word' id='word_1_61' title='bbox 1578 550 1630 570; x_wconf 76' lang='lat' dir='ltr'>ar·</span> 
     </span>
     <span class='ocr_line' id='line_1_8' title="bbox 149 596 1630 645; baseline -0.004 -12"><span class='ocrx_word' id='word_1_62' title='bbox 149 609 217 643; x_wconf 85' lang='lat' dir='ltr'>tes,</span> <span class='ocrx_word' id='word_1_63' title='bbox 240 613 320 645; x_wconf 87' lang='lat' dir='ltr'>quas</span> <span class='ocrx_word' id='word_1_64' title='bbox 350 602 433 632; x_wconf 80' lang='lat' dir='ltr'>inter</span> <span class='ocrx_word' id='word_1_65' title='bbox 458 603 525 632; x_wconf 90' lang='lat' dir='ltr'>Vos</span> <span class='ocrx_word' id='word_1_66' title='bbox 550 600 694 644; x_wconf 84' lang='lat' dir='ltr'>profiteri</span> <span class='ocrx_word' id='word_1_67' title='bbox 720 601 907 644; x_wconf 80' lang='lat' dir='ltr'>aggredior,</span> <span class='ocrx_word' id='word_1_68' title='bbox 938 603 1077 631; x_wconf 84' lang='lat' dir='ltr'>maxime</span> <span class='ocrx_word' id='word_1_69' title='bbox 1106 599 1248 642; x_wconf 78' lang='lat' dir='ltr'>spectet?</span> <span class='ocrx_word' id='word_1_70' title='bbox 1277 600 1309 630; x_wconf 89' lang='lat' dir='ltr'>Si</span> <span class='ocrx_word' id='word_1_71' title='bbox 1335 599 1421 629; x_wconf 86' lang='lat' dir='ltr'>enim</span> <span class='ocrx_word' id='word_1_72' title='bbox 1450 597 1557 628; x_wconf 80' lang='lat' dir='ltr'>navita</span> <span class='ocrx_word' id='word_1_73' title='bbox 1590 596 1630 627; x_wconf 89' lang='lat' dir='ltr'>de</span> 
     </span>
     <span class='ocr_line' id='line_1_9' title="bbox 148 652 1633 701; baseline -0.005 -11"><span class='ocrx_word' id='word_1_74' title='bbox 148 661 273 697; x_wconf 81' lang='lat' dir='ltr'>ventis,</span> <span class='ocrx_word' id='word_1_75' title='bbox 306 658 398 689; x_wconf 85' lang='lat' dir='ltr'>miles</span> <span class='ocrx_word' id='word_1_76' title='bbox 425 657 465 689; x_wconf 85' lang='lat' dir='ltr'>de</span> <span class='ocrx_word' id='word_1_77' title='bbox 490 657 635 701; x_wconf 84' lang='lat' dir='ltr'>praeliis,</span> <span class='ocrx_word' id='word_1_78' title='bbox 667 664 773 701; x_wconf 86' lang='lat' dir='ltr'>pastor</span> <span class='ocrx_word' id='word_1_79' title='bbox 795 657 835 688; x_wconf 87' lang='lat' dir='ltr'>de</span> <span class='ocrx_word' id='word_1_80' title='bbox 864 668 924 688; x_wconf 89' lang='lat' dir='ltr'>suo</span> <span class='ocrx_word' id='word_1_81' title='bbox 945 668 1058 700; x_wconf 86' lang='lat' dir='ltr'>pecore</span> <span class='ocrx_word' id='word_1_82' title='bbox 1088 656 1241 687; x_wconf 80' lang='lat' dir='ltr'>libentius</span> <span class='ocrx_word' id='word_1_83' title='bbox 1267 661 1397 692; x_wconf 79' lang='lat' dir='ltr'>narrat,</span> <span class='ocrx_word' id='word_1_84' title='bbox 1431 665 1499 685; x_wconf 87' lang='lat' dir='ltr'>non</span> <span class='ocrx_word' id='word_1_85' title='bbox 1530 652 1633 684; x_wconf 82' lang='lat' dir='ltr'>Vobis</span> 
     </span>
     <span class='ocr_line' id='line_1_10' title="bbox 149 710 1634 755; baseline -0.005 -8"><span class='ocrx_word' id='word_1_86' title='bbox 149 717 270 747; x_wconf 87' lang='lat' dir='ltr'>mirum</span> <span class='ocrx_word' id='word_1_87' title='bbox 297 715 465 752; x_wconf 78' lang='lat' dir='ltr'>videatur,</span> <span class='ocrx_word' id='word_1_88' title='bbox 488 725 539 745; x_wconf 92' lang='lat' dir='ltr'>me</span> <span class='ocrx_word' id='word_1_89' title='bbox 564 713 774 745; x_wconf 76' lang='lat' dir='ltr'>libentissime</span> <span class='ocrx_word' id='word_1_90' title='bbox 793 714 832 744; x_wconf 91' lang='lat' dir='ltr'>de</span> <span class='ocrx_word' id='word_1_91' title='bbox 859 714 939 744; x_wconf 90' lang='lat' dir='ltr'>meis</span> <span class='ocrx_word' id='word_1_92' title='bbox 956 713 1092 750; x_wconf 84' lang='lat' dir='ltr'>studiis,</span> <span class='ocrx_word' id='word_1_93' title='bbox 1115 723 1262 755; x_wconf 87' lang='lat' dir='ltr'>quaeque</span> <span class='ocrx_word' id='word_1_94' title='bbox 1290 711 1372 742; x_wconf 86' lang='lat' dir='ltr'>mihi</span> <span class='ocrx_word' id='word_1_95' title='bbox 1398 712 1433 741; x_wconf 91' lang='lat' dir='ltr'>in</span> <span class='ocrx_word' id='word_1_96' title='bbox 1457 710 1634 752; x_wconf 81' lang='lat' dir='ltr'>suscipien-</span> 
     </span>
     <span class='ocr_line' id='line_1_11' title="bbox 149 768 1632 814; baseline -0.004 -12"><span class='ocrx_word' id='word_1_97' title='bbox 149 772 190 803; x_wconf 84' lang='lat' dir='ltr'>da</span> <span class='ocrx_word' id='word_1_98' title='bbox 215 770 411 814; x_wconf 82' lang='lat' dir='ltr'>professione</span> <span class='ocrx_word' id='word_1_99' title='bbox 432 770 658 813; x_wconf 82' lang='lat' dir='ltr'>impendeant,</span> <span class='ocrx_word' id='word_1_100' title='bbox 676 770 791 802; x_wconf 84' lang='lat' dir='ltr'>officiis</span> <span class='ocrx_word' id='word_1_101' title='bbox 812 781 920 802; x_wconf 86' lang='lat' dir='ltr'>coram</span> <span class='ocrx_word' id='word_1_102' title='bbox 937 770 1037 802; x_wconf 86' lang='lat' dir='ltr'>Vobis</span> <span class='ocrx_word' id='word_1_103' title='bbox 1055 769 1169 801; x_wconf 82' lang='lat' dir='ltr'>dicere.</span> <span class='ocrx_word' id='word_1_104' title='bbox 1215 768 1336 805; x_wconf 77' lang='lat' dir='ltr'>statui,</span> <span class='ocrx_word' id='word_1_105' title='bbox 1362 768 1460 809; x_wconf 81' lang='lat' dir='ltr'>igitur</span> <span class='ocrx_word' id='word_1_106' title='bbox 1473 790 1482 805; x_wconf 88' lang='lat'>,</span> <span class='ocrx_word' id='word_1_107' title='bbox 1504 769 1632 809; x_wconf 84' lang='lat' dir='ltr'>Specta·</span> 
     </span>
     <span class='ocr_line' id='line_1_12' title="bbox 148 823 1637 868; baseline -0.004 -9"><span class='ocrx_word' id='word_1_108' title='bbox 148 827 264 859; x_wconf 77' lang='lat' dir='ltr'>tissimi</span> <span class='ocrx_word' id='word_1_109' title='bbox 301 826 495 860; x_wconf 81' lang='lat' dir='ltr'>Auditores!</span> <span class='ocrx_word' id='word_1_110' title='bbox 533 826 630 859; x_wconf 84' lang='lat' dir='ltr'>verba</span> <span class='ocrx_word' id='word_1_111' title='bbox 664 826 784 858; x_wconf 82' lang='lat' dir='ltr'>facere:</span> <span class='ocrx_word' id='word_1_112' title='bbox 827 826 868 858; x_wconf 82' lang='lat' dir='ltr'>de</span> <span class='ocrx_word' id='word_1_113' title='bbox 909 825 1089 858; x_wconf 79' lang='lat' dir='ltr'>commodis</span> <span class='ocrx_word' id='word_1_114' title='bbox 1126 833 1226 868; x_wconf 82' lang='lat' dir='ltr'>acque</span> <span class='ocrx_word' id='word_1_115' title='bbox 1256 823 1499 862; x_wconf 78' lang='lat' dir='ltr'>emolumentis,</span> <span class='ocrx_word' id='word_1_116' title='bbox 1533 823 1576 854; x_wconf 82' lang='lat' dir='ltr'>ab</span> <span class='ocrx_word' id='word_1_117' title='bbox 1601 824 1637 853; x_wconf 61' lang='grc' dir='ltr'>εἷς</span> 
     </span>
     <span class='ocr_line' id='line_1_13' title="bbox 150 878 1633 928; baseline -0.004 -13"><span class='ocrx_word' id='word_1_118' title='bbox 150 884 401 927; x_wconf 78' lang='lat' dir='ltr'>consequendis,</span> <span class='ocrx_word' id='word_1_119' title='bbox 435 887 492 928; x_wconf 80' lang='lat' dir='ltr'>qui</span> <span class='ocrx_word' id='word_1_120' title='bbox 519 884 752 916; x_wconf 83' lang='lat' dir='ltr'>7natlzematum</span> <span class='ocrx_word' id='word_1_121' title='bbox 785 894 825 915; x_wconf 84' lang='lat' dir='ltr'>ac</span> <span class='ocrx_word' id='word_1_122' title='bbox 861 894 966 914; x_wconf 76' lang='lat' dir='ltr'>rerum</span> <span class='ocrx_word' id='word_1_123' title='bbox 1006 882 1201 914; x_wconf 73' lang='lat' dir='ltr'>naturalium</span> <span class='ocrx_word' id='word_1_124' title='bbox 1230 878 1533 924; x_wconf 77' lang='lat' dir='ltr'>perscrutandarum</span> <span class='ocrx_word' id='word_1_125' title='bbox 1572 886 1633 910; x_wconf 73' lang='lat' dir='ltr'>scu-</span> 
     </span>
     <span class='ocr_line' id='line_1_14' title="bbox 150 936 1630 982; baseline -0.003 -11"><span class='ocrx_word' id='word_1_126' title='bbox 150 940 209 972; x_wconf 80' lang='lat' dir='ltr'>dia</span> <span class='ocrx_word' id='word_1_127' title='bbox 238 950 310 971; x_wconf 80' lang='lat' dir='ltr'>cum</span> <span class='ocrx_word' id='word_1_128' title='bbox 341 940 514 972; x_wconf 79' lang='lat' dir='ltr'>litterarum</span> <span class='ocrx_word' id='word_1_129' title='bbox 550 940 780 972; x_wconf 73' lang='lat' dir='ltr'>humaniorum</span> <span class='ocrx_word' id='word_1_130' title='bbox 804 939 889 971; x_wconf 78' lang='lat' dir='ltr'>cultu</span> <span class='ocrx_word' id='word_1_131' title='bbox 913 939 1056 982; x_wconf 73' lang='lat' dir='ltr'>feliciter</span> <span class='ocrx_word' id='word_1_132' title='bbox 1088 939 1321 980; x_wconf 67' lang='lat' dir='ltr'>conjunoeerint.</span> <span class='ocrx_word' id='word_1_133' title='bbox 1368 937 1405 968; x_wconf 87' lang='lat' dir='ltr'>ln</span> <span class='ocrx_word' id='word_1_134' title='bbox 1438 936 1499 967; x_wconf 86' lang='lat' dir='ltr'>hoc</span> <span class='ocrx_word' id='word_1_135' title='bbox 1523 942 1630 967; x_wconf 85' lang='lat' dir='ltr'>autem</span> 
     </span>
     <span class='ocr_line' id='line_1_15' title="bbox 148 992 1631 1040; baseline -0.004 -12"><span class='ocrx_word' id='word_1_136' title='bbox 148 998 235 1035; x_wconf 83' lang='lat' dir='ltr'>Vos,</span> <span class='ocrx_word' id='word_1_137' title='bbox 262 997 429 1029; x_wconf 85' lang='lat' dir='ltr'>Auditores</span> <span class='ocrx_word' id='word_1_138' title='bbox 462 995 685 1027; x_wconf 82' lang='lat' dir='ltr'>Ornatissimi!</span> <span class='ocrx_word' id='word_1_139' title='bbox 717 997 813 1028; x_wconf 87' lang='lat' dir='ltr'>etiam</span> <span class='ocrx_word' id='word_1_140' title='bbox 850 1003 948 1040; x_wconf 82' lang='lat' dir='ltr'>atque</span> <span class='ocrx_word' id='word_1_141' title='bbox 980 998 1075 1027; x_wconf 88' lang='lat' dir='ltr'>etiam</span> <span class='ocrx_word' id='word_1_142' title='bbox 1106 1005 1187 1037; x_wconf 76' lang='lat' dir='ltr'>rogo</span> <span class='ocrx_word' id='word_1_143' title='bbox 1205 1017 1215 1030; x_wconf 85' lang='grc'>.,</span> <span class='ocrx_word' id='word_1_144' title='bbox 1250 1001 1287 1025; x_wconf 85' lang='lat' dir='ltr'>ut</span> <span class='ocrx_word' id='word_1_145' title='bbox 1316 1005 1385 1032; x_wconf 88' lang='lat' dir='ltr'>me,</span> <span class='ocrx_word' id='word_1_146' title='bbox 1414 1003 1451 1024; x_wconf 82' lang='lat' dir='ltr'>ea</span> <span class='ocrx_word' id='word_1_147' title='bbox 1479 992 1631 1036; x_wconf 83' lang='lat' dir='ltr'>benigni-</span> 
     </span>
     <span class='ocr_line' id='line_1_16' title="bbox 151 1050 1412 1098; baseline -0.004 -12"><span class='ocrx_word' id='word_1_148' title='bbox 151 1060 213 1086; x_wconf 82' lang='lat' dir='ltr'>tate</span> <span class='ocrx_word' id='word_1_149' title='bbox 231 1064 331 1098; x_wconf 85' lang='lat' dir='ltr'>eaque</span> <span class='ocrx_word' id='word_1_150' title='bbox 350 1051 572 1096; x_wconf 83' lang='lat' dir='ltr'>indulgentia,</span> <span class='ocrx_word' id='word_1_151' title='bbox 596 1064 679 1097; x_wconf 82' lang='lat' dir='ltr'>quae</span> <span class='ocrx_word' id='word_1_152' title='bbox 696 1053 799 1085; x_wconf 87' lang='lat' dir='ltr'>Vobis</span> <span class='ocrx_word' id='word_1_153' title='bbox 815 1059 882 1092; x_wconf 90' lang='lat' dir='ltr'>est,</span> <span class='ocrx_word' id='word_1_154' title='bbox 906 1059 1026 1084; x_wconf 81' lang='lat' dir='ltr'>attenta</span> <span class='ocrx_word' id='word_1_155' title='bbox 1050 1058 1157 1082; x_wconf 74' lang='lat' dir='ltr'>mente</span> <span class='ocrx_word' id='word_1_156' title='bbox 1179 1052 1244 1092; x_wconf 72' lang='lat' dir='ltr'>jam</span> <span class='ocrx_word' id='word_1_157' title='bbox 1263 1050 1412 1082; x_wconf 81' lang='lat' dir='ltr'>audiatis.</span> 
     </span>
    </p>
   </div>
   <div class='ocr_carea' id='block_1_3' title="bbox 820 1180 940 1191">
    <p class='ocr_par' dir='ltr' id='par_1_4' title="bbox 820 1180 940 1191">
     <span class='ocr_line' id='line_1_17' title="bbox 820 1180 940 1191; baseline -0.008 -1"><span class='ocrx_word' id='word_1_158' title='bbox 820 1180 940 1191; x_wconf 82' lang='grc'>.-.-.-.</span> 
     </span>
    </p>
   </div>
   <div class='ocr_carea' id='block_1_4' title="bbox 149 1275 1639 1945">
    <p class='ocr_par' dir='ltr' id='par_1_5' title="bbox 149 1275 1639 1945">
     <span class='ocr_line' id='line_1_18' title="bbox 193 1275 1634 1321; baseline -0.003 -11"><span class='ocrx_word' id='word_1_159' title='bbox 193 1278 345 1318; x_wconf 84' lang='lat' dir='ltr'>Homini,</span> <span class='ocrx_word' id='word_1_160' title='bbox 374 1289 393 1310; x_wconf 88' lang='lat' dir='ltr'>a</span> <span class='ocrx_word' id='word_1_161' title='bbox 412 1285 542 1321; x_wconf 82' lang='lat' dir='ltr'>natura,</span> <span class='ocrx_word' id='word_1_162' title='bbox 577 1289 686 1311; x_wconf 88' lang='lat' dir='ltr'>rerum</span> <span class='ocrx_word' id='word_1_163' title='bbox 715 1290 826 1311; x_wconf 82' lang='lat' dir='ltr'>causas</span> <span class='ocrx_word' id='word_1_164' title='bbox 856 1278 1060 1321; x_wconf 84' lang='lat' dir='ltr'>rationesque</span> <span class='ocrx_word' id='word_1_165' title='bbox 1091 1277 1306 1320; x_wconf 81' lang='lat' dir='ltr'>cognoscendi</span> <span class='ocrx_word' id='word_1_166' title='bbox 1333 1275 1548 1317; x_wconf 84' lang='lat' dir='ltr'>desiderium,</span> <span class='ocrx_word' id='word_1_167' title='bbox 1580 1275 1634 1307; x_wconf 77' lang='lat' dir='ltr'>cui</span> 
     </span>
     <span class='ocr_line' id='line_1_19' title="bbox 149 1333 1632 1380; baseline -0.002 -14"><span class='ocrx_word' id='word_1_168' title='bbox 149 1336 295 1367; x_wconf 75' lang='lat' dir='ltr'>resistere</span> <span class='ocrx_word' id='word_1_169' title='bbox 318 1347 386 1368; x_wconf 89' lang='lat' dir='ltr'>non</span> <span class='ocrx_word' id='word_1_170' title='bbox 416 1337 534 1380; x_wconf 85' lang='lat' dir='ltr'>possit,</span> <span class='ocrx_word' id='word_1_171' title='bbox 557 1336 694 1368; x_wconf 83' lang='lat' dir='ltr'>infixum</span> <span class='ocrx_word' id='word_1_172' title='bbox 718 1347 802 1373; x_wconf 87' lang='lat' dir='ltr'>esse,</span> <span class='ocrx_word' id='word_1_173' title='bbox 826 1336 923 1380; x_wconf 90' lang='lat' dir='ltr'>idque</span> <span class='ocrx_word' id='word_1_174' title='bbox 945 1347 1001 1379; x_wconf 88' lang='lat' dir='ltr'>per</span> <span class='ocrx_word' id='word_1_175' title='bbox 1024 1346 1136 1366; x_wconf 89' lang='lat' dir='ltr'>omnes</span> <span class='ocrx_word' id='word_1_176' title='bbox 1165 1336 1247 1366; x_wconf 84' lang='lat' dir='ltr'>vitae</span> <span class='ocrx_word' id='word_1_177' title='bbox 1274 1341 1388 1366; x_wconf 88' lang='lat' dir='ltr'>aetates</span> <span class='ocrx_word' id='word_1_178' title='bbox 1405 1358 1413 1373; x_wconf 87' lang='lat'><em>‚</em></span> <span class='ocrx_word' id='word_1_179' title='bbox 1442 1334 1506 1376; x_wconf 81' lang='lat' dir='ltr'>jam</span> <span class='ocrx_word' id='word_1_180' title='bbox 1535 1333 1632 1364; x_wconf 82' lang='lat' dir='ltr'>etiam</span> 
     </span>
     <span class='ocr_line' id='line_1_20' title="bbox 150 1390 1634 1435; baseline -0.001 -14"><span class='ocrx_word' id='word_1_181' title='bbox 150 1401 168 1422; x_wconf 86' lang='lat' dir='ltr'>a</span> <span class='ocrx_word' id='word_1_182' title='bbox 187 1392 291 1435; x_wconf 89' lang='lat' dir='ltr'>prima</span> <span class='ocrx_word' id='word_1_183' title='bbox 323 1391 475 1433; x_wconf 82' lang='lat' dir='ltr'>infantia,</span> <span class='ocrx_word' id='word_1_184' title='bbox 504 1392 709 1425; x_wconf 81' lang='lat' dir='ltr'>observatum</span> <span class='ocrx_word' id='word_1_185' title='bbox 740 1393 859 1432; x_wconf 87' lang='lat' dir='ltr'>fuisse,</span> <span class='ocrx_word' id='word_1_186' title='bbox 889 1399 1032 1431; x_wconf 77' lang='lat' dir='ltr'>constat3</span> <span class='ocrx_word' id='word_1_187' title='bbox 1061 1392 1241 1435; x_wconf 87' lang='lat' dir='ltr'>mentisque</span> <span class='ocrx_word' id='word_1_188' title='bbox 1269 1392 1338 1424; x_wconf 89' lang='lat' dir='ltr'>vim</span> <span class='ocrx_word' id='word_1_189' title='bbox 1363 1398 1458 1434; x_wconf 84' lang='lat' dir='ltr'>atque</span> <span class='ocrx_word' id='word_1_190' title='bbox 1487 1390 1634 1433; x_wconf 82' lang='lat' dir='ltr'>vigorem</span> 
     </span>
     <span class='ocr_line' id='line_1_21' title="bbox 151 1442 1633 1494; baseline -0.001 -16"><span class='ocrx_word' id='word_1_191' title='bbox 151 1447 186 1478; x_wconf 89' lang='lat' dir='ltr'>in</span> <span class='ocrx_word' id='word_1_192' title='bbox 221 1447 313 1479; x_wconf 84' lang='lat' dir='ltr'>claris</span> <span class='ocrx_word' id='word_1_193' title='bbox 336 1451 577 1494; x_wconf 84' lang='lat' dir='ltr'>perspicuisque</span> <span class='ocrx_word' id='word_1_194' title='bbox 603 1461 711 1482; x_wconf 86' lang='lat' dir='ltr'>rerum</span> <span class='ocrx_word' id='word_1_195' title='bbox 743 1442 933 1482; x_wconf 80' lang='lat' dir='ltr'>notionibus</span> <span class='ocrx_word' id='word_1_196' title='bbox 962 1451 1073 1481; x_wconf 69' lang='lat' dir='ltr'>insitas</span> <span class='ocrx_word' id='word_1_197' title='bbox 1104 1459 1194 1487; x_wconf 75' lang='lat' dir='ltr'>esse,</span> <span class='ocrx_word' id='word_1_198' title='bbox 1227 1459 1287 1479; x_wconf 91' lang='lat' dir='ltr'>nos</span> <span class='ocrx_word' id='word_1_199' title='bbox 1318 1459 1457 1486; x_wconf 84' lang='lat' dir='ltr'>omnes,</span> <span class='ocrx_word' id='word_1_200' title='bbox 1492 1447 1633 1489; x_wconf 90' lang='lat' dir='ltr'>quoties-</span> 
     </span>
     <span class='ocr_line' id='line_1_22' title="bbox 155 1505 1636 1551; baseline -0.001 -15"><span class='ocrx_word' id='word_1_201' title='bbox 155 1516 285 1549; x_wconf 89' lang='lat' dir='ltr'>cunque</span> <span class='ocrx_word' id='word_1_202' title='bbox 312 1514 526 1551; x_wconf 81' lang='lat' dir='ltr'>nosmetipsos</span> <span class='ocrx_word' id='word_1_203' title='bbox 544 1509 748 1546; x_wconf 82' lang='lat' dir='ltr'>intueamur,</span> <span class='ocrx_word' id='word_1_204' title='bbox 780 1518 892 1539; x_wconf 79' lang='lat' dir='ltr'>sensus</span> <span class='ocrx_word' id='word_1_205' title='bbox 918 1508 1065 1538; x_wconf 82' lang='lat' dir='ltr'>internus</span> <span class='ocrx_word' id='word_1_206' title='bbox 1090 1506 1157 1548; x_wconf 84' lang='lat' dir='ltr'>ipse</span> <span class='ocrx_word' id='word_1_207' title='bbox 1181 1505 1290 1543; x_wconf 86' lang='lat' dir='ltr'>docet;</span> <span class='ocrx_word' id='word_1_208' title='bbox 1313 1515 1416 1547; x_wconf 84' lang='lat' dir='ltr'>neque</span> <span class='ocrx_word' id='word_1_209' title='bbox 1441 1506 1636 1547; x_wconf 85' lang='lat' dir='ltr'>quisquam,</span> 
     </span>
     <span class='ocr_line' id='line_1_23' title="bbox 152 1559 1633 1607; baseline -0.002 -15"><span class='ocrx_word' id='word_1_210' title='bbox 152 1561 216 1594; x_wconf 83' lang='lat' dir='ltr'>nisi</span> <span class='ocrx_word' id='word_1_211' title='bbox 242 1561 334 1593; x_wconf 81' lang='lat' dir='ltr'>foeda</span> <span class='ocrx_word' id='word_1_212' title='bbox 359 1565 511 1607; x_wconf 86' lang='lat' dir='ltr'>turpique</span> <span class='ocrx_word' id='word_1_213' title='bbox 536 1566 601 1597; x_wconf 86' lang='lat' dir='ltr'>vita</span> <span class='ocrx_word' id='word_1_214' title='bbox 627 1564 818 1606; x_wconf 80' lang='lat' dir='ltr'>depravatus</span> <span class='ocrx_word' id='word_1_215' title='bbox 852 1565 914 1602; x_wconf 85' lang='lat' dir='ltr'>sit,</span> <span class='ocrx_word' id='word_1_216' title='bbox 944 1573 1104 1594; x_wconf 83' lang='lat' dir='ltr'>summam</span> <span class='ocrx_word' id='word_1_217' title='bbox 1133 1562 1275 1592; x_wconf 87' lang='lat' dir='ltr'>hominis</span> <span class='ocrx_word' id='word_1_218' title='bbox 1301 1560 1481 1592; x_wconf 85' lang='lat' dir='ltr'>felicitatem</span> <span class='ocrx_word' id='word_1_219' title='bbox 1509 1559 1633 1602; x_wconf 81' lang='lat' dir='ltr'>sapien·</span> 
     </span>
     <span class='ocr_line' id='line_1_24' title="bbox 151 1616 1639 1662; baseline 0 -15"><span class='ocrx_word' id='word_1_220' title='bbox 151 1617 215 1655; x_wconf 83' lang='lat' dir='ltr'>tia,</span> <span class='ocrx_word' id='word_1_221' title='bbox 246 1629 330 1659; x_wconf 87' lang='lat' dir='ltr'>quae</span> <span class='ocrx_word' id='word_1_222' title='bbox 358 1630 398 1650; x_wconf 80' lang='lat' dir='ltr'>ex</span> <span class='ocrx_word' id='word_1_223' title='bbox 422 1619 489 1650; x_wconf 80' lang='lat' dir='ltr'>sola</span> <span class='ocrx_word' id='word_1_224' title='bbox 518 1631 626 1650; x_wconf 81' lang='lat' dir='ltr'>rerum</span> <span class='ocrx_word' id='word_1_225' title='bbox 651 1625 796 1649; x_wconf 77' lang='lat' dir='ltr'>accurata</span> <span class='ocrx_word' id='word_1_226' title='bbox 821 1620 1007 1662; x_wconf 80' lang='lat' dir='ltr'>cognitione</span> <span class='ocrx_word' id='word_1_227' title='bbox 1034 1620 1112 1650; x_wconf 82' lang='lat' dir='ltr'>oriri</span> <span class='ocrx_word' id='word_1_228' title='bbox 1141 1625 1263 1661; x_wconf 87' lang='lat' dir='ltr'>potest,</span> <span class='ocrx_word' id='word_1_229' title='bbox 1298 1616 1556 1660; x_wconf 87' lang='lat' dir='ltr'>consequendam</span> <span class='ocrx_word' id='word_1_230' title='bbox 1586 1625 1639 1647; x_wconf 83' lang='lat' dir='ltr'>es·</span> 
     </span>
     <span class='ocr_line' id='line_1_25' title="bbox 153 1671 1632 1719; baseline 0 -16"><span class='ocrx_word' id='word_1_231' title='bbox 153 1682 205 1709; x_wconf 78' lang='lat' dir='ltr'>se,</span> <span class='ocrx_word' id='word_1_232' title='bbox 230 1671 374 1711; x_wconf 80' lang='lat' dir='ltr'>dubitat,</span> <span class='ocrx_word' id='word_1_233' title='bbox 406 1685 541 1718; x_wconf 85' lang='lat' dir='ltr'>eamque</span> <span class='ocrx_word' id='word_1_234' title='bbox 565 1686 622 1719; x_wconf 83' lang='lat' dir='ltr'>per</span> <span class='ocrx_word' id='word_1_235' title='bbox 653 1675 784 1706; x_wconf 88' lang='lat' dir='ltr'>idoneas</span> <span class='ocrx_word' id='word_1_236' title='bbox 811 1686 1022 1718; x_wconf 69' lang='lat' dir='ltr'>quascunque</span> <span class='ocrx_word' id='word_1_237' title='bbox 1059 1675 1126 1706; x_wconf 81' lang='lat' dir='ltr'>vias</span> <span class='ocrx_word' id='word_1_238' title='bbox 1159 1675 1305 1717; x_wconf 86' lang='lat' dir='ltr'>assequi,</span> <span class='ocrx_word' id='word_1_239' title='bbox 1334 1675 1407 1705; x_wconf 67' lang='lat' dir='ltr'>sine</span> <span class='ocrx_word' id='word_1_240' title='bbox 1441 1674 1505 1704; x_wconf 83' lang='lat' dir='ltr'>ulla</span> <span class='ocrx_word' id='word_1_241' title='bbox 1533 1673 1632 1704; x_wconf 81' lang='lat' dir='ltr'>iuter-</span> 
     </span>
     <span class='ocr_line' id='line_1_26' title="bbox 149 1729 1633 1780; baseline 0 -21"><span class='ocrx_word' id='word_1_242' title='bbox 149 1729 322 1768; x_wconf 78' lang='lat' dir='ltr'>missione,</span> <span class='ocrx_word' id='word_1_243' title='bbox 354 1738 502 1763; x_wconf 83' lang='lat' dir='ltr'>conatur.</span> <span class='ocrx_word' id='word_1_244' title='bbox 548 1732 598 1763; x_wconf 85' lang='lat' dir='ltr'>Ad</span> <span class='ocrx_word' id='word_1_245' title='bbox 624 1731 913 1780; x_wconf 21' lang='lat' dir='ltr'>hancvfelicitatem</span> <span class='ocrx_word' id='word_1_246' title='bbox 944 1733 1010 1763; x_wconf 87' lang='lat' dir='ltr'>vias</span> <span class='ocrx_word' id='word_1_247' title='bbox 1035 1733 1096 1763; x_wconf 91' lang='lat' dir='ltr'>sibi</span> <span class='ocrx_word' id='word_1_248' title='bbox 1128 1733 1268 1775; x_wconf 81' lang='lat' dir='ltr'>aperire,</span> <span class='ocrx_word' id='word_1_249' title='bbox 1294 1742 1337 1763; x_wconf 86' lang='lat' dir='ltr'>ue</span> <span class='ocrx_word' id='word_1_250' title='bbox 1358 1733 1410 1762; x_wconf 90' lang='lat' dir='ltr'>cui</span> <span class='ocrx_word' id='word_1_251' title='bbox 1433 1729 1564 1761; x_wconf 82' lang='lat' dir='ltr'>difficile</span> <span class='ocrx_word' id='word_1_252' title='bbox 1585 1729 1633 1760; x_wconf 82' lang='lat' dir='ltr'>vi·</span> 
     </span>
     <span class='ocr_line' id='line_1_27' title="bbox 153 1784 1630 1832; baseline 0.001 -17"><span class='ocrx_word' id='word_1_253' title='bbox 153 1784 283 1824; x_wconf 75' lang='lat' dir='ltr'>dentur,</span> <span class='ocrx_word' id='word_1_254' title='bbox 305 1796 380 1816; x_wconf 87' lang='lat' dir='ltr'>cum</span> <span class='ocrx_word' id='word_1_255' title='bbox 407 1789 474 1830; x_wconf 85' lang='lat' dir='ltr'>ipsa</span> <span class='ocrx_word' id='word_1_256' title='bbox 501 1794 614 1819; x_wconf 85' lang='lat' dir='ltr'>natura</span> <span class='ocrx_word' id='word_1_257' title='bbox 632 1799 684 1820; x_wconf 89' lang='lat' dir='ltr'>eas</span> <span class='ocrx_word' id='word_1_258' title='bbox 707 1799 764 1820; x_wconf 85' lang='lat' dir='ltr'>sua</span> <span class='ocrx_word' id='word_1_259' title='bbox 789 1796 904 1831; x_wconf 86' lang='lat' dir='ltr'>sponte</span> <span class='ocrx_word' id='word_1_260' title='bbox 928 1789 1022 1820; x_wconf 81' lang='lat' dir='ltr'>nobis</span> <span class='ocrx_word' id='word_1_261' title='bbox 1047 1788 1168 1832; x_wconf 87' lang='lat' dir='ltr'>ubique</span> <span class='ocrx_word' id='word_1_262' title='bbox 1194 1788 1329 1826; x_wconf 81' lang='lat' dir='ltr'>indicat3</span> <span class='ocrx_word' id='word_1_263' title='bbox 1352 1797 1526 1830; x_wconf 83' lang='lat' dir='ltr'>perpaucae</span> <span class='ocrx_word' id='word_1_264' title='bbox 1541 1786 1630 1816; x_wconf 88' lang='lat' dir='ltr'>enim</span> 
     </span>
     <span class='ocr_line' id='line_1_28' title="bbox 154 1844 1633 1888; baseline 0.001 -17"><span class='ocrx_word' id='word_1_265' title='bbox 154 1844 343 1873; x_wconf 83' lang='lat' dir='ltr'>communes</span> <span class='ocrx_word' id='word_1_266' title='bbox 365 1849 460 1886; x_wconf 86' lang='lat' dir='ltr'>atque</span> <span class='ocrx_word' id='word_1_267' title='bbox 486 1844 741 1888; x_wconf 85' lang='lat' dir='ltr'>simplicissimae</span> <span class='ocrx_word' id='word_1_268' title='bbox 774 1846 870 1877; x_wconf 87' lang='lat' dir='ltr'>nobis</span> <span class='ocrx_word' id='word_1_269' title='bbox 895 1856 911 1876; x_wconf 88' lang='lat' dir='ltr'>a</span> <span class='ocrx_word' id='word_1_270' title='bbox 932 1854 1045 1877; x_wconf 84' lang='lat' dir='ltr'>natura</span> <span class='ocrx_word' id='word_1_271' title='bbox 1072 1846 1162 1877; x_wconf 78' lang='lat' dir='ltr'>datae</span> <span class='ocrx_word' id='word_1_272' title='bbox 1186 1852 1217 1876; x_wconf 85' lang='lat' dir='ltr'>et</span> <span class='ocrx_word' id='word_1_273' title='bbox 1244 1851 1396 1887; x_wconf 78' lang='lat' dir='ltr'>tanquam</span> <span class='ocrx_word' id='word_1_274' title='bbox 1420 1844 1532 1874; x_wconf 76' lang='lat' dir='ltr'>insitae</span> <span class='ocrx_word' id='word_1_275' title='bbox 1556 1848 1633 1874; x_wconf 77' lang='lat' dir='ltr'>sunt</span> 
     </span>
     <span class='ocr_line' id='line_1_29' title="bbox 152 1898 1632 1945; baseline 0.001 -17"><span class='ocrx_word' id='word_1_276' title='bbox 152 1898 317 1936; x_wconf 86' lang='lat' dir='ltr'>notiones,</span> <span class='ocrx_word' id='word_1_277' title='bbox 340 1909 421 1941; x_wconf 84' lang='lat' dir='ltr'>quas</span> <span class='ocrx_word' id='word_1_278' title='bbox 435 1901 577 1943; x_wconf 83' lang='lat' dir='ltr'>singulas</span> <span class='ocrx_word' id='word_1_279' title='bbox 601 1912 617 1931; x_wconf 89' lang='lat' dir='ltr'>a</span> <span class='ocrx_word' id='word_1_280' title='bbox 635 1902 771 1944; x_wconf 81' lang='lat' dir='ltr'>singulis</span> <span class='ocrx_word' id='word_1_281' title='bbox 796 1902 993 1941; x_wconf 75' lang='lat' dir='ltr'>discernere,</span> <span class='ocrx_word' id='word_1_282' title='bbox 1016 1913 1132 1945; x_wconf 85' lang='lat' dir='ltr'>easque</span> <span class='ocrx_word' id='word_1_283' title='bbox 1161 1904 1193 1933; x_wconf 90' lang='lat' dir='ltr'>in</span> <span class='ocrx_word' id='word_1_284' title='bbox 1219 1902 1365 1932; x_wconf 77' lang='lat' dir='ltr'>ordinem</span> <span class='ocrx_word' id='word_1_285' title='bbox 1395 1900 1557 1942; x_wconf 84' lang='lat' dir='ltr'>redigere,</span> <span class='ocrx_word' id='word_1_286' title='bbox 1581 1899 1632 1930; x_wconf 86' lang='lat' dir='ltr'>ni·</span> 
     </span>
    </p>
   </div>
   <div class='ocr_carea' id='block_1_5' title="bbox 152 1952 1637 2043">
    <p class='ocr_par' dir='ltr' id='par_1_6' title="bbox 152 1952 1637 2043">
     <span class='ocr_line' id='line_1_30' title="bbox 152 1952 1637 1997; baseline 0.001 -12"><span class='ocrx_word' id='word_1_287' title='bbox 152 1952 199 1986; x_wconf 80' lang='lat' dir='ltr'>hil</span> <span class='ocrx_word' id='word_1_288' title='bbox 225 1953 312 1987; x_wconf 78' lang='lat' dir='ltr'>ahud</span> <span class='ocrx_word' id='word_1_289' title='bbox 337 1956 535 1989; x_wconf 82' lang='lat' dir='ltr'>censendum</span> <span class='ocrx_word' id='word_1_290' title='bbox 564 1964 640 1997; x_wconf 84' lang='lat' dir='ltr'>est,</span> <span class='ocrx_word' id='word_1_291' title='bbox 678 1959 742 1991; x_wconf 82' lang='lat' dir='ltr'>nisi</span> <span class='ocrx_word' id='word_1_292' title='bbox 774 1966 878 1992; x_wconf 88' lang='lat' dir='ltr'>totum</span> <span class='ocrx_word' id='word_1_293' title='bbox 912 1959 953 1992; x_wconf 85' lang='lat' dir='ltr'>ab</span> <span class='ocrx_word' id='word_1_294' title='bbox 989 1959 1179 1992; x_wconf 77' lang='lat' dir='ltr'>homi-nibus</span> <span class='ocrx_word' id='word_1_295' title='bbox 1215 1960 1420 1991; x_wconf 78' lang='lat' dir='ltr'>inventarum</span> <span class='ocrx_word' id='word_1_296' title='bbox 1449 1958 1564 1989; x_wconf 85' lang='lat' dir='ltr'>artium</span> <span class='ocrx_word' id='word_1_297' title='bbox 1599 1959 1637 1986; x_wconf 80' lang='lat' dir='ltr'>et-</span> 
     </span>
     <span class='ocr_line' id='line_1_31' title="bbox 1531 2020 1635 2043; baseline 0 -1"><span class='ocrx_word' id='word_1_298' title='bbox 1531 2020 1635 2043; x_wconf 62' lang='lat' dir='ltr'>selen-</span> 
     </span>
    </p>
   </div>
  </div>
 </body>
</html>
