1913 2417
529 650 1490 713 ANNOTATIONES.

314 981 378 1024 ὄπ)
420 980 457 1014 P.
483 987 534 1012 10.
577 978 692 1011 Visum
719 985 786 1011 erat
814 980 973 1012 Newtono
1001 990 1069 1012 non
1098 989 1191 1023 posse
1222 978 1384 1023 planetas,
1423 978 1466 1011 ob
1497 988 1610 1011 eorum
1635 982 1741 1010 motus

269 1037 390 1082 quibus
421 1036 461 1067 ad
493 1036 634 1079 reliquos
666 1037 925 1080 appropinquare
958 1043 990 1068 et
1014 1037 1054 1068 de
1082 1047 1139 1068 sua
1166 1036 1302 1079 quisque
1335 1035 1511 1067 directione
1542 1034 1666 1067 deflecti
1691 1035 1743 1066 vi-

271 1094 409 1132 dentur,
447 1103 571 1123 servare
602 1103 657 1123 eos
692 1103 828 1131 cursus,
865 1090 947 1135 quos
981 1093 1020 1123 iis
1050 1099 1168 1124 natura
1193 1092 1426 1134 assignaverat3
1454 1092 1510 1123 sed
1535 1097 1606 1135 post
1634 1100 1743 1121 saecu-

274 1149 379 1181 lorum
409 1148 505 1191 longa
534 1148 699 1180 intervalla
733 1160 833 1192 prope
850 1148 922 1180 vfore
950 1155 987 1180 ut
1009 1148 1220 1187 aberrarent,
1252 1149 1286 1179 iu
1309 1148 1450 1179 diversos
1478 1158 1592 1179 cursus
1613 1145 1744 1178 deveni·

275 1211 369 1244 rent,
405 1204 541 1247 ideoque
569 1212 660 1237 *totus
687 1205 820 1236 illorum
848 1211 948 1237 status
981 1205 1242 1243 labefactaretur3
1274 1205 1336 1235 nisi
1361 1215 1508 1236 summus
1534 1214 1641 1236 rerum
1667 1202 1743 1234 arti·

274 1262 326 1294 fex
356 1271 488 1292 manum
521 1262 760 1305 interponeret,
792 1260 928 1304 illosque
959 1262 994 1292 in
1020 1261 1166 1293 ordinem
1194 1263 1311 1292 iterum
1338 1260 1503 1303 redigeret.
1568 1262 1657 1300 Quae
1679 1258 1744 1302 opi-

275 1319 332 1350 nio
367 1327 516 1360 magnam
547 1319 798 1350 controversiam
830 1318 996 1350 suscitavit
1030 1318 1140 1349 amicis
1177 1319 1247 1360 ejus
1283 1328 1358 1348 cum
1389 1316 1591 1356 Leibnitzio‚
1629 1322 1746 1347 stoma-

277 1374 391 1405 chante
419 1380 450 1405 et
469 1374 604 1405 mirante
618 1397 628 1414 ‚
657 1381 820 1418 repertum
838 1385 905 1406 esse
927 1374 1157 1418 philosophum
1174 1397 1185 1410 ‚
1218 1375 1275 1417 qui
1299 1372 1457 1405 mundum
1486 1373 1621 1404 naturali
1644 1372 1743 1403 exitio

277 1431 396 1462 sensim
430 1432 609 1472 periturum
627 1454 636 1467 ,
679 1437 759 1469 aut,
798 1433 889 1474 quasi
924 1431 1064 1474 quodam
1094 1430 1253 1473 horologii
1279 1436 1369 1461 motu
1396 1436 1545 1473 peracto,
1573 1428 1746 1460 restitutio·

280 1497 354 1518 nem
385 1485 512 1517 artificii
538 1486 790 1519 desideraturum
815 1487 945 1520 diceret.
1006 1489 1115 1518 Postea
1139 1493 1244 1518 autem
1268 1497 1342 1517 cum
1373 1485 1523 1517 nonnulli
1547 1496 1581 1517 ea
1607 1496 1640 1516 re
1658 1495 1747 1515 com·

279 1543 375 1581 moti,
397 1542 485 1585 qnod
513 1542 654 1584 probatis
677 1544 738 1575 sibi
766 1544 898 1587 reliquis
929 1544 1078 1575 Newtoui
1104 1544 1289 1583 sententiis,
1313 1542 1396 1573 hanc
1426 1549 1532 1573 tamen
1556 1546 1747 1571 senteutiam

279 1604 385 1629 tenere
412 1605 636 1640 gravarentur,
668 1600 752 1631 ultra
788 1600 950 1642 inquirere
983 1605 1154 1642 ceperunt,
1185 1599 1246 1630 fuit
1276 1609 1314 1630 ea
1354 1597 1482 1629 tandem
1513 1597 1604 1629 omni
1630 1595 1750 1627 invidia

280 1653 409 1684 liberata
429 1665 437 1691 3
458 1665 562 1696 neque
587 1662 692 1687 tamen
716 1663 753 1687 ut
779 1657 954 1687 Newtonus
979 1654 1059 1686 adeo
1083 1655 1178 1698 longe
1200 1655 1353 1687 erravisse
1380 1654 1560 1692 videretur,
1579 1663 1653 1684 cum
1671 1662 1748 1682 con-

283 1715 346 1741 stet
372 1709 516 1740 ordinem
542 1711 655 1741 mundi
677 1711 908 1742 immutabilem
935 1722 1005 1742 esse
1029 1718 1062 1742 et
1086 1717 1324 1754 permanentem
1350 1716 1477 1754 propter
1503 1709 1582 1740 duas
1613 1707 1750 1738 maxime

277 1776 408 1796 causas:
432 1776 547 1804 unam,
570 1766 659 1809 quod
682 1767 825 1810 planetae
854 1769 936 1799 circa
969 1767 1068 1798 solem
1097 1770 1163 1810 pari
1191 1767 1382 1804 directione,
1410 1777 1476 1797 non
1503 1764 1675 1801 contraria,
1705 1761 1750 1793 fe·

284 1827 428 1859 runtur;
460 1821 589 1853 alteram
608 1846 618 1861 ‚
648 1824 738 1865 quod
772 1835 884 1855 eorum
924 1835 1077 1855 cursuum
1105 1823 1232 1867 figura,
1265 1825 1323 1855 etsi
1354 1823 1393 1854 sit
1425 1821 1563 1864 ellipsis,
1593 1827 1697 1851 tamen
1733 1828 1751 1849 a

283 1875 424 1919 perfecto
450 1878 570 1909 circulo
607 1889 672 1910 non
706 1890 897 1922 magnopere
929 1880 1109 1923 discrepat3
1149 1880 1199 1912 his
1234 1879 1433 1924 praecipuis,
1467 1877 1573 1921 quoad
1603 1874 1754 1919 cognosci

284 1933 404 1975 possit,
430 1934 462 1963 iu
487 1935 552 1965 suis
577 1935 726 1967 cursibus
751 1937 880 1968 retineri
903 1943 933 1968 et
955 1937 1145 1968 conservari.

1567 2045 1631 2089 (2)
1653 2046 1686 2078 Ρ.
1705 2043 1755 2077 13.
