1913 2417
315 150 602 183 RESPONSIO
631 159 682 180 AD
711 150 1080 191 QUAESTIONEM
1108 151 1533 183 PHILOSOPHICAM.
1635 155 1672 190 85

162 233 330 270 longissime
356 241 434 263 erant
454 236 567 264 remoti.
608 235 839 270 Aequiescebant
864 235 913 263 isti
946 234 974 263 in
999 233 1202 271 philosophica
1223 234 1342 269 quatiam
1366 235 1592 270 tranquillitate,
1624 235 1667 263 fa·

160 293 233 313 mam
258 285 406 313 hominum
430 294 456 314 et
478 287 599 322 plausus
623 294 650 314 et
673 286 785 314 dicendi
815 287 953 314 laureolas
985 286 1138 321 aspernati.
1187 285 1282 321 Cujus
1315 285 1461 320 gravitatis
1492 287 1665 314 documenta

161 335 283 364 afferunt
304 336 387 364 etiam
412 338 496 366 Sexti
520 337 672 375 Empirici
700 345 802 372 opera:
826 337 909 372 cujus
934 336 1029 364 divina
1054 335 1158 372 ingenii
1185 335 1334 370 celeritas,
1361 336 1563 372 scribendique
1589 345 1668 373 prae-

157 386 262 415 stantia
283 386 314 415 in
335 388 428 415 eadem
451 387 605 416 affectuum
631 387 826 416 mediocritate
853 394 880 414 et
904 388 1061 428 φιᾼοσόφως
1092 392 1248 421 temperato
1272 386 1410 415 orationis
1439 395 1538 423 genere
1563 396 1666 416 conse-

158 436 210 465 dit.
250 437 291 465 Ita
313 439 477 466 Academici
501 438 559 466 fere
586 438 786 466 subsistebant
811 438 840 465 in
869 444 928 465 arte
959 436 1141 472 Scepticismi
1174 437 1340 467 exercenda:
1371 438 1525 473 Pyrrhonii
1553 447 1603 474 per
1626 448 1669 466 ar-

157 491 212 514 tem
232 488 385 516 tendebant
408 490 443 517 ad
464 489 642 518 affectionem
675 489 856 524 Scepticam3
885 488 924 516 ita
955 494 984 515 ut
1013 487 1063 514 hac
1094 488 1123 515 in
1153 486 1269 523 fastigio
1294 489 1459 524 collocata,
1486 490 1548 525 ejus
1577 489 1668 526 gratia

162 537 247 566 unice
272 539 421 568 dubitandi
446 540 639 575 magisterium
665 548 696 568 ac
719 539 901 574 disciplinam
926 538 1054 574 profiteri
1078 546 1108 566 se
1131 537 1267 567 dicerent.

165 604 173 619 -,
200 589 393 624 comparandi
419 598 488 618 sunt
511 591 675 619 Academici
702 597 729 619 et
751 589 896 625 Sceptici,
924 589 1033 617 ratione
1056 590 1200 626 principii
1223 589 1283 617 sive
1298 589 1507 625 fimdamenti,
1538 599 1596 626 quo
1620 599 1668 620 eo-

157 647 219 667 rum
242 641 428 676 philosophia
450 641 571 670 nititur:
594 642 623 669 in
647 650 702 677 qua
724 640 938 676 comparatione
963 639 1125 668 Academici
1149 640 1255 675 singuli
1281 642 1429 676 spectandi
1449 649 1544 671 erunt.

195 689 348 719 Arcesilae
368 691 540 725 principium
566 692 672 720 bellum
695 692 791 727 prodit
821 699 885 718 cum
918 691 1043 720 Zenone.
1085 690 1202 718 Scilicet
1232 689 1448 720 fundamentum
1473 693 1663 722 dubitationis

157 741 258 769 statuit
279 742 449 770 contrariam
480 744 710 771 enunciationem
736 742 896 770 definitioni
920 742 1067 777 Stoicae3.-
1083 742 1188 770 docens
1226 742 1339 770 nullum
1370 751 1432 770 esse
1460 744 1513 771 tale
1537 744 1630 773 visum
1652 754 1668 773 a

160 798 247 826 vero,
270 798 301 819 ut
323 800 382 820 non
406 792 530 828 ejusdem
557 794 635 821 modi
659 794 741 821 etiam
765 802 780 821 a
808 792 882 820 falso
909 793 1004 827 possit
1033 801 1106 821 esse.
1161 792 1251 830 Quod
1275 793 1467 829 principium,
1495 803 1559 822 cnm
1589 796 1666 832 Dog-

162 842 292 870 maticam
320 842 532 871 affirmationem
560 843 693 871 inducere
715 843 863 877 videatur,
890 843 928 870 ita
950 844 984 870 ad
1005 843 1155 872 dubitandi
1177 845 1342 872 institutum
1369 844 1548 874 fundandum
1578 847 1671 875 Arce-

157 893 229 922 silas
249 894 410 929 convertit,
434 900 465 922 ut
483 895 518 922 ad
539 895 703 923 Stoicorum
730 894 885 929 sapientem
907 900 1071 923 recurreret.
1120 894 1276 923 Enimvero
1306 895 1461 930 sapientem
1491 896 1583 925 Stoici
1608 905 1672 927 tue·

159 942 267 972 bantur
287 952 442 979 numquam
465 946 667 980 opinaturum,
689 946 707 974 i.
725 953 750 974 e.
771 943 846 973 falso
863 945 1070 980 incognitoque
1092 953 1291 973 assensuruzn:
1316 946 1396 981 atqui
1414 947 1524 975 nullum
1544 948 1597 975 tale
1621 949 1664 977 vi-

159 1002 224 1024 sum
240 1001 283 1022 est
299 1003 314 1022 a
329 1003 416 1030 vem,
439 996 517 1030 qnod
534 1004 593 1024 non
616 997 713 1024 eodem
741 996 826 1023 modo
848 1004 862 1022 a
879 995 953 1023 falso
979 1003 1042 1023 esse
1064 996 1179 1030 possit,
1207 996 1320 1031 sapiens
1337 1004 1424 1032 ergo,
1454 1006 1490 1025 ne
1514 998 1666 1036 opinetur,

160 1053 258 1073 omnes
283 1054 419 1075 assensus
454 1047 597 1075 retinebit.
639 1046 704 1075 Hoc
733 1053 827 1074 autem
862 1045 1081 1075 fundamentum
1113 1053 1192 1082 patet
1220 1047 1303 1075 unice
1334 1049 1579 1077 accommodatum
1606 1058 1670 1078 esse

157 1097 193 1124 ad
215 1096 380 1125 Stoicorum
402 1098 559 1127 doctrinam
585 1097 824 1133 oppugnandam:
846 1102 933 1132 atque
955 1097 993 1124 ita
1011 1104 1131 1133 angusta
1155 1098 1274 1126 ditionis
1294 1099 1487 1132 descriptione
1510 1100 1665 1129 contineri.

197 1146 303 1176 Latius
334 1149 504 1184 disciplinae
536 1157 602 1177 snae
628 1148 803 1184 principium
836 1146 1003 1175 Carneades
1040 1148 1208 1177 substravit.
1259 1147 1380 1176 Omnem
1422 1151 1496 1178 enim
1530 1151 1671 1187 Sceptici-

162 1206 256 1226 smum
281 1199 315 1226 ab
333 1199 383 1227 illo
400 1199 481 1228 fonte
503 1201 603 1234 duxit,
625 1200 698 1228 nihil
721 1199 805 1227 nobis
831 1206 913 1232 esse,
943 1206 1000 1232 quo
1024 1198 1170 1234 judicetur
1193 1199 1307 1228 veritas.
1352 1199 1387 1228 In
1411 1200 1494 1229 rebus
1518 1203 1668 1231 veritatem

160 1248 300 1284 reliquit,
322 1251 370 1278 sed
389 1259 446 1278 eam
472 1259 487 1279 a
511 1258 609 1279 nostra
633 1250 799 1287 cognitione
821 1249 956 1277 dimovit.
997 1248 1088 1284 Igitur
1105 1256 1163 1277 non
1189 1255 1286 1284 potest
1308 1250 1470 1279 Carneadis
1494 1251 1669 1288 principium

159 1300 268 1327 censeri
300 1300 485 1329 universalem
514 1302 630 1337 gignere
659 1301 889 1335 dubitationem.t
916 1305 1065 1334 manente,
1091 1300 1260 1328 velrsaltem
1283 1309 1343 1329 non
1363 1307 1491 1337 tentato,
1518 1311 1609 1338 vero,
1635 1304 1667 1333 in

154 1350 239 1386 ⁴quod
261 1357 339 1378 mens
366 1351 559 1386 probabilium
583 1351 769 1380 inclinatione
792 1351 977 1386 propendeat.

197 1400 284 1427 Philo
304 1401 427 1436 denique
451 1410 563 1430 omnem
594 1402 835 1437 Dogmaticorum
851 1402 1106 1437 ‚oppugnationem
1138 1403 1284 1430 conclusit
1314 1404 1577 1439 comprehensionis
1600 1413 1664 1439 per-

160 1451 313 1486 spicuitate
332 1459 384 1486 ea,
414 1460 498 1486 quam
524 1452 615 1480 Stoici
641 1451 809 1488 fingebant,
836 1451 1025 1487 infirmanda,
1054 1460 1186 1480 revocato
1217 1452 1369 1482 Arcesilae
1398 1455 1554 1490 principio.
1595 1455 1664 1493 Quo

162 1507 256 1530 tamen
276 1501 421 1538 principio
445 1511 504 1531 non
526 1511 597 1532 usus
623 1509 666 1532 est
690 1504 723 1532 ad
745 1503 869 1539 ἐποχὴν,
892 1511 975 1538 quam
1003 1502 1146 1538 deseruit,
1168 1503 1382 1539 stabiliendam,
1403 1506 1454 1534 sed
1475 1506 1508 1534 ad
1530 1505 1668 1534 affirman-

160 1552 189 1580 di
211 1554 398 1588 arrogantiam
421 1553 587 1582 Stoicorum
610 1548 830 1590 profligandam.
870 1553 917 1582 Ab
943 1553 988 1581 his
1014 1552 1111 1589 itaque
1137 1554 1230 1583 initiis
1255 1555 1333 1583 nulia
1362 1563 1461 1592 magna
1487 1555 1670 1592 Scepticismi

153 1604 202 1632 ,vis
223 1604 289 1632 oriri
312 1611 437 1640 poterat.

197 1654 398 1690 Scepticorum
422 1664 509 1684 unum
527 1656 584 1691 fuit
607 1656 801 1693 principium,
822 1661 849 1684 et
873 1655 1010 1684 latissime
1031 1662 1154 1692 patens,
1182 1663 1212 1686 et
1233 1666 1267 1687 ex
1290 1658 1424 1687 universa
1451 1658 1544 1687 omnis
1570 1658 1671 1694 philo-

151 1705 279 1740 ,sophiae
305 1707 532 1736 consideratione
558 1709 712 1742 haustum,
741 1706 820 1735 omni
853 1707 955 1734 rationi
997 1706 1124 1742 aequalis
1165 1701 1300 1742 ponderis
1339 1710 1481 1737 rationem
1513 1709 1664 1738 adversari.

161 1755 250 1792 Quod
272 1756 446 1792 principium
472 1767 572 1787 omnes
594 1757 743 1787 dubitandi
767 1763 859 1793 partes
884 1763 912 1785 et
933 1757 1071 1794 praesidia
1095 1759 1318 1794 complectitur,
1347 1767 1380 1787 ex
1405 1767 1496 1795 eoque
1519 1761 1665 1788 universa-

160 1806 199 1834 lis
219 1813 246 1834 et
269 1806 385 1842 perfecti
410 1809 590 1844 Scepticismi
619 1809 767 1838 institutio
799 1808 924 1838 ducitur.
966 1808 1070 1844 Neque
1101 1815 1144 1837 est
1174 1817 1367 1845 comparatum
1391 1810 1425 1838 ad
1459 1818 1545 1838 unum
1578 1811 1664 1838 modo

129 1894 131 1896 η
161 1857 397 1893 Dogmaticorum
425 1868 533 1896 genus,
555 1861 605 1889 scd
628 1861 662 1888 ad
686 1859 783 1888 omnia
809 1859 1016 1888 subvertenda:
1037 1867 1129 1895 eoque
1151 1860 1215 1888 solo
1242 1860 1335 1890 omnis
1360 1860 1508 1897 scepticae
1528 1861 1596 1890 artis
1622 1861 1665 1889 di-

163 1909 284 1942 sciplina
304 1909 416 1938 nititur.
789 1908 792 1910 ’

197 1958 259 1987 Hac
285 1962 499 1999 principiorum
518 1962 688 1994 'differentia
718 1962 954 1993 Academicorum
991 1967 1019 1990 et
1047 1960 1247 1998 Scepticorum
1285 1962 1317 1993 in
1353 1963 1555 2001 oppugnandis
1584 1962 1664 1998 Dog-

933 2012 960 2042 L
981 2020 997 2048 3
1615 2021 1674 2042 ma-
