1913 2417
261 154 296 177 ιο.
629 139 1426 174 G.C.B.SURINGAR

271 227 413 258 foliorum
436 225 529 263 partis
553 224 772 261 descriptionem
806 223 893 253 latine
924 225 1083 261 vertendo,
1111 231 1138 253 et
1169 224 1255 253 nimis
1285 225 1402 252 barbare
1429 223 1615 259 locuturum,
1644 229 1672 252 et
1695 224 1782 262 hujus

275 278 442 317 paragraphi
463 277 569 306 limites
591 282 836 312 transgressurum
860 283 934 304 esse.

306 331 384 360 Haec
407 329 570 366 Epidermis
601 328 630 355 in
660 326 735 355 facie
767 326 905 356 foliorum
931 326 1073 363 superiori
1105 327 1275 363 plerumque
1307 326 1402 363 glabra
1427 333 1454 355 et
1483 327 1629 363 splendida
1651 333 1784 362 apparet,

270 382 299 411 in
323 382 427 419 pagina
462 389 528 409 vero
554 387 652 407 eorum
684 377 829 412 inferiori,
866 378 996 413 partibus
1028 387 1098 415 quas
1130 378 1200 414 tegit
1231 377 1481 414 prominentibus,
1512 386 1594 414 saepe
1626 376 1784 412 inaequalis

268 432 468 468 conspicitur,
490 431 593 466 pubem
618 436 645 458 et
669 435 812 464 stomata,
833 428 862 457 in
890 429 941 458 hac
965 429 1037 458 facie
1065 430 1205 466 copiosa,
1235 429 1372 463 investit,
1394 435 1419 456 et
1446 429 1507 457 laxe
1534 429 1687 457 admodum
1718 436 1784 457 cum

271 484 390 513 Cortice
411 482 555 510 cohaeret.
1736 512 1739 515 .

315 535 343 562 A
369 533 459 561 caulis
485 534 642 568 plantarum
666 531 864 560 adscendentis
889 530 1074 567 Epidermide
1104 531 1174 560 haec
1197 530 1334 560 foliorum
1359 532 1496 561 Cuticula
1523 539 1582 560 non
1607 535 1719 559 tantum
1746 536 1787 558 te-

274 585 384 615 nuitate
407 584 519 619 differt3
549 584 598 612 sed
620 585 650 611 in
667 582 716 611 illa
742 582 825 610 etiam
850 582 1039 611 observantur
1065 582 1148 611 fibrae
1171 590 1197 610 et
1222 591 1288 611 vasa
1313 583 1509 619 lymphatica,
1538 583 1598 611 imo
1635 582 1710 610 varia
1735 589 1783 609 oc-

273 642 393 665 currunt
413 642 500 663 strata
526 634 634 671 (15),
657 642 781 669 quorum
808 641 843 662 ne
867 633 913 662 vel
942 633 1096 670 vestigium
1121 634 1150 662 in
1172 633 1309 662 foliorum
1334 633 1518 670 Epid:r·uride
1546 639 1661 668 apparet
1686 632 1786 670 (16).

272 687 419 717 Foliorum
444 685 607 722 Epidermis
639 684 724 713 etiam
747 685 778 713 vi
808 684 1010 721 reproductiva
1042 685 1100 722 (de
1126 693 1156 713 se
1180 685 1369 721 rcproduire)
1404 683 1521 712 omnino
1547 690 1637 718 caret,
1667 691 1739 719 quae
1760 684 1790 711 in

273 739 388 768 aliarum
414 738 525 774 plantae
548 735 670 772 partium
695 735 878 772 Epidermide
905 735 977 764 satis
1001 744 1102 772 magna
1134 744 1195 764 esse
1219 736 1302 765 solet.
1344 735 1385 764 Ea
1408 735 1517 763 tandem
1547 735 1620 764 inter
1651 734 1788 763 foliorum

274 797 302 819 et
323 789 413 818 caulis
446 787 644 817 adscendentis
676 787 889 823 Epidermidem
923 787 1002 816 adest
1028 786 1183 815 differentia
1202 809 1212 822 ‚
1243 787 1322 822 quod
1345 787 1374 814 in
1400 785 1610 821 Epfflermide,
1640 793 1695 820 qua
1719 784 1790 813 folia

276 847 430 878 teguntur,
460 839 597 876 plumima
622 846 689 868 vasa
711 837 893 868 absorbentia
917 838 1125 873 observentur,
1155 838 1262 873 quibus
1291 838 1398 874 reliqua
1428 837 1590 873 Epidertnis
1612 837 1784 872 plerumque

277 892 415 922 destituta
436 897 478 919 est
502 891 601 927 (17).

314 942 455 980 Quisnam
479 949 547 969 vero
571 941 658 978 hujus
682 940 860 969 membranae
879 946 922 968 est
946 949 1035 976 usus,
1064 939 1236 975 quibusnam
1263 937 1465 969 functionibus
1492 938 1635 968 inservit?

315 994 368 1022 Per
392 991 626 1029 Epidermidem,
653 991 775 1028 juvenili
799 990 938 1020 foliorum
963 998 1070 1025 aetate,
1100 991 1216 1026 omnia,
1248 999 1319 1026 quae
1343 997 1522 1025 nascuntur,
1553 997 1658 1026 organa
1682 989 1794 1026 egregie

278 1052 294 1072 a
320 1044 421 1079 quavis
445 1042 611 1071 turbatione
634 1048 696 1070 tuta
723 1048 926 1078 praestantur3
954 1042 1108 1070 fluidorum
1139 1041 1226 1070 nimia
1248 1041 1323 1070 actio
1347 1040 1524 1077 impeditur,
1553 1048 1711 1076 omnesque
1733 1048 1798 1076 par-

283 1099 325 1123 tes
347 1094 399 1122 hae
423 1093 584 1123 membrana
608 1093 689 1122 tenui
715 1093 828 1129 quidem
844 1113 854 1128 ,
873 1093 922 1122 sed
947 1093 1098 1122 admodum
1127 1093 1243 1121 elastica
1266 1092 1376 1129 egregie
1399 1101 1454 1133 suo
1479 1093 1545 1121 loco
1570 1099 1597 1121 et
1620 1093 1698 1129 justa
1721 1100 1798 1128 mag-

279 1144 409 1174 nitudine
430 1143 587 1173 retinentur
610 1145 708 1182 (18).
757 1145 858 1173 Aetate
879 1144 1076 1181 provectiori,
1105 1144 1266 1180 foliorum,
1295 1145 1352 1181 J'am
1376 1144 1480 1172 minori
1505 1144 1589 1180 copia
1619 1152 1724 1173 succos
1747 1142 1800 1172 ali-

281 1203 421 1225 mentares
442 1195 643 1232 accipientium
657 1216 667 1231 ,
690 1195 805 1224 nimiam
833 1195 996 1232 Epidermis
1027 1197 1146 1233 impedit
1169 1196 1400 1233 evaporationem
1423 1196 1530 1233 (19),
1561 1194 1636 1223 inter
1660 1193 1800 1223 foliorum

281 1253 377 1284 partes
402 1245 509 1275 solidas
533 1252 561 1275 et
584 1247 687 1275 fltridas
710 1247 822 1283 iustum
848 1248 1049 1283 aequilibrium
1075 1253 1191 1282 servat,
1222 1254 1250 1275 et
1278 1248 1373 1275 omnia
1402 1255 1522 1281 corpora
1547 1246 1693 1273 Corticem
1717 1252 1803 1280 pene-

282 1298 403 1333 trantia,
435 1303 467 1326 ut
492 1298 571 1334 pilos
594 1304 622 1326 et
643 1304 766 1327 stomata
792 1299 913 1328 investit
933 1298 995 1334 (20
1006 1300 1031 1334 ).
1074 1297 1121 1326 Ad
1143 1297 1247 1325 caloris
1272 1303 1299 1325 et
1333 1295 1512 1324 humiditatis
1544 1294 1685 1323 actionem
1710 1294 1804 1323 sensi-

283 1349 342 1384 lis,
364 1347 486 1377 formam
509 1355 536 1376 et
560 1348 648 1377 situm
670 1347 809 1378 foliorum
833 1349 871 1378 ita
895 1355 987 1378 mutat
1011 1349 1115 1385 (21),
1147 1353 1179 1376 ut
1203 1346 1370 1376 functiones
1402 1355 1469 1375 suas
1501 1346 1650 1382 aptissime
1671 1353 1805 1383 peragere

283 1400 410 1434 possint.
449 1399 613 1436 Epidermis
640 1402 752 1429 tandem
774 1400 844 1430 folia
867 1410 883 1430 a
908 1399 1081 1436 corporibus
1116 1398 1242 1427 minimis
1278 1398 1307 1426 in
1337 1398 1398 1426 aete
1424 1397 1636 1433 volitantibus,
1664 1405 1736 1433 quae
1755 1405 1802 1426 ce-

284 1451 422 1484 teroquin
456 1459 487 1479 ea
520 1451 626 1480 intrare
659 1458 778 1487 possent
810 1453 893 1489 (αα)
912 1474 921 1488 ,
952 1459 1011 1479 uno
1045 1450 1135 1479 verbo
1169 1450 1203 1479 ab
1235 1449 1372 1478 omnibus
1406 1449 1522 1486 injuriis
1555 1448 1679 1478 externis
1708 1447 1805 1479 defen-

286 1500 328 1528 dit
344 1499 450 1537 (23),
467 1507 557 1535 eaque
583 1509 655 1536 quae
674 1504 824 1532 continent
847 1503 978 1532 custodit
1003 1502 1065 1540 (24
1077 1502 1105 1539 ).

319 1727 384 1755 (15)
405 1728 525 1748 Sennebr'er
546 1728 561 1751 1.
580 1735 598 1752 c.
620 1731 689 1752 Tom-
706 1731 724 1752 1.
749 1736 797 1757 pag,
815 1730 864 1757 146.
1092 1728 1157 1756 (¹6)
1175 1729 1208 1752 De
1230 1728 1335 1749 5¹⁰”fl'2
1358 1728 1373 1752 7·
1391 1734 1410 1752 ‘-
1431 1727 1529 1757 1³³⁸·95·

321 1768 385 1795 (ιγ)
407 1769 526 1788 Senneln'er
548 1770 563 1792 Ι,
579 1771 595 1793 Ι.
616 1772 643 1793 T.
657 1772 675 1793 I.
697 1778 747 1798 pag.
765 1777 814 1797 157·

321 1809 388 1837 (18)
408 1811 460 1831 Vid.
484 1810 588 1830 Saussure
611 1812 627 1832 Ι.
645 1812 662 1834 1,
681 1818 730 1839 pag.
749 1817 796 1834 101.
835 1812 872 1835 Cs.
894 1811 1016 1832 Scnnehr'cr
1039 1812 1066 1834 Τ,
1080 1812 1098 1833 1,
1123 1816 1175 1838 pag*
1188 1811 1236 1833 ¹60.

322 1849 389 1877 (¹9)
413 1849 465 1872 VM·
490 1850 592 1878 erbel,
615 1854 641 1874 Τ.
656 1853 674 1875 1.
696 1859 746 1881 pag.
763 1853 798 1881 ³²9.
1084 1854 1148 1880 (20)
1176 1853 1281 1873 Saussun
1303 1852 1320 1876 Ι,
1333 1857 1352 1874 e.
1372 1851 1461 1880 pag.98
1476 1858 1510 1879 sq.

320 1889 387 1918 (αι)
409 1891 531 1918 Saunure,
556 1899 605 1920 pag.
621 1899 666 1916 101.
706 1895 744 1916 Cf.
770 1894 906 1922 Scmreln'er,
929 1895 958 1918 Τ,
975 1896 994 1919 ι,
1012 1901 1063 1924 μς.
1084 1895 1132 1917 160.

323 1931 389 1960 (οι)
410 1933 545 1959 sennem'er,
567 1933 597 1955 Τ.
612 1934 631 1955 1.
653 1941 702 1961 pag.
721 1941 770 1963 ¹59·
1068 1935 1139 1964 (η)
1162 1934 1267 1961 Mithri,
1287 1935 1316 1956 T.
1334 1934 1351 1956 1.
1377 1938 1428 1961 pag.
1444 1934 1482 1960 89.

320 1972 389 2001 (⁴¹⁴)
409 1973 550 2001 Malpr'ghiut
565 1974 581 1997 Ι.
599 1981 616 1999 c.
632 1981 680 2003 pag.
693 1981 726 2002 ⁵³-
