<?xml version="1.0" encoding="UTF-8"?>
<!DOCTYPE html PUBLIC "-//W3C//DTD XHTML 1.0 Transitional//EN"
    "http://www.w3.org/TR/xhtml1/DTD/xhtml1-transitional.dtd">
<html xmlns="http://www.w3.org/1999/xhtml" xml:lang="en" lang="en">
 <head>
  <title>
</title>
<meta http-equiv="Content-Type" content="text/html;charset=utf-8" />
  <meta name='ocr-system' content='tesseract 3.04.00' />
  <meta name='ocr-capabilities' content='ocr_page ocr_carea ocr_par ocr_line ocrx_word'/>
</head>
<body>
  <div class='ocr_page' id='page_1' title='image "annalesacademiae19rijk_0524.png"; bbox 0 0 1913 2417; ppageno 0'>
   <div class='ocr_carea' id='block_1_1' title="bbox 263 109 1413 146">
    <p class='ocr_par' dir='ltr' id='par_1_1' title="bbox 263 109 1413 146">
     <span class='ocr_line' id='line_1_1' title="bbox 263 109 1413 146; baseline 0.007 -9"><span class='ocrx_word' id='word_1_1' title='bbox 263 114 299 146; x_wconf 70' lang='lat'>30</span> <span class='ocrx_word' id='word_1_2' title='bbox 617 109 1413 145; x_wconf 74' lang='lat' dir='ltr'>G.c.13.st1R1NGAu</span> 
     </span>
    </p>
   </div>
   <div class='ocr_carea' id='block_1_2' title="bbox 240 190 1783 1519">
    <p class='ocr_par' dir='ltr' id='par_1_2' title="bbox 248 190 1783 899">
     <span class='ocr_line' id='line_1_2' title="bbox 306 190 1782 237; baseline 0.007 -19"><span class='ocrx_word' id='word_1_3' title='bbox 306 190 418 219; x_wconf 79' lang='lat' dir='ltr'>Praeter</span> <span class='ocrx_word' id='word_1_4' title='bbox 436 191 522 220; x_wconf 73' lang='lat' dir='ltr'>morlo</span> <span class='ocrx_word' id='word_1_5' title='bbox 541 192 618 222; x_wconf 84' lang='lat' dir='ltr'>dicta</span> <span class='ocrx_word' id='word_1_6' title='bbox 638 202 706 223; x_wconf 77' lang='lat' dir='ltr'>vasa</span> <span class='ocrx_word' id='word_1_7' title='bbox 722 202 863 230; x_wconf 79' lang='lat' dir='ltr'>succosa,</span> <span class='ocrx_word' id='word_1_8' title='bbox 894 195 924 223; x_wconf 90' lang='lat' dir='ltr'>in</span> <span class='ocrx_word' id='word_1_9' title='bbox 947 194 1084 226; x_wconf 87' lang='lat' dir='ltr'>foliorum</span> <span class='ocrx_word' id='word_1_10' title='bbox 1102 197 1156 226; x_wconf 82' lang='lat' dir='ltr'>tela</span> <span class='ocrx_word' id='word_1_11' title='bbox 1179 197 1316 226; x_wconf 87' lang='lat' dir='ltr'>cellulosa</span> <span class='ocrx_word' id='word_1_12' title='bbox 1338 197 1493 235; x_wconf 78' lang='lat' dir='ltr'>singularis</span> <span class='ocrx_word' id='word_1_13' title='bbox 1514 197 1638 227; x_wconf 79' lang='lat' dir='ltr'>fabricae</span> <span class='ocrx_word' id='word_1_14' title='bbox 1663 199 1782 237; x_wconf 81' lang='lat' dir='ltr'>conspi-</span> 
     </span>
     <span class='ocr_line' id='line_1_3' title="bbox 266 241 1781 286; baseline 0.006 -15"><span class='ocrx_word' id='word_1_15' title='bbox 266 241 387 271; x_wconf 75' lang='lat' dir='ltr'>ciuntur</span> <span class='ocrx_word' id='word_1_16' title='bbox 406 250 493 279; x_wconf 80' lang='lat' dir='ltr'>vasa,</span> <span class='ocrx_word' id='word_1_17' title='bbox 523 245 638 273; x_wconf 87' lang='lat' dir='ltr'>nomine</span> <span class='ocrx_word' id='word_1_18' title='bbox 663 245 838 274; x_wconf 83' lang='lat' dir='ltr'>trachearum</span> <span class='ocrx_word' id='word_1_19' title='bbox 861 255 877 275; x_wconf 80' lang='lat' dir='ltr'>a</span> <span class='ocrx_word' id='word_1_20' title='bbox 902 247 1087 286; x_wconf 71' lang='lat' dir='ltr'>Malpighio,</span> <span class='ocrx_word' id='word_1_21' title='bbox 1112 256 1247 278; x_wconf 82' lang='lat' dir='ltr'>vasorum</span> <span class='ocrx_word' id='word_1_22' title='bbox 1281 249 1423 278; x_wconf 63' lang='lat' dir='ltr'>aereorum</span> <span class='ocrx_word' id='word_1_23' title='bbox 1447 259 1462 278; x_wconf 87' lang='lat' dir='ltr'>a</span> <span class='ocrx_word' id='word_1_24' title='bbox 1486 250 1618 286; x_wconf 66' lang='lat' dir='ltr'>Cremo,</span> <span class='ocrx_word' id='word_1_25' title='bbox 1647 259 1781 280; x_wconf 83' lang='lat' dir='ltr'>vasorum</span> 
     </span>
     <span class='ocr_line' id='line_1_4' title="bbox 272 293 1781 337; baseline 0.006 -17"><span class='ocrx_word' id='word_1_26' title='bbox 272 293 423 328; x_wconf 83' lang='lat' dir='ltr'>spiralium</span> <span class='ocrx_word' id='word_1_27' title='bbox 447 303 462 323; x_wconf 85' lang='lat' dir='ltr'>a</span> <span class='ocrx_word' id='word_1_28' title='bbox 487 295 694 324; x_wconf 79' lang='lat' dir='ltr'>recentioribus</span> <span class='ocrx_word' id='word_1_29' title='bbox 718 296 866 334; x_wconf 76' lang='lat' dir='ltr'>insignita·</span> <span class='ocrx_word' id='word_1_30' title='bbox 911 298 988 328; x_wconf 83' lang='lat' dir='ltr'>Haec</span> <span class='ocrx_word' id='word_1_31' title='bbox 1020 309 1088 329; x_wconf 83' lang='lat' dir='ltr'>vasa</span> <span class='ocrx_word' id='word_1_32' title='bbox 1122 307 1255 329; x_wconf 76' lang='lat' dir='ltr'>constare</span> <span class='ocrx_word' id='word_1_33' title='bbox 1282 300 1416 329; x_wconf 85' lang='lat' dir='ltr'>videntur</span> <span class='ocrx_word' id='word_1_34' title='bbox 1442 309 1456 329; x_wconf 89' lang='lat' dir='ltr'>e</span> <span class='ocrx_word' id='word_1_35' title='bbox 1478 300 1548 329; x_wconf 85' lang='lat' dir='ltr'>fibra</span> <span class='ocrx_word' id='word_1_36' title='bbox 1579 301 1678 336; x_wconf 81' lang='lat' dir='ltr'>tenui,</span> <span class='ocrx_word' id='word_1_37' title='bbox 1709 309 1781 337; x_wconf 82' lang='lat' dir='ltr'>quae</span> 
     </span>
     <span class='ocr_line' id='line_1_5' title="bbox 270 344 1781 388; baseline 0.007 -17"><span class='ocrx_word' id='word_1_38' title='bbox 270 344 403 380; x_wconf 80' lang='lat' dir='ltr'>spiralem</span> <span class='ocrx_word' id='word_1_39' title='bbox 431 345 459 374; x_wconf 88' lang='lat' dir='ltr'>in</span> <span class='ocrx_word' id='word_1_40' title='bbox 484 346 602 375; x_wconf 80' lang='lat' dir='ltr'>formam</span> <span class='ocrx_word' id='word_1_41' title='bbox 631 347 840 377; x_wconf 87' lang='lat' dir='ltr'>circumvoluta</span> <span class='ocrx_word' id='word_1_42' title='bbox 863 356 927 385; x_wconf 90' lang='lat' dir='ltr'>est,</span> <span class='ocrx_word' id='word_1_43' title='bbox 948 358 975 378; x_wconf 83' lang='lat' dir='ltr'>et</span> <span class='ocrx_word' id='word_1_44' title='bbox 999 351 1041 380; x_wconf 85' lang='lat' dir='ltr'>sic</span> <span class='ocrx_word' id='word_1_45' title='bbox 1065 360 1167 380; x_wconf 86' lang='lat' dir='ltr'>cavum</span> <span class='ocrx_word' id='word_1_46' title='bbox 1191 352 1270 381; x_wconf 90' lang='lat' dir='ltr'>intus</span> <span class='ocrx_word' id='word_1_47' title='bbox 1292 351 1416 381; x_wconf 85' lang='lat' dir='ltr'>format:</span> <span class='ocrx_word' id='word_1_48' title='bbox 1444 361 1651 388; x_wconf 87' lang='lat' dir='ltr'>nonnunquam</span> <span class='ocrx_word' id='word_1_49' title='bbox 1676 361 1691 381; x_wconf 89' lang='lat' dir='ltr'>e</span> <span class='ocrx_word' id='word_1_50' title='bbox 1715 353 1781 388; x_wconf 86' lang='lat' dir='ltr'>plu-</span> 
     </span>
     <span class='ocr_line' id='line_1_6' title="bbox 265 394 1783 440; baseline 0.006 -17"><span class='ocrx_word' id='word_1_51' title='bbox 265 394 348 424; x_wconf 85' lang='lat' dir='ltr'>ribus</span> <span class='ocrx_word' id='word_1_52' title='bbox 370 396 468 432; x_wconf 75' lang='lat' dir='ltr'>fibris,</span> <span class='ocrx_word' id='word_1_53' title='bbox 491 397 578 426; x_wconf 88' lang='lat' dir='ltr'>simul</span> <span class='ocrx_word' id='word_1_54' title='bbox 597 399 729 434; x_wconf 76' lang='lat' dir='ltr'>spir-alem</span> <span class='ocrx_word' id='word_1_55' title='bbox 756 400 1024 438; x_wconf 77' lang='lat' dir='ltr'><strong>constituentibus,</strong></span> <span class='ocrx_word' id='word_1_56' title='bbox 1051 409 1195 434; x_wconf 83' lang='lat' dir='ltr'>constant.</span> <span class='ocrx_word' id='word_1_57' title='bbox 1236 403 1337 439; x_wconf 81' lang='lat' dir='ltr'>Folia,</span> <span class='ocrx_word' id='word_1_58' title='bbox 1365 411 1452 439; x_wconf 84' lang='lat' dir='ltr'>aeque</span> <span class='ocrx_word' id='word_1_59' title='bbox 1473 412 1504 432; x_wconf 84' lang='lat' dir='ltr'>ac</span> <span class='ocrx_word' id='word_1_60' title='bbox 1527 404 1650 439; x_wconf 89' lang='lat' dir='ltr'>reliquae</span> <span class='ocrx_word' id='word_1_61' title='bbox 1673 404 1783 440; x_wconf 87' lang='lat' dir='ltr'>planta-</span> 
     </span>
     <span class='ocr_line' id='line_1_7' title="bbox 264 448 1782 491; baseline 0.006 -18"><span class='ocrx_word' id='word_1_62' title='bbox 264 454 328 474; x_wconf 68' lang='lat' dir='ltr'>rum</span> <span class='ocrx_word' id='word_1_63' title='bbox 347 454 440 482; x_wconf 76' lang='lat' dir='ltr'>partes</span> <span class='ocrx_word' id='word_1_64' title='bbox 451 468 461 483; x_wconf 84' lang='lat'>,</span> <span class='ocrx_word' id='word_1_65' title='bbox 484 448 528 476; x_wconf 86' lang='lat' dir='ltr'>his</span> <span class='ocrx_word' id='word_1_66' title='bbox 543 448 620 477; x_wconf 80' lang='lat' dir='ltr'>vasis</span> <span class='ocrx_word' id='word_1_67' title='bbox 639 450 780 480; x_wconf 83' lang='lat' dir='ltr'>instructa</span> <span class='ocrx_word' id='word_1_68' title='bbox 797 460 877 487; x_wconf 77' lang='lat' dir='ltr'>esse,</span> <span class='ocrx_word' id='word_1_69' title='bbox 900 461 958 481; x_wconf 90' lang='lat' dir='ltr'>non</span> <span class='ocrx_word' id='word_1_70' title='bbox 973 459 1083 481; x_wconf 85' lang='lat' dir='ltr'>tantum</span> <span class='ocrx_word' id='word_1_71' title='bbox 1100 454 1134 482; x_wconf 86' lang='lat' dir='ltr'>ab</span> <span class='ocrx_word' id='word_1_72' title='bbox 1149 455 1316 483; x_wconf 81' lang='lat' dir='ltr'>auctoribus</span> <span class='ocrx_word' id='word_1_73' title='bbox 1332 455 1414 491; x_wconf 88' lang='lat'><strong>(64)</strong></span> <span class='ocrx_word' id='word_1_74' title='bbox 1430 461 1598 483; x_wconf 82' lang='lat' dir='ltr'>annotatum</span> <span class='ocrx_word' id='word_1_75' title='bbox 1617 454 1782 490; x_wconf 76' lang='lat' dir='ltr'>invenitur,</span> 
     </span>
     <span class='ocr_line' id='line_1_8' title="bbox 265 498 1775 541; baseline 0.006 -16"><span class='ocrx_word' id='word_1_76' title='bbox 265 498 317 526; x_wconf 76' lang='lat' dir='ltr'>sed</span> <span class='ocrx_word' id='word_1_77' title='bbox 340 498 421 526; x_wconf 87' lang='lat' dir='ltr'>etiam</span> <span class='ocrx_word' id='word_1_78' title='bbox 444 501 577 535; x_wconf 77' lang='lat' dir='ltr'>autopsia</span> <span class='ocrx_word' id='word_1_79' title='bbox 600 507 732 530; x_wconf 75' lang='lat' dir='ltr'>constat:</span> <span class='ocrx_word' id='word_1_80' title='bbox 764 511 832 532; x_wconf 81' lang='lat' dir='ltr'>vasa</span> <span class='ocrx_word' id='word_1_81' title='bbox 853 503 927 532; x_wconf 87' lang='lat' dir='ltr'>enim</span> <span class='ocrx_word' id='word_1_82' title='bbox 953 504 1069 540; x_wconf 80' lang='lat' dir='ltr'>spiralia</span> <span class='ocrx_word' id='word_1_83' title='bbox 1092 505 1120 533; x_wconf 91' lang='lat' dir='ltr'>iu</span> <span class='ocrx_word' id='word_1_84' title='bbox 1145 508 1291 534; x_wconf 84' lang='lat' dir='ltr'>maceratis</span> <span class='ocrx_word' id='word_1_85' title='bbox 1316 506 1395 534; x_wconf 91' lang='lat' dir='ltr'>soliis</span> <span class='ocrx_word' id='word_1_86' title='bbox 1424 506 1508 534; x_wconf 77' lang='lat' dir='ltr'>facile</span> <span class='ocrx_word' id='word_1_87' title='bbox 1534 506 1775 541; x_wconf 83' lang='lat' dir='ltr'>conspiciuntur;</span> 
     </span>
     <span class='ocr_line' id='line_1_9' title="bbox 263 548 1778 593; baseline 0.006 -17"><span class='ocrx_word' id='word_1_88' title='bbox 263 548 307 577; x_wconf 78' lang='lat' dir='ltr'>sic</span> <span class='ocrx_word' id='word_1_89' title='bbox 331 549 377 579; x_wconf 89' lang='lat' dir='ltr'>Cl.</span> <span class='ocrx_word' id='word_1_90' title='bbox 404 549 457 580; x_wconf 77' lang='lat' dir='ltr'>Du</span> <span class='ocrx_word' id='word_1_91' title='bbox 480 551 633 580; x_wconf 69' lang='lat' dir='ltr'>Jlamclms</span> <span class='ocrx_word' id='word_1_92' title='bbox 653 552 742 590; x_wconf 78' lang='lat'><strong>(⁶5)</strong></span> <span class='ocrx_word' id='word_1_93' title='bbox 767 554 795 583; x_wconf 92' lang='lat' dir='ltr'>in</span> <span class='ocrx_word' id='word_1_94' title='bbox 827 553 908 583; x_wconf 84' lang='lat' dir='ltr'>foliis</span> <span class='ocrx_word' id='word_1_95' title='bbox 933 555 1080 591; x_wconf 86' lang='lat' dir='ltr'>Aquifolii</span> <span class='ocrx_word' id='word_1_96' title='bbox 1116 556 1302 592; x_wconf 79' lang='lat' dir='ltr'>observavit,</span> <span class='ocrx_word' id='word_1_97' title='bbox 1334 558 1413 593; x_wconf 89' lang='lat' dir='ltr'>quod</span> <span class='ocrx_word' id='word_1_98' title='bbox 1435 557 1542 593; x_wconf 73' lang='lat' dir='ltr'>fibrae,</span> <span class='ocrx_word' id='word_1_99' title='bbox 1574 556 1602 585; x_wconf 91' lang='lat' dir='ltr'>in</span> <span class='ocrx_word' id='word_1_100' title='bbox 1626 565 1698 592; x_wconf 84' lang='lat' dir='ltr'>quas</span> <span class='ocrx_word' id='word_1_101' title='bbox 1723 557 1778 585; x_wconf 86' lang='lat' dir='ltr'>tale</span> 
     </span>
     <span class='ocr_line' id='line_1_10' title="bbox 260 599 1779 642; baseline 0.005 -14"><span class='ocrx_word' id='word_1_102' title='bbox 260 599 366 628; x_wconf 86' lang='lat' dir='ltr'>folium</span> <span class='ocrx_word' id='word_1_103' title='bbox 390 609 441 638; x_wconf 87' lang='lat' dir='ltr'>per</span> <span class='ocrx_word' id='word_1_104' title='bbox 463 602 629 631; x_wconf 70' lang='lat' dir='ltr'>diuturnam</span> <span class='ocrx_word' id='word_1_105' title='bbox 660 605 875 635; x_wconf 80' lang='lat' dir='ltr'>macerationem</span> <span class='ocrx_word' id='word_1_106' title='bbox 899 606 984 634; x_wconf 82' lang='lat' dir='ltr'>facile</span> <span class='ocrx_word' id='word_1_107' title='bbox 1006 606 1163 642; x_wconf 76' lang='lat' dir='ltr'>dividitur,</span> <span class='ocrx_word' id='word_1_108' title='bbox 1192 608 1221 636; x_wconf 87' lang='lat' dir='ltr'>in</span> <span class='ocrx_word' id='word_1_109' title='bbox 1255 609 1345 636; x_wconf 87' lang='lat' dir='ltr'>multa</span> <span class='ocrx_word' id='word_1_110' title='bbox 1378 608 1519 636; x_wconf 80' lang='lat' dir='ltr'>filamenta</span> <span class='ocrx_word' id='word_1_111' title='bbox 1549 608 1715 636; x_wconf 83' lang='lat' dir='ltr'>tenuissima</span> <span class='ocrx_word' id='word_1_112' title='bbox 1737 607 1779 635; x_wconf 87' lang='lat' dir='ltr'>di-</span> 
     </span>
     <span class='ocr_line' id='line_1_11' title="bbox 258 651 1776 695; baseline 0.007 -16"><span class='ocrx_word' id='word_1_113' title='bbox 258 651 320 680; x_wconf 77' lang='lat' dir='ltr'>vidi</span> <span class='ocrx_word' id='word_1_114' title='bbox 345 654 477 688; x_wconf 77' lang='lat' dir='ltr'><strong>possint,</strong></span> <span class='ocrx_word' id='word_1_115' title='bbox 499 653 572 682; x_wconf 90' lang='lat' dir='ltr'>inter</span> <span class='ocrx_word' id='word_1_116' title='bbox 595 663 668 690; x_wconf 77' lang='lat' dir='ltr'>quae,</span> <span class='ocrx_word' id='word_1_117' title='bbox 685 656 900 686; x_wconf 84' lang='lat' dir='ltr'>innumerabilis</span> <span class='ocrx_word' id='word_1_118' title='bbox 920 657 1078 687; x_wconf 86' lang='lat' dir='ltr'>multitudo</span> <span class='ocrx_word' id='word_1_119' title='bbox 1097 667 1231 688; x_wconf 86' lang='lat' dir='ltr'>vasorum</span> <span class='ocrx_word' id='word_1_120' title='bbox 1248 659 1394 695; x_wconf 87' lang='lat' dir='ltr'>spiralium</span> <span class='ocrx_word' id='word_1_121' title='bbox 1421 665 1573 694; x_wconf 76' lang='lat' dir='ltr'><strong>appareat:</strong></span> <span class='ocrx_word' id='word_1_122' title='bbox 1595 659 1678 687; x_wconf 64' lang='lat' dir='ltr'>facile</span> <span class='ocrx_word' id='word_1_123' title='bbox 1692 658 1776 687; x_wconf 79' lang='lat' dir='ltr'>etiam</span> 
     </span>
     <span class='ocr_line' id='line_1_12' title="bbox 257 701 1776 748; baseline 0.006 -19"><span class='ocrx_word' id='word_1_124' title='bbox 257 701 325 730; x_wconf 84' lang='lat' dir='ltr'>haec</span> <span class='ocrx_word' id='word_1_125' title='bbox 356 711 423 731; x_wconf 88' lang='lat' dir='ltr'>vasa</span> <span class='ocrx_word' id='word_1_126' title='bbox 442 724 452 738; x_wconf 73' lang='grc'><em>,</em></span> <span class='ocrx_word' id='word_1_127' title='bbox 480 704 505 732; x_wconf 84' lang='lat' dir='ltr'>si</span> <span class='ocrx_word' id='word_1_128' title='bbox 532 704 638 734; x_wconf 82' lang='lat' dir='ltr'>folium</span> <span class='ocrx_word' id='word_1_129' title='bbox 670 713 753 737; x_wconf 82' lang='lat' dir='ltr'>cauta</span> <span class='ocrx_word' id='word_1_130' title='bbox 781 717 866 737; x_wconf 86' lang='lat' dir='ltr'>manu</span> <span class='ocrx_word' id='word_1_131' title='bbox 898 709 1116 748; x_wconf 84' lang='lat' dir='ltr'>disrumpatur,</span> <span class='ocrx_word' id='word_1_132' title='bbox 1148 710 1264 739; x_wconf 86' lang='lat' dir='ltr'>devolvi</span> <span class='ocrx_word' id='word_1_133' title='bbox 1291 717 1426 746; x_wconf 87' lang='lat' dir='ltr'>possunt.</span> <span class='ocrx_word' id='word_1_134' title='bbox 1477 710 1554 738; x_wconf 82' lang='lat' dir='ltr'>Haec</span> <span class='ocrx_word' id='word_1_135' title='bbox 1587 718 1670 745; x_wconf 83' lang='lat' dir='ltr'>vasa,</span> <span class='ocrx_word' id='word_1_136' title='bbox 1703 717 1776 745; x_wconf 89' lang='lat' dir='ltr'>qnae</span> 
     </span>
     <span class='ocr_line' id='line_1_13' title="bbox 252 754 1776 798; baseline 0.005 -17"><span class='ocrx_word' id='word_1_137' title='bbox 252 754 376 783; x_wconf 79' lang='lat' dir='ltr'>maxima</span> <span class='ocrx_word' id='word_1_138' title='bbox 400 754 429 783; x_wconf 90' lang='lat' dir='ltr'>in</span> <span class='ocrx_word' id='word_1_139' title='bbox 453 755 589 785; x_wconf 88' lang='lat' dir='ltr'>foliorum</span> <span class='ocrx_word' id='word_1_140' title='bbox 616 759 755 795; x_wconf 82' lang='lat' dir='ltr'>petiolis,</span> <span class='ocrx_word' id='word_1_141' title='bbox 785 761 895 789; x_wconf 88' lang='lat' dir='ltr'>minora</span> <span class='ocrx_word' id='word_1_142' title='bbox 918 761 947 790; x_wconf 90' lang='lat' dir='ltr'>in</span> <span class='ocrx_word' id='word_1_143' title='bbox 971 760 1050 790; x_wconf 89' lang='lat' dir='ltr'>foliis</span> <span class='ocrx_word' id='word_1_144' title='bbox 1071 767 1139 790; x_wconf 86' lang='lat' dir='ltr'>sunt</span> <span class='ocrx_word' id='word_1_145' title='bbox 1162 762 1269 798; x_wconf 81' lang='lat'><strong>(66),</strong></span> <span class='ocrx_word' id='word_1_146' title='bbox 1298 769 1363 790; x_wconf 86' lang='lat' dir='ltr'>vere</span> <span class='ocrx_word' id='word_1_147' title='bbox 1385 769 1452 790; x_wconf 78' lang='lat' dir='ltr'>vasa</span> <span class='ocrx_word' id='word_1_148' title='bbox 1486 759 1625 789; x_wconf 80' lang='lat' dir='ltr'>succifera</span> <span class='ocrx_word' id='word_1_149' title='bbox 1649 769 1710 788; x_wconf 81' lang='lat' dir='ltr'>esse</span> <span class='ocrx_word' id='word_1_150' title='bbox 1732 760 1776 789; x_wconf 80' lang='lat' dir='ltr'>vi-</span> 
     </span>
     <span class='ocr_line' id='line_1_14' title="bbox 255 805 1774 848; baseline 0.005 -16"><span class='ocrx_word' id='word_1_151' title='bbox 255 805 381 840; x_wconf 81' lang='lat' dir='ltr'>dentur,</span> <span class='ocrx_word' id='word_1_152' title='bbox 410 806 428 835; x_wconf 93' lang='lat' dir='ltr'>i.</span> <span class='ocrx_word' id='word_1_153' title='bbox 444 815 470 835; x_wconf 70' lang='lat' dir='ltr'>e,</span> <span class='ocrx_word' id='word_1_154' title='bbox 496 809 581 844; x_wconf 78' lang='lat' dir='ltr'>talia,</span> <span class='ocrx_word' id='word_1_155' title='bbox 613 817 687 844; x_wconf 83' lang='lat' dir='ltr'>quae</span> <span class='ocrx_word' id='word_1_156' title='bbox 709 812 916 840; x_wconf 82' lang='lat' dir='ltr'>nutrimentum</span> <span class='ocrx_word' id='word_1_157' title='bbox 940 820 990 848; x_wconf 88' lang='lat' dir='ltr'>per</span> <span class='ocrx_word' id='word_1_158' title='bbox 1015 813 1134 841; x_wconf 86' lang='lat' dir='ltr'>radicem</span> <span class='ocrx_word' id='word_1_159' title='bbox 1162 813 1200 841; x_wconf 85' lang='lat' dir='ltr'>ad</span> <span class='ocrx_word' id='word_1_160' title='bbox 1227 812 1296 841; x_wconf 88' lang='lat' dir='ltr'>folia</span> <span class='ocrx_word' id='word_1_161' title='bbox 1327 812 1512 848; x_wconf 83' lang='lat' dir='ltr'>reliquasque</span> <span class='ocrx_word' id='word_1_162' title='bbox 1545 818 1638 848; x_wconf 86' lang='lat' dir='ltr'>partes</span> <span class='ocrx_word' id='word_1_163' title='bbox 1660 811 1774 848; x_wconf 84' lang='lat' dir='ltr'>plantae</span> 
     </span>
     <span class='ocr_line' id='line_1_15' title="bbox 248 856 1443 899; baseline 0.007 -15"><span class='ocrx_word' id='word_1_164' title='bbox 248 856 414 893; x_wconf 67' lang='lat' dir='ltr'>advehant,</span> <span class='ocrx_word' id='word_1_165' title='bbox 436 867 487 886; x_wconf 83' lang='lat' dir='ltr'>nec</span> <span class='ocrx_word' id='word_1_166' title='bbox 510 859 617 895; x_wconf 65' lang='lat' dir='ltr'>aerem,</span> <span class='ocrx_word' id='word_1_167' title='bbox 640 861 683 888; x_wconf 85' lang='lat' dir='ltr'>uti</span> <span class='ocrx_word' id='word_1_168' title='bbox 704 868 813 890; x_wconf 85' lang='lat' dir='ltr'>veteres</span> <span class='ocrx_word' id='word_1_169' title='bbox 842 864 955 898; x_wconf 88' lang='lat' dir='ltr'>quidem</span> <span class='ocrx_word' id='word_1_170' title='bbox 980 870 1138 899; x_wconf 85' lang='lat' dir='ltr'>putarunt,</span> <span class='ocrx_word' id='word_1_171' title='bbox 1163 865 1194 892; x_wconf 90' lang='lat' dir='ltr'>in</span> <span class='ocrx_word' id='word_1_172' title='bbox 1215 872 1244 892; x_wconf 76' lang='lat' dir='ltr'>se</span> <span class='ocrx_word' id='word_1_173' title='bbox 1269 863 1443 899; x_wconf 76' lang='lat' dir='ltr'>suscipiant.</span> 
     </span>
    </p>

    <p class='ocr_par' dir='ltr' id='par_1_3' title="bbox 245 907 1773 1054">
     <span class='ocr_line' id='line_1_16' title="bbox 289 907 1772 950; baseline 0.003 -15"><span class='ocrx_word' id='word_1_174' title='bbox 289 907 389 944; x_wconf 88' lang='lat' dir='ltr'>Quum</span> <span class='ocrx_word' id='word_1_175' title='bbox 417 909 507 946; x_wconf 82' lang='lat' dir='ltr'>igitur</span> <span class='ocrx_word' id='word_1_176' title='bbox 537 911 603 939; x_wconf 77' lang='lat' dir='ltr'>hacc</span> <span class='ocrx_word' id='word_1_177' title='bbox 631 912 701 947; x_wconf 81' lang='lat' dir='ltr'>tria,</span> <span class='ocrx_word' id='word_1_178' title='bbox 724 920 878 942; x_wconf 84' lang='lat' dir='ltr'>contextus</span> <span class='ocrx_word' id='word_1_179' title='bbox 899 923 1001 950; x_wconf 83' lang='lat' dir='ltr'>nempe</span> <span class='ocrx_word' id='word_1_180' title='bbox 1028 916 1205 949; x_wconf 82' lang='lat' dir='ltr'>cellulosus‚</span> <span class='ocrx_word' id='word_1_181' title='bbox 1227 924 1293 943; x_wconf 78' lang='lat' dir='ltr'>vasa</span> <span class='ocrx_word' id='word_1_182' title='bbox 1314 923 1455 948; x_wconf 69' lang='lat' dir='ltr'>succosa,</span> <span class='ocrx_word' id='word_1_183' title='bbox 1478 920 1504 943; x_wconf 89' lang='lat' dir='ltr'>et</span> <span class='ocrx_word' id='word_1_184' title='bbox 1524 913 1660 949; x_wconf 73' lang='lat' dir='ltr'>spiraha,</span> <span class='ocrx_word' id='word_1_185' title='bbox 1684 911 1772 941; x_wconf 86' lang='lat' dir='ltr'>folio·</span> 
     </span>
     <span class='ocr_line' id='line_1_17' title="bbox 246 959 1773 1002; baseline 0.004 -16"><span class='ocrx_word' id='word_1_186' title='bbox 246 961 312 986; x_wconf 73' lang='lat' dir='ltr'>¹rum</span> <span class='ocrx_word' id='word_1_187' title='bbox 337 959 397 988; x_wconf 85' lang='lat' dir='ltr'>sint</span> <span class='ocrx_word' id='word_1_188' title='bbox 421 968 525 997; x_wconf 85' lang='lat' dir='ltr'>organa</span> <span class='ocrx_word' id='word_1_189' title='bbox 547 961 695 991; x_wconf 87' lang='lat' dir='ltr'>Primitiva</span> <span class='ocrx_word' id='word_1_190' title='bbox 709 983 720 999; x_wconf 89' lang='lat'><strong>,</strong></span> <span class='ocrx_word' id='word_1_191' title='bbox 741 970 859 1000; x_wconf 81' lang='lat' dir='ltr'>apparet</span> <span class='ocrx_word' id='word_1_192' title='bbox 884 965 1022 995; x_wconf 89' lang='lat' dir='ltr'>foliorum</span> <span class='ocrx_word' id='word_1_193' title='bbox 1043 975 1104 995; x_wconf 82' lang='lat' dir='ltr'>esse</span> <span class='ocrx_word' id='word_1_194' title='bbox 1128 967 1233 1002; x_wconf 82' lang='lat' dir='ltr'>duplex</span> <span class='ocrx_word' id='word_1_195' title='bbox 1256 973 1400 1002; x_wconf 77' lang='lat' dir='ltr'>systema,</span> <span class='ocrx_word' id='word_1_196' title='bbox 1421 966 1591 994; x_wconf 75' lang='lat' dir='ltr'>cellulosurn</span> <span class='ocrx_word' id='word_1_197' title='bbox 1619 972 1647 993; x_wconf 85' lang='lat' dir='ltr'>et</span> <span class='ocrx_word' id='word_1_198' title='bbox 1668 971 1773 993; x_wconf 81' lang='lat' dir='ltr'>vaseu-</span> 
     </span>
     <span class='ocr_line' id='line_1_18' title="bbox 245 1006 792 1054; baseline 0.009 -18"><span class='ocrx_word' id='word_1_199' title='bbox 245 1008 352 1039; x_wconf 74' lang='lat' dir='ltr'>losum.</span> <span class='ocrx_word' id='word_1_200' title='bbox 527 1006 536 1008; x_wconf 16' lang='grc' dir='ltr'>μ</span> <span class='ocrx_word' id='word_1_201' title='bbox 790 1052 792 1054; x_wconf 26' lang='lat'>¹</span> 
     </span>
    </p>

    <p class='ocr_par' dir='ltr' id='par_1_4' title="bbox 283 1060 1702 1104">
     <span class='ocr_line' id='line_1_19' title="bbox 283 1060 1702 1104; baseline 0.006 -16"><span class='ocrx_word' id='word_1_202' title='bbox 283 1060 330 1089; x_wconf 87' lang='lat' dir='ltr'>Ex</span> <span class='ocrx_word' id='word_1_203' title='bbox 353 1061 409 1090; x_wconf 88' lang='lat' dir='ltr'>hoc</span> <span class='ocrx_word' id='word_1_204' title='bbox 435 1067 558 1098; x_wconf 86' lang='lat' dir='ltr'>utroque</span> <span class='ocrx_word' id='word_1_205' title='bbox 581 1069 754 1102; x_wconf 80' lang='lat' dir='ltr'>systemate,</span> <span class='ocrx_word' id='word_1_206' title='bbox 775 1074 896 1104; x_wconf 87' lang='lat' dir='ltr'>omnes,</span> <span class='ocrx_word' id='word_1_207' title='bbox 920 1076 935 1096; x_wconf 91' lang='lat' dir='ltr'>e</span> <span class='ocrx_word' id='word_1_208' title='bbox 961 1067 1069 1104; x_wconf 87' lang='lat' dir='ltr'>quibus</span> <span class='ocrx_word' id='word_1_209' title='bbox 1091 1068 1162 1097; x_wconf 82' lang='lat' dir='ltr'>folia</span> <span class='ocrx_word' id='word_1_210' title='bbox 1185 1074 1340 1104; x_wconf 78' lang='lat' dir='ltr'>constant,</span> <span class='ocrx_word' id='word_1_211' title='bbox 1361 1074 1575 1098; x_wconf 87' lang='lat' dir='ltr'>construuntur</span> <span class='ocrx_word' id='word_1_212' title='bbox 1595 1073 1702 1104; x_wconf 85' lang='lat' dir='ltr'>partes.</span> 
     </span>
    </p>

    <p class='ocr_par' dir='ltr' id='par_1_5' title="bbox 240 1111 1772 1519">
     <span class='ocr_line' id='line_1_20' title="bbox 283 1111 1768 1156; baseline 0.005 -17"><span class='ocrx_word' id='word_1_213' title='bbox 283 1111 386 1141; x_wconf 86' lang='lat' dir='ltr'>Fateor</span> <span class='ocrx_word' id='word_1_214' title='bbox 417 1114 546 1149; x_wconf 86' lang='lat' dir='ltr'>equidem</span> <span class='ocrx_word' id='word_1_215' title='bbox 581 1115 731 1145; x_wconf 84' lang='lat' dir='ltr'>intellectu</span> <span class='ocrx_word' id='word_1_216' title='bbox 762 1126 824 1147; x_wconf 86' lang='lat' dir='ltr'>esse</span> <span class='ocrx_word' id='word_1_217' title='bbox 852 1119 986 1155; x_wconf 81' lang='lat' dir='ltr'>difficile,</span> <span class='ocrx_word' id='word_1_218' title='bbox 1015 1121 1164 1156; x_wconf 87' lang='lat' dir='ltr'>quomodo</span> <span class='ocrx_word' id='word_1_219' title='bbox 1195 1129 1229 1150; x_wconf 87' lang='lat' dir='ltr'>ex</span> <span class='ocrx_word' id='word_1_220' title='bbox 1260 1121 1358 1150; x_wconf 80' lang='lat' dir='ltr'>iisdem</span> <span class='ocrx_word' id='word_1_221' title='bbox 1393 1120 1525 1156; x_wconf 83' lang='lat' dir='ltr'>partibus</span> <span class='ocrx_word' id='word_1_222' title='bbox 1550 1117 1768 1153; x_wconf 82' lang='lat' dir='ltr'>Elementariis;</span> 
     </span>
     <span class='ocr_line' id='line_1_21' title="bbox 243 1161 1772 1208; baseline 0.005 -17"><span class='ocrx_word' id='word_1_223' title='bbox 243 1161 384 1192; x_wconf 76' lang='lat' dir='ltr'>foliorum</span> <span class='ocrx_word' id='word_1_224' title='bbox 410 1165 537 1201; x_wconf 85' lang='lat' dir='ltr'>petiolus</span> <span class='ocrx_word' id='word_1_225' title='bbox 569 1173 597 1196; x_wconf 85' lang='lat' dir='ltr'>et</span> <span class='ocrx_word' id='word_1_226' title='bbox 626 1169 725 1198; x_wconf 86' lang='lat' dir='ltr'>discus</span> <span class='ocrx_word' id='word_1_227' title='bbox 743 1190 754 1206; x_wconf 85' lang='lat'><strong>,</strong></span> <span class='ocrx_word' id='word_1_228' title='bbox 785 1171 939 1207; x_wconf 85' lang='lat' dir='ltr'>epidermis</span> <span class='ocrx_word' id='word_1_229' title='bbox 974 1178 1001 1200; x_wconf 85' lang='lat' dir='ltr'>et</span> <span class='ocrx_word' id='word_1_230' title='bbox 1026 1180 1153 1208; x_wconf 81' lang='lat' dir='ltr'>cortex,</span> <span class='ocrx_word' id='word_1_231' title='bbox 1182 1172 1371 1208; x_wconf 84' lang='lat' dir='ltr'>parenchyma</span> <span class='ocrx_word' id='word_1_232' title='bbox 1388 1192 1399 1207; x_wconf 89' lang='lat'><strong>‚</strong></span> <span class='ocrx_word' id='word_1_233' title='bbox 1435 1171 1546 1208; x_wconf 87' lang='lat' dir='ltr'>lignum</span> <span class='ocrx_word' id='word_1_234' title='bbox 1576 1177 1604 1199; x_wconf 80' lang='lat' dir='ltr'>et</span> <span class='ocrx_word' id='word_1_235' title='bbox 1628 1169 1772 1204; x_wconf 85' lang='lat' dir='ltr'>medulla,</span> 
     </span>
     <span class='ocr_line' id='line_1_22' title="bbox 240 1215 1771 1260; baseline 0.004 -18"><span class='ocrx_word' id='word_1_236' title='bbox 240 1215 394 1251; x_wconf 80' lang='lat' dir='ltr'>glandulae</span> <span class='ocrx_word' id='word_1_237' title='bbox 413 1222 441 1245; x_wconf 89' lang='lat' dir='ltr'>et</span> <span class='ocrx_word' id='word_1_238' title='bbox 457 1217 533 1253; x_wconf 83' lang='lat' dir='ltr'>pili,</span> <span class='ocrx_word' id='word_1_239' title='bbox 555 1218 683 1256; x_wconf 84' lang='lat' dir='ltr'>adeoque</span> <span class='ocrx_word' id='word_1_240' title='bbox 701 1228 818 1258; x_wconf 84' lang='lat' dir='ltr'>partes,</span> <span class='ocrx_word' id='word_1_241' title='bbox 840 1223 960 1251; x_wconf 89' lang='lat' dir='ltr'>multum</span> <span class='ocrx_word' id='word_1_242' title='bbox 979 1223 1052 1252; x_wconf 83' lang='lat' dir='ltr'>inter</span> <span class='ocrx_word' id='word_1_243' title='bbox 1067 1232 1097 1252; x_wconf 88' lang='lat' dir='ltr'>se</span> <span class='ocrx_word' id='word_1_244' title='bbox 1118 1224 1330 1260; x_wconf 75' lang='lat' dir='ltr'>discrepantes,</span> <span class='ocrx_word' id='word_1_245' title='bbox 1353 1222 1472 1252; x_wconf 83' lang='lat' dir='ltr'>formari</span> <span class='ocrx_word' id='word_1_246' title='bbox 1496 1222 1623 1259; x_wconf 87' lang='lat' dir='ltr'>possint.</span> <span class='ocrx_word' id='word_1_247' title='bbox 1665 1220 1695 1249; x_wconf 88' lang='lat' dir='ltr'>Si</span> <span class='ocrx_word' id='word_1_248' title='bbox 1720 1227 1771 1248; x_wconf 89' lang='lat' dir='ltr'>au-</span> 
     </span>
     <span class='ocr_line' id='line_1_23' title="bbox 241 1265 1771 1310; baseline 0.006 -16"><span class='ocrx_word' id='word_1_249' title='bbox 241 1271 299 1295; x_wconf 80' lang='lat' dir='ltr'>tem</span> <span class='ocrx_word' id='word_1_250' title='bbox 324 1265 560 1305; x_wconf 71' lang='lat' dir='ltr'>consideremus,</span> <span class='ocrx_word' id='word_1_251' title='bbox 590 1277 747 1308; x_wconf 88' lang='lat' dir='ltr'>utrumque</span> <span class='ocrx_word' id='word_1_252' title='bbox 770 1273 827 1302; x_wconf 91' lang='lat' dir='ltr'>hoc</span> <span class='ocrx_word' id='word_1_253' title='bbox 853 1281 978 1310; x_wconf 86' lang='lat' dir='ltr'>systema</span> <span class='ocrx_word' id='word_1_254' title='bbox 1001 1275 1030 1303; x_wconf 91' lang='lat' dir='ltr'>in</span> <span class='ocrx_word' id='word_1_255' title='bbox 1055 1278 1161 1304; x_wconf 86' lang='lat' dir='ltr'>multas</span> <span class='ocrx_word' id='word_1_256' title='bbox 1186 1277 1301 1304; x_wconf 42' lang='lat' dir='ltr'>iterum*</span> <span class='ocrx_word' id='word_1_257' title='bbox 1313 1275 1390 1303; x_wconf 87' lang='lat' dir='ltr'>abire</span> <span class='ocrx_word' id='word_1_258' title='bbox 1412 1275 1523 1310; x_wconf 86' lang='lat' dir='ltr'>species</span> <span class='ocrx_word' id='word_1_259' title='bbox 1548 1273 1656 1310; x_wconf 63' lang='grc' dir='ltr'>(ὅς),</span> <span class='ocrx_word' id='word_1_260' title='bbox 1684 1270 1771 1300; x_wconf 76' lang='lat' dir='ltr'>facile</span> 
     </span>
     <span class='ocr_line' id='line_1_24' title="bbox 241 1315 1767 1361; baseline 0.003 -16"><span class='ocrx_word' id='word_1_261' title='bbox 241 1315 452 1355; x_wconf 86' lang='lat' dir='ltr'>intelligimus,</span> <span class='ocrx_word' id='word_1_262' title='bbox 472 1320 573 1350; x_wconf 87' lang='lat' dir='ltr'>harum</span> <span class='ocrx_word' id='word_1_263' title='bbox 596 1322 708 1352; x_wconf 84' lang='lat' dir='ltr'>basium</span> <span class='ocrx_word' id='word_1_264' title='bbox 731 1332 832 1360; x_wconf 82' lang='lat' dir='ltr'>genera</span> <span class='ocrx_word' id='word_1_265' title='bbox 856 1325 947 1354; x_wconf 86' lang='lat' dir='ltr'>varias</span> <span class='ocrx_word' id='word_1_266' title='bbox 971 1334 1067 1354; x_wconf 88' lang='lat' dir='ltr'>secum</span> <span class='ocrx_word' id='word_1_267' title='bbox 1091 1327 1213 1356; x_wconf 89' lang='lat' dir='ltr'>invicem</span> <span class='ocrx_word' id='word_1_268' title='bbox 1236 1327 1307 1355; x_wconf 86' lang='lat' dir='ltr'>inire</span> <span class='ocrx_word' id='word_1_269' title='bbox 1326 1325 1471 1361; x_wconf 84' lang='lat' dir='ltr'>copulas,</span> <span class='ocrx_word' id='word_1_270' title='bbox 1493 1322 1649 1359; x_wconf 78' lang='lat' dir='ltr'>multiplici</span> <span class='ocrx_word' id='word_1_271' title='bbox 1678 1322 1767 1350; x_wconf 86' lang='lat' dir='ltr'>modo</span> 
     </span>
     <span class='ocr_line' id='line_1_25' title="bbox 241 1372 1768 1414; baseline 0.003 -18"><span class='ocrx_word' id='word_1_272' title='bbox 241 1374 374 1399; x_wconf 87' lang='lat' dir='ltr'>mutuum</span> <span class='ocrx_word' id='word_1_273' title='bbox 397 1372 599 1402; x_wconf 89' lang='lat' dir='ltr'>commercium</span> <span class='ocrx_word' id='word_1_274' title='bbox 619 1375 707 1411; x_wconf 86' lang='lat' dir='ltr'>alere,</span> <span class='ocrx_word' id='word_1_275' title='bbox 728 1375 795 1404; x_wconf 89' lang='lat' dir='ltr'>hinc</span> <span class='ocrx_word' id='word_1_276' title='bbox 817 1375 958 1405; x_wconf 87' lang='lat' dir='ltr'>efformari</span> <span class='ocrx_word' id='word_1_277' title='bbox 975 1386 1078 1414; x_wconf 85' lang='lat' dir='ltr'>organa</span> <span class='ocrx_word' id='word_1_278' title='bbox 1103 1379 1198 1414; x_wconf 75' lang='lat' dir='ltr'>varia,</span> <span class='ocrx_word' id='word_1_279' title='bbox 1226 1379 1295 1407; x_wconf 82' lang='lat' dir='ltr'>haec</span> <span class='ocrx_word' id='word_1_280' title='bbox 1325 1377 1427 1406; x_wconf 88' lang='lat' dir='ltr'>iterum</span> <span class='ocrx_word' id='word_1_281' title='bbox 1460 1374 1615 1411; x_wconf 87' lang='lat' dir='ltr'>multiplici</span> <span class='ocrx_word' id='word_1_282' title='bbox 1638 1380 1665 1402; x_wconf 87' lang='lat' dir='ltr'>et</span> <span class='ocrx_word' id='word_1_283' title='bbox 1687 1373 1768 1402; x_wconf 79' lang='lat' dir='ltr'>varia.</span> 
     </span>
     <span class='ocr_line' id='line_1_26' title="bbox 245 1418 1767 1466; baseline 0.005 -20"><span class='ocrx_word' id='word_1_284' title='bbox 245 1418 359 1447; x_wconf 80' lang='lat' dir='ltr'>ratione</span> <span class='ocrx_word' id='word_1_285' title='bbox 380 1423 540 1460; x_wconf 81' lang='lat' dir='ltr'>conjungi,</span> <span class='ocrx_word' id='word_1_286' title='bbox 571 1431 657 1461; x_wconf 84' lang='lat' dir='ltr'>atque</span> <span class='ocrx_word' id='word_1_287' title='bbox 681 1426 721 1454; x_wconf 89' lang='lat' dir='ltr'>ita</span> <span class='ocrx_word' id='word_1_288' title='bbox 743 1427 823 1462; x_wconf 86' lang='lat' dir='ltr'>fieri,</span> <span class='ocrx_word' id='word_1_289' title='bbox 853 1434 886 1456; x_wconf 89' lang='lat' dir='ltr'>ut</span> <span class='ocrx_word' id='word_1_290' title='bbox 904 1436 938 1456; x_wconf 84' lang='lat' dir='ltr'>ex</span> <span class='ocrx_word' id='word_1_291' title='bbox 968 1428 1069 1458; x_wconf 89' lang='lat' dir='ltr'>iisdem</span> <span class='ocrx_word' id='word_1_292' title='bbox 1103 1429 1234 1466; x_wconf 88' lang='lat' dir='ltr'>partibus</span> <span class='ocrx_word' id='word_1_293' title='bbox 1263 1428 1440 1462; x_wconf 71' lang='lat' dir='ltr'>Primstivis,</span> <span class='ocrx_word' id='word_1_294' title='bbox 1467 1426 1547 1456; x_wconf 83' lang='lat' dir='ltr'>vario</span> <span class='ocrx_word' id='word_1_295' title='bbox 1573 1424 1661 1454; x_wconf 85' lang='lat' dir='ltr'>modo</span> <span class='ocrx_word' id='word_1_296' title='bbox 1685 1431 1767 1454; x_wconf 74' lang='lat' dir='ltr'>com-</span> 
     </span>
     <span class='ocr_line' id='line_1_27' title="bbox 240 1469 1532 1519; baseline 0.008 -22"><span class='ocrx_word' id='word_1_297' title='bbox 240 1469 357 1506; x_wconf 77' lang='lat' dir='ltr'>mistiS‚</span> <span class='ocrx_word' id='word_1_298' title='bbox 379 1470 506 1502; x_wconf 79' lang='lat' dir='ltr'>diversae</span> <span class='ocrx_word' id='word_1_299' title='bbox 532 1482 693 1506; x_wconf 86' lang='lat' dir='ltr'>structurae</span> <span class='ocrx_word' id='word_1_300' title='bbox 713 1483 741 1506; x_wconf 93' lang='lat' dir='ltr'>et</span> <span class='ocrx_word' id='word_1_301' title='bbox 765 1477 873 1508; x_wconf 85' lang='lat' dir='ltr'>formae</span> <span class='ocrx_word' id='word_1_302' title='bbox 893 1485 990 1516; x_wconf 88' lang='lat' dir='ltr'>partes</span> <span class='ocrx_word' id='word_1_303' title='bbox 1016 1480 1155 1510; x_wconf 88' lang='lat' dir='ltr'>foliorum</span> <span class='ocrx_word' id='word_1_304' title='bbox 1180 1480 1405 1519; x_wconf 85' lang='lat' dir='ltr'>proficiscantur</span> <span class='ocrx_word' id='word_1_305' title='bbox 1431 1479 1491 1516; x_wconf 89' lang='lat'>(68</span> <span class='ocrx_word' id='word_1_306' title='bbox 1504 1481 1532 1515; x_wconf 86' lang='lat'>).</span> 
     </span>
    </p>
   </div>
   <div class='ocr_carea' id='block_1_3' title="bbox 240 1579 1770 1783">
    <p class='ocr_par' dir='ltr' id='par_1_6' title="bbox 240 1579 1770 1654">
     <span class='ocr_line' id='line_1_28' title="bbox 269 1579 1770 1619; baseline 0.011 -17"><span class='ocrx_word' id='word_1_307' title='bbox 269 1579 339 1609; x_wconf 75' lang='grc'><strong>(64)</strong></span> <span class='ocrx_word' id='word_1_308' title='bbox 360 1581 413 1604; x_wconf 86' lang='lat' dir='ltr'>Vid.</span> <span class='ocrx_word' id='word_1_309' title='bbox 434 1581 550 1608; x_wconf 72' lang='lat' dir='ltr'>observat.</span> <span class='ocrx_word' id='word_1_310' title='bbox 568 1589 591 1606; x_wconf 77' lang='lat' dir='ltr'>et</span> <span class='ocrx_word' id='word_1_311' title='bbox 609 1585 770 1614; x_wconf 74' lang='lat' dir='ltr'>Experimema</span> <span class='ocrx_word' id='word_1_312' title='bbox 792 1594 848 1611; x_wconf 78' lang='lat' dir='ltr'>nova</span> <span class='ocrx_word' id='word_1_313' title='bbox 869 1590 896 1612; x_wconf 73' lang='lat' dir='ltr'>de</span> <span class='ocrx_word' id='word_1_314' title='bbox 915 1591 1020 1615; x_wconf 78' lang='lat' dir='ltr'>Anatom.</span> <span class='ocrx_word' id='word_1_315' title='bbox 1035 1591 1122 1619; x_wconf 70' lang='lat' dir='ltr'>fallor.</span> <span class='ocrx_word' id='word_1_316' title='bbox 1147 1596 1191 1616; x_wconf 74' lang='lat' dir='ltr'>otc.</span> <span class='ocrx_word' id='word_1_317' title='bbox 1213 1598 1306 1617; x_wconf 74' lang='lat' dir='ltr'>auctore</span> <span class='ocrx_word' id='word_1_318' title='bbox 1325 1590 1356 1616; x_wconf 76' lang='lat' dir='ltr'>L·</span> <span class='ocrx_word' id='word_1_319' title='bbox 1377 1590 1402 1612; x_wconf 88' lang='lat' dir='ltr'>P·</span> <span class='ocrx_word' id='word_1_320' title='bbox 1425 1588 1563 1616; x_wconf 55' lang='lat' dir='ltr'>Thum&#39;m&#39;est</span> <span class='ocrx_word' id='word_1_321' title='bbox 1585 1588 1610 1609; x_wconf 68' lang='lat'>¹7¹</span> <span class='ocrx_word' id='word_1_322' title='bbox 1627 1585 1770 1612; x_wconf 50' lang='lat'>“⁰33⁵&#39;‘</span> 
     </span>
     <span class='ocr_line' id='line_1_29' title="bbox 240 1626 537 1654; baseline 0.02 -12"><span class='ocrx_word' id='word_1_323' title='bbox 240 1626 302 1643; x_wconf 75' lang='lat' dir='ltr'>mo</span> <span class='ocrx_word' id='word_1_324' title='bbox 316 1627 377 1650; x_wconf 75' lang='lat'><em>¹722·</em></span> <span class='ocrx_word' id='word_1_325' title='bbox 396 1630 446 1651; x_wconf 79' lang='lat' dir='ltr'>pag.</span> <span class='ocrx_word' id='word_1_326' title='bbox 458 1631 486 1651; x_wconf 76' lang='lat'>¹4</span> <span class='ocrx_word' id='word_1_327' title='bbox 502 1631 537 1654; x_wconf 78' lang='lat' dir='ltr'>sq.</span> 
     </span>
    </p>

    <p class='ocr_par' dir='ltr' id='par_1_7' title="bbox 269 1663 1341 1704">
     <span class='ocr_line' id='line_1_30' title="bbox 269 1663 1341 1704; baseline 0.008 -15"><span class='ocrx_word' id='word_1_328' title='bbox 269 1663 334 1690; x_wconf 76' lang='lat'><strong>(⁶⁵)</strong></span> <span class='ocrx_word' id='word_1_329' title='bbox 356 1665 411 1686; x_wconf 75' lang='lat' dir='ltr'><strong>Par:—</strong></span> <span class='ocrx_word' id='word_1_330' title='bbox 427 1666 444 1689; x_wconf 78' lang='lat' dir='ltr'>I.</span> <span class='ocrx_word' id='word_1_331' title='bbox 463 1670 513 1693; x_wconf 67' lang='lat' dir='ltr'>pag.</span> <span class='ocrx_word' id='word_1_332' title='bbox 525 1673 574 1693; x_wconf 76' lang='lat'>125.</span> <span class='ocrx_word' id='word_1_333' title='bbox 889 1673 959 1702; x_wconf 80' lang='lat'>(66)</span> <span class='ocrx_word' id='word_1_334' title='bbox 979 1674 1034 1698; x_wconf 82' lang='lat' dir='ltr'>Vld.</span> <span class='ocrx_word' id='word_1_335' title='bbox 1056 1675 1136 1696; x_wconf 55' lang='lat' dir='ltr'>Kleitor</span> <span class='ocrx_word' id='word_1_336' title='bbox 1153 1675 1169 1699; x_wconf 79' lang='grc' dir='ltr'>Ι.</span> <span class='ocrx_word' id='word_1_337' title='bbox 1188 1681 1207 1699; x_wconf 83' lang='lat' dir='ltr'>c.</span> <span class='ocrx_word' id='word_1_338' title='bbox 1228 1681 1279 1704; x_wconf 72' lang='lat' dir='ltr'>pag.</span> <span class='ocrx_word' id='word_1_339' title='bbox 1293 1680 1341 1702; x_wconf 77' lang='lat'><strong>¹¹⁴·</strong></span> 
     </span>
    </p>

    <p class='ocr_par' dir='ltr' id='par_1_8' title="bbox 270 1701 1588 1745">
     <span class='ocr_line' id='line_1_31' title="bbox 270 1701 1588 1745; baseline 0.013 -20"><span class='ocrx_word' id='word_1_340' title='bbox 270 1701 335 1730; x_wconf 77' lang='lat'>(67)</span> <span class='ocrx_word' id='word_1_341' title='bbox 357 1705 424 1729; x_wconf 83' lang='lat' dir='ltr'>Vidd.</span> <span class='ocrx_word' id='word_1_342' title='bbox 442 1707 561 1730; x_wconf 74' lang='lat' dir='ltr'>Wildenow</span> <span class='ocrx_word' id='word_1_343' title='bbox 582 1710 598 1733; x_wconf 87' lang='grc' dir='ltr'>Ι.</span> <span class='ocrx_word' id='word_1_344' title='bbox 618 1710 634 1733; x_wconf 86' lang='grc' dir='ltr'>Ι.</span> <span class='ocrx_word' id='word_1_345' title='bbox 651 1718 701 1740; x_wconf 75' lang='lat' dir='ltr'>pag.</span> <span class='ocrx_word' id='word_1_346' title='bbox 714 1713 756 1740; x_wconf 79' lang='lat'>306</span> <span class='ocrx_word' id='word_1_347' title='bbox 768 1719 833 1742; x_wconf 79' lang='lat' dir='ltr'>seqq.</span> <span class='ocrx_word' id='word_1_348' title='bbox 863 1721 884 1737; x_wconf 85' lang='grc' dir='ltr'>ν.</span> <span class='ocrx_word' id='word_1_349' title='bbox 898 1715 920 1739; x_wconf 80' lang='lat' dir='ltr'>d.</span> <span class='ocrx_word' id='word_1_350' title='bbox 933 1716 992 1736; x_wconf 76' lang='lat' dir='ltr'>Boon</span> <span class='ocrx_word' id='word_1_351' title='bbox 1006 1717 1097 1745; x_wconf 69' lang='lat' dir='ltr'>luculi,</span> <span class='ocrx_word' id='word_1_352' title='bbox 1119 1717 1219 1741; x_wconf 75' lang='lat' dir='ltr'>Dis-tert.</span> <span class='ocrx_word' id='word_1_353' title='bbox 1234 1718 1317 1741; x_wconf 64' lang='lat' dir='ltr'>Boron.</span> <span class='ocrx_word' id='word_1_354' title='bbox 1333 1715 1353 1741; x_wconf 72' lang='grc' dir='ltr'>Ι.</span> <span class='ocrx_word' id='word_1_355' title='bbox 1367 1720 1388 1742; x_wconf 69' lang='lat' dir='ltr'>C·</span> <span class='ocrx_word' id='word_1_356' title='bbox 1409 1720 1461 1745; x_wconf 68' lang='lat'>9⁸8·</span> <span class='ocrx_word' id='word_1_357' title='bbox 1475 1718 1501 1742; x_wconf 71' lang='lat'>¹⁴</span> <span class='ocrx_word' id='word_1_358' title='bbox 1512 1720 1541 1733; x_wconf 73' lang='lat'>¹·</span> <span class='ocrx_word' id='word_1_359' title='bbox 1552 1713 1588 1737; x_wconf 65' lang='lat'>¹⁸⁴</span> 
     </span>
    </p>

    <p class='ocr_par' dir='ltr' id='par_1_9' title="bbox 269 1742 1192 1783">
     <span class='ocr_line' id='line_1_32' title="bbox 269 1742 1192 1783; baseline 0.009 -12"><span class='ocrx_word' id='word_1_360' title='bbox 269 1742 338 1772; x_wconf 77' lang='lat'><strong>(⁶8)</strong></span> <span class='ocrx_word' id='word_1_361' title='bbox 357 1746 453 1776; x_wconf 61' lang='lat' dir='ltr'>Egregie</span> <span class='ocrx_word' id='word_1_362' title='bbox 471 1750 515 1774; x_wconf 85' lang='lat' dir='ltr'>hoe</span> <span class='ocrx_word' id='word_1_363' title='bbox 531 1751 561 1774; x_wconf 87' lang='lat' dir='ltr'>de</span> <span class='ocrx_word' id='word_1_364' title='bbox 576 1757 707 1780; x_wconf 74' lang='lat' dir='ltr'>atgumento</span> <span class='ocrx_word' id='word_1_365' title='bbox 722 1755 830 1780; x_wconf 74' lang='lat' dir='ltr'>disseruit</span> <span class='ocrx_word' id='word_1_366' title='bbox 851 1762 895 1778; x_wconf 65' lang='lat' dir='ltr'>van</span> <span class='ocrx_word' id='word_1_367' title='bbox 909 1756 950 1778; x_wconf 73' lang='lat' dir='ltr'>dar</span> <span class='ocrx_word' id='word_1_368' title='bbox 962 1758 1023 1780; x_wconf 76' lang='lat' dir='ltr'>Boon</span> <span class='ocrx_word' id='word_1_369' title='bbox 1041 1759 1118 1781; x_wconf 77' lang='lat' dir='ltr'>Mesch</span> <span class='ocrx_word' id='word_1_370' title='bbox 1137 1759 1155 1783; x_wconf 83' lang='grc'>1,</span> <span class='ocrx_word' id='word_1_371' title='bbox 1172 1765 1192 1782; x_wconf 76' lang='lat' dir='ltr'>e.</span> 
     </span>
    </p>
   </div>
   <div class='ocr_carea' id='block_1_4' title="bbox 1613 2005 1764 2043">
    <p class='ocr_par' dir='ltr' id='par_1_10' title="bbox 1613 2005 1764 2043">
     <span class='ocr_line' id='line_1_33' title="bbox 1613 2005 1764 2043; baseline 0.007 -1"><span class='ocrx_word' id='word_1_372' title='bbox 1613 2005 1764 2043; x_wconf 83' lang='lat' dir='ltr'>SECTIO</span> 
     </span>
    </p>
   </div>
  </div>
 </body>
</html>
