1913 2417
293 161 676 196 COMMENTATIO
703 168 753 192 DE
779 157 1097 192 A'FFINITATE
1127 157 1372 193 CHEMICA.
1551 162 1595 200 ἃς

76 246 294 286 proportionem
319 246 391 276 inter
413 247 553 283 principia
574 245 688 274 illorum
715 245 918 274 elementorum
951 251 1023 281 quae
1052 243 1162 272 diversa
1183 244 1347 281 composita
1373 245 1582 281 constituunt,

73 300 113 329 ita
133 308 214 335 esse,
235 306 267 327 ut
288 300 360 327 ratio
383 300 457 328 inter
484 307 514 327 ea
537 298 576 326 sit
600 297 839 333 quemadmodum
863 302 934 326 sunt
967 295 1077 325 numeri
1098 297 1259 326 naturales:
1293 297 1373 332 quod
1399 296 1489 332 igitur
1512 305 1579 326 cuin

76 351 187 380 theoria
215 351 337 380 Daleom·
360 350 470 387 egregie
493 349 640 379 convenit.
682 349 757 376 Sunt
780 354 873 377 autem
895 348 1053 377 nonnullae
1072 347 1321 383 combinationes,
1345 355 1416 383 quae
1443 348 1514 376 hanc
1539 357 1583 378 m-

78 402 184 432 tionem
210 411 269 431 non
294 408 476 437 sequuntur,
507 401 549 429 uti
575 401 666 437 oxyda
692 399 757 428 ferri
780 401 909 435 aliaque:
939 407 1026 436 atque
1046 400 1146 428 exinde
1168 406 1211 428 est
1232 400 1312 436 quod
1336 399 1506 434 Baalim,
1533 397 1584 434 qui

74 461 145 491 post
168 454 330 483 Daltonum
354 453 575 489 proportionum
600 451 800 481 Chemicarum
828 451 966 479 theoriam
999 451 1176 487 proposuit,
1203 451 1285 480 aliam
1311 451 1405 480 adhuc
1429 451 1517 487 legem
1537 451 1585 480 hic

76 505 174 534 adesse
189 505 351 533 crediderit.
391 503 545 532 Videamus
568 503 657 540 igitur
678 511 755 532 nunc
777 503 812 532 de
835 502 944 531 theoria
966 502 1116 538 Berzelii·‚
1137 502 1222 531 hodie
1243 502 1324 531 valde
1348 503 1499 532 celebrata.

113 556 270 591 Postquam
293 563 342 590 ea,
363 563 435 591 quae
452 555 581 584 Daltono
603 555 664 583 visa
687 554 805 583 fuerunt
827 563 861 584 ex
875 554 1141 584 combinationibus
1164 553 1302 582 chemicis
1324 554 1461 583 concludi
1476 554 1595 590 posse‚'

73 604 189 646 'publice
211 605 327 643 cognita
346 613 445 641 erant,
467 607 585 641 plurimi
609 606 638 635 in
665 607 737 635 hanc
759 614 816 634 rem
842 605 1075 641 inquisiverunt:
1107 611 1135 634 et
1157 614 1245 641 quum
1271 605 1495 641 observassent3
1524 613 1584 634 sae-

73 659 193 697 pissime
213 657 416 687 elementorum
439 657 668 692 combinationes
697 658 733 685 iis
757 656 893 693 explicari
919 665 1025 693 posse,
1053 652 1068 686 a
1091 656 1226 694 plurimis
1248 656 1327 685 fuere
1347 663 1485 686 assumta.
1530 658 1582 686 At-

73 716 168 739 tamen
192 708 412 738 considerantes
430 709 591 738 nonnullos
617 717 682 738 esse
705 707 892 744 oxydationis
924 709 1028 744 gradus
1058 709 1089 737 in
1114 708 1222 744 quibus
1248 708 1383 745 oxygenii
1411 708 1584 745 quantitates

74 762 109 790 ss
134 769 165 789 se
185 760 306 788 invicem
336 747 431 788 essent
450 769 486 786 Ξ
506 769 522 788 2
545 768 554 789 t
578 769 593 797 3
619 762 654 790 de
678 759 830 788 universali
852 760 914 796 ejus
940 759 1066 787 theoriae
1089 759 1283 795 applicatione
1306 760 1485 790 dubitarunt.
1529 761 1586 789 Ra-

78 813 121 843 tio
148 812 264 847 quidem
300 811 391 847 hujus
415 811 614 847 phaemomeni
640 820 671 840 ea
697 811 761 839 data
783 816 859 845 est‚.
877 816 910 838 ut
939 815 1025 838 verus
1057 811 1240 847 oxydationis
1273 811 1377 848 gradus
1406 819 1460 839 nos
1486 810 1599 840 forsan*

74 863 182 898 lateat,
206 862 446 899 quemadmodum
474 869 556 892 antea
577 863 633 899 jam
661 861 901 895 memoravimus,
928 858 985 890 sedv
1002 861 1060 891 hoc
1082 862 1152 890 aliis·
1176 870 1235 891 non
1269 862 1308 891 ita
1334 862 1430 892 visum
1461 869 1524 898 est,
1551 864 1587 893 al

76 921 152 950 quos
177 913 309 950 inprimis
334 913 461 949 pertinet*
480 913 653 948 Berraum,
675 913 726 948 qui
753 913 818 941 hinc
842 912 974 948 perhibet
1004 913 1075 942 duas
1099 913 1176 950 leges
1199 922 1250 942 seu
1275 913 1388 951 regulas
1417 913 1584 951 observari,

73 965 254 1003 juxtavquas
271 964 401 993 duorum¹
420 964 624 993 elementorum
652 963 883 999 compositiones
912 964 1032 993 fierent:
1058 972 1177 1000 quarum
1207 966 1299 1002 prima
1323 972 1369 994 est
1402 973 1432 994 ea
1458 966 1593 996 Daltom'

73 1016 186 1047 seilicet
209 1023 299 1043 mmm
321 1019 448 1043 atomum
475 1015 561 1044 unius
585 1015 724 1043 elementi*
739 1024 766 1043 sc
788 1014 965 1052 conjungere
989 1025 1059 1045 cum
1082 1025 1116 1052 12,
1138 1021 1176 1053 2,
1199 1022 1287 1052 gete.
1314 1018 1418 1046 atomis
1442 1019 1589 1047 alterius?

74 1068 250 1096 alterarvero
274 1065 349 1094 duas
368 1071 486 1094 atomos
504 1068 590 1094 unius
610 1074 675 1094 cum
698 1066 794 1096 tribus
821 1065 948 1095 alterius
977 1068 1114 1096 clementi
1143 1070 1256 1097 atomis*
1270 1069 1408 1106 componi.
1458 1069 1580 1099 Primam
1597 1069 1605 1083 ³

71 1118 144 1148 hanc
169 1118 261 1154 legem
280 1117 376 1145 multo
400 1117 490 1153 magis
512 1115 697 1146 universalem
720 1125 783 1146 esse
809 1125 893 1154 quarn
915 1114 1028 1154 altera3-
1049 1127 1082 1148 ex
1107 1120 1350 1156 contemplatione
1371 1120 1585 1156 phaenomeno-
1603 1129 1605 1132 ·

72 1175 135 1198 rum
158 1167 352 1196 chemicorum
380 1167 464 1196 facile
483 1168 685 1197 concluditur..
724 1168 764 1196 At
788 1170 953 1205 neutiquam
979 1171 1047 1199 inde
1071 1178 1256 1207 sequeretur,
1287 1172 1371 1200 etlam
1396 1173 1425 1201 in
1456 1173 1491 1201 iis
1514 1172 1602 1203 casi-'

73 1219 129 1248 bus
148 1218 199 1247 ubi
222 1227 281 1247 non
303 1218 455 1248 observata
477 1218 516 1247 sit
539 1227 598 1247 eam
618 1227 736 1255 quoque
755 1221 856 1249 valere.
899 1220 946 1248 Sic
966 1222 1082 1257 quando
1106 1222 1266 1251 assumitur
1291 1223 1371 1258 quod
1393 1223 1421 1252 in
1446 1213 1586 1262 protoxy·

73 1270 112 1299 do
136 1269 207 1298 ferri
229 1270 272 1297 uti
298 1275 326 1297 et
348 1270 518 1305 sulphuris,
540 1277 596 1298 una
621 1276 735 1299 atomus
750 1271 825 1298 ierri
846 1279 910 1299 cum
936 1279 995 1300 una
1020 1274 1154 1309 oxygenii
1175 1281 1276 1309 coeat,
1306 1274 1490 1311 deutoxydon
1515 1285 1586 1306 con-

70 1319 176 1349 tinebit
195 1320 266 1347 duas
290 1325 403 1347 atomos
422 1318 491 1347 ferri
513 1325 540 1347 ct
561 1327 623 1348 tres
643 1320 788 1358 exygenii.
829 1321 908 1360 Quid
933 1329 1000 1350 vero
1026 1323 1078 1351 hac
1099 1324 1134 1351 de
1160 1333 1190 1352 re
1213 1325 1274 1360 sit,
1308 1332 1386 1354 certo
1418 1328 1506 1356 statui
1537 1337 1584 1357 ne-

75 1371 156 1407 quit:
186 1370 254 1399 dum
276 1369 366 1405 igitur
387 1370 481 1398 adhuc
498 1370 553 1398 sub
574 1371 672 1408 Jutiice
688 1372 726 1400 sit
749 1373 786 1400 lis
807 1373 881 1401 nihil
903 1373 997 1402 damni
1022 1375 1087 1402 inde
1110 1376 1218 1404 orietur
1239 1377 1391 1405 secundam
1414 1378 1494 1406 etiam
1514 1379 1584 1408 Ber·

69 1420 140 1453 zela·
162 1422 251 1457 legem
276 1420 444 1455 admittere,
474 1428 568 1456 usque
595 1422 663 1450 dum
696 1423 892 1452 chemin-orum
923 1424 1073 1454 observata
1105 1427 1178 1455 hanc
1210 1427 1288 1455 litem
1315 1435 1488 1463 componere
1514 1439 1583 1465 pos-

70 1473 141 1502 sins.
181 1471 294 1500 Praeter
318 1471 388 1499 duas
414 1471 464 1499 has
488 1473 582 1508 leges,
612 1480 685 1508 quae
710 1481 819 1502 tantum
848 1475 944 1503 valent
976 1475 1025 1503 ubi
1051 1477 1109 1505 duo
1135 1478 1271 1507 elementa
1291 1479 1510 1515 conjunguntur
1531 1483 1584 1511 alia

65 1522 235 1553 arsserzclio
261 1522 364 1550 tradita
396 1521 454 1550 fuit
478 1522 506 1551 in
531 1524 635 1552 atomis
667 1526 841 1561 compositis
867 1526 1066 1563 observantia,
1097 1537 1183 1563 quam
1211 1530 1268 1566 jam
1302 1530 1416 1566 saepius
1445 1531 1583 1562 indicavi-

65 1582 149 1609 mus,
171 1573 307 1602 nimirum
330 1575 464 1610 oxygenii
488 1577 685 1612 quantitatem
710 1578 743 1605 in
765 1576 857 1605 acidis
878 1586 936 1606 csse
959 1578 1126 1617 multiplum
1151 1579 1212 1613 ejus
1236 1582 1270 1609 in
1291 1580 1390 1617 oxydis
1414 1589 1442 1611 et
1465 1585 1579 1622 quidem

62 1625 227 1663 multiplum
257 1631 368 1662 semper
387 1632 445 1663 per
473 1633 629 1655 numerum
657 1629 806 1665 integrum
835 1629 920 1666 cuius
950 1629 1036 1658 etIam
1068 1630 1140 1667 legis
1167 1633 1327 1662 nonnullae
1349 1632 1453 1663 dantur
1475 1631 1578 1674 excep-

64 1678 168 1706 tiones.

100 1727 148 1756 Ex
173 1726 251 1754 hisce
271 1726 369 1762 itaque
391 1733 467 1763 patet
495 1728 566 1765 (7)
588 1728 791 1764 proportiones
823 1730 932 1766 quibus
970 1733 1058 1761 atomi
1087 1741 1243 1770 corporum
1278 1734 1424 1772 simplices
1454 1740 1577 1777 conjun-

66 1785 174 1816 guntur
203 1777 233 1806 in
265 1784 365 1806 natura
396 1779 562 1815 inorgan÷ca
590 1780 649 1816 (de
676 1780 809 1816 organica
842 1782 915 1810 enim
948 1783 982 1811 ab
1012 1783 1064 1812 hac
1100 1791 1178 1821 parte
1204 1785 1262 1814 fere
1294 1786 1365 1816 nihil
1397 1790 1579 1830 novimus),

66 1829 149 1858 valde
172 1836 235 1857 esse
259 1828 476 1859 determinatas:
506 1838 565 1858 eam
594 1839 677 1866 quam
711 1839 777 1867 prae
799 1833 902 1860 ceteris
934 1834 1121 1865 observamus
1158 1845 1240 1871 esse,
1270 1839 1348 1873 quod
1382 1847 1437 1869 una
1467 1850 1580 1873 atomus

62 1879 148 1909 unius
168 1886 235 1908 cum
256 1886 314 1907 una
336 1887 387 1909 aut
413 1880 549 1916 pluribus
580 1884 683 1912 atomis
715 1882 833 1912 alterius
865 1892 1072 1924 componatur,
1104 1887 1141 1917 ita
1171 1895 1202 1918 ut
1234 1889 1265 1918 in
1298 1889 1431 1926 plurimis
1460 1895 1575 1923 casibus
1608 1907 1612 1911 >

1500 1954 1587 1976 Lnum

94 1996 149 2033 Q)
167 1997 219 2021 vid.
236 1996 355 2019 Berzeum
375 1998 391 2020 1.
410 1998 427 2020 Ι.
446 2005 471 2025 μ
491 2004 530 2025 4ο.
