1913 2417
270 183 314 215 ‘28
725 180 752 213 J.
819 179 851 212 P.
919 177 959 212 E.
1026 178 1292 213 voxUTE

278 285 374 318 quam
399 284 438 306 ex
470 274 530 314 iis,
562 283 643 316 qnae
668 272 777 317 paullo
799 272 971 304 occultiora
1007 280 1100 313 sunt,
1129 281 1184 306 aut
1207 275 1350 307 numeris
1375 273 1598 318 exprimenda,
1624 275 1748 321 aliquid

278 332 355 364 certi
381 332 572 362 inventuros
597 342 656 362 nos
682 329 899 373 profiteamur.

323 389 394 431 Ipsa
419 387 599 418 observatio
626 393 773 424 naturae,
802 387 856 417 cui
879 392 926 416 tot
953 385 1082 417 ordines
1108 386 1302 428 hominum,
1335 389 1391 431 qui
1418 388 1452 419 in
1478 389 1664 420 mercaturis
1692 395 1748 422 aut

279 445 374 476 armis
404 453 516 475 omnes
538 442 658 473 telluris
686 442 833 484 regiones
860 449 1044 485 peragrant,
1073 443 1194 486 aliquid
1223 446 1273 475 sui
1300 445 1449 488 temporis
1476 451 1507 475 et
1538 456 1655 487 operae
1677 457 1750 477 con·

278 500 404 539 ferunt,
425 499 547 530 fructus
571 497 668 539 hujus
696 500 946 540 opportunitatis
976 510 1179 542 nequaquam
1209 507 1439 544 consequetur,
1470 501 1533 531 nisi
1564 502 1597 532 in
1619 503 1749 534 institu-

277 559 365 588 tione
398 555 572 598 physicae,
602 565 683 597 quae
709 553 830 597 ubique
860 555 924 596 jam
955 556 1116 597 pervenit,
1150 567 1214 587 una
1243 567 1318 587 cum
1352 557 1490 587 inventis
1519 556 1590 587 inae
1621 555 1749 598 regulae

278 611 467 644 observandi
494 611 662 654 diligenter
696 610 882 650 tradantur,
914 621 996 652 quae
1019 619 1113 642 notae
1139 611 1264 650 verbis,
1288 623 1322 643 re
1348 612 1478 655 quidem
1506 623 1579 643 vera
1603 623 1621 642 a
1642 611 1752 642 multis

276 674 538 699 contemnuntur.
583 668 656 699 Non
686 677 753 708 quo
786 666 885 697 libera
916 667 1115 698 consuetudo
1148 667 1339 699 observandi
1372 680 1428 712 per
1456 679 1489 700 se
1513 669 1554 699 sit
1579 667 1751 710 reprehen-

276 724 399 760 denda,
424 724 480 756 sed
505 724 581 767 quia
604 734 679 754 non
696 723 771 754 satis
790 724 830 754 sit
854 722 894 754 ad
918 722 1015 755 ullam
1038 735 1106 756 rem
1130 724 1381 768 perficiendam,
1403 723 1513 756 afferre
1539 723 1580 756 ad
1602 734 1677 755 eam.
1695 733 1758 765 vaoff

275 780 430 812 luntatem
455 779 653 824 perficiendii

320 837 458 880 Regulas
481 844 586 870 autem
615 848 784 881 possumus
809 838 871 871 hoc
896 846 1042 883 tempore
1064 840 1219 883 exemplis
1236 839 1359 873 facilius
1386 850 1483 883 quam
1504 838 1678 883 praeceptis
1695 837 1751 869 dea

277 893 383 926 finire.
428 895 472 924 Ea
499 894 586 925 enim
615 894 660 925 illi
692 895 912 937 protulerunt,
935 908 1018 940 quos
1050 896 1190 928 vidimus
1220 898 1254 928 in
1282 898 1424 928 minimis
1456 895 1559 927 rebus
1575 895 1753 926 diutissime

277 950 411 988 versari,
433 960 548 992 easque
568 949 731 993 explorare
755 963 812 995 per
834 953 967 996 longum
994 961 1120 996 tempus
1144 955 1376 996 experimentis·
1399 951 1599 984 difficillimis
1634 958 1665 982 et
1693 951 1762 984 mi-.

276 1007 382 1045 nutis;
399 1007 439 1037 -in
460 1005 588 1037 calculis
612 1013 643 1038 et
670 1008 848 1040 rationibus
874 1011 1076 1052 geometricis
1093 1032 1104 1047 ,
1135 1020 1217 1052 quae
1244 1011 1365 1041 omniav
1381 1009 1531 1041 videntur
1562 1018 1579 1038 a
1609 1013 1755 1038 contem-

277 1062 419 1105 platione
440 1069 571 1092 naturae
594 1064 819 1101 remotissima,
852 1064 931 1094 adeo
961 1069 1093 1093 aetatem
1122 1073 1311 1093 consumere
1327 1086 1335 1100 ,
1371 1069 1407 1093 ut
1432 1073 1544 1094 eorum
1572 1062 1661 1092 labor
1687 1071 1755 1093 non

276 1117 382 1150 solum
408 1115 495 1160 apud
518 1117 675 1160 populum
701 1117 842 1149 ludibrio
874 1118 1003 1150 habitus
1028 1119 1087 1156 sit,
1110 1118 1166 1149 sed
1192 1118 1366 1161 aliquando
1392 1119 1562 1149 incurrerit
1588 1117 1624 1148 in
1650 1118 1753 1160 ipsam

277 1173 557 1217 reprehensionem
582 1174 751 1206 doctorum
777 1175 919 1206 virorum
951 1176 986 1206 in
1013 1175 1083 1207 aliis
1110 1174 1224 1206 studiis
1252 1176 1458 1207 versantium.
1503 1173 1676 1216 Quidquid
1697 1184 1754 1205 au-

280 1237 344 1262 tem
372 1232 406 1261 in
429 1230 613 1273 cognitione
640 1238 771 1262 naturae
797 1238 938 1269 certum,
965 1230 1124 1274 quidquid
1150 1231 1341 1274 pulchrum,
1365 1231 1524 1274 quidquid
1545 1230 1594 1261 vel
1616 1229 1754 1272 dignum

281 1293 445 1330 repertum
472 1286 512 1318 sit
544 1287 594 1318 his
629 1288 827 1331 temporibus
858 1287 947 1331 quod
975 1298 992 1318 a
1020 1287 1134 1330 poetis
1154 1287 1386 1326 celebraretur,
1419 1287 1451 1318 id
1476 1297 1572 1317 omne
1602 1297 1641 1316 ex
1669 1288 1752 1327 ejus·

280 1343 369 1374 modi
391 1343 550 1386 angustis,
573 1344 726 1382 minutis,
749 1344 909 1387 aridisque
935 1343 1036 1374 initiis
1060 1349 1168 1375 ortum
1197 1350 1253 1378 est.
1305 1346 1430 1374 Durum
1457 1349 1520 1380 est,
1543 1341 1661 1379 fateor,
1687 1348 1756 1373 stu-

280 1397 372 1429 dium
405 1399 615 1442 comprimere
649 1407 743 1443 atqne
771 1401 810 1431 ab
844 1400 971 1431 infinita
998 1406 1130 1431 naturae
1155 1401 1304 1432 varietate
1326 1402 1360 1431 in
1392 1406 1493 1430 tantas
1522 1402 1683 1441 angustias
1705 1409 1754 1430 re-

278 1465 402 1487 vocare.
447 1455 507 1486 Sed
529 1466 588 1498 ego
617 1456 696 1486 mihi
718 1457 840 1487 nnllam
865 1457 1102 1487 excusationem
1126 1456 1349 1488 adhibendam.
1374 1467 1441 1487 esse
1467 1455 1613 1485 arbitror.
1669 1455 1749 1485 Satis

279 1518 344 1549 est,
368 1518 405 1543 ut
425 1511 505 1542 mihi
532 1512 674 1550 videtur,
697 1513 880 1544 talem-esse
906 1512 1124 1544 conditionem
1152 1513 1267 1544 barum
1299 1512 1539 1547 doctrinarum,
1565 1517 1601 1540 ut
1630 1510 1656 1540 si
1679 1510 1753 1552 quis

280 1567 366 1599 illam
394 1575 561 1611 gravetur,
583 1579 619 1600 ac
642 1568 823 1600 liberiorem
847 1579 977 1600 cursum
1008 1575 1115 1601 tenere
1149 1569 1258 1608 malit,
1290 1569 1318 1601 is
1344 1570 1383 1601 ad
1418 1568 1478 1598 hoc
1517 1575 1647 1598 naturae
1681 1572 1752 1605 stuf

283 1623 375 1655 dium
406 1624 552 1656 accedere
578 1637 644 1656 non
667 1625 787 1658 debeat.

325 1680 378 1712 Sic
401 1686 505 1711 autem
530 1681 611 1712 redit
634 1683 737 1712 oratio
763 1682 803 1713 ad
830 1681 863 1713 id
890 1682 980 1726 quod
1011 1684 1104 1716 initio
1131 1684 1219 1724 dixi,
1245 1696 1305 1717 uos
1336 1685 1499 1717 veritatem
1526 1691 1633 1713 rerum
1655 1685 1748 1710 natu·

284 1735 398 1767 ralium
428 1748 494 1768 non
519 1737 671 1769 arbitratu
694 1745 803 1770 nostro
827 1741 997 1782 consequi5
1030 1741 1085 1771 sed
1121 1752 1139 1771 a
1173 1741 1266 1773 nobis
1297 1741 1416 1785 requiri
1448 1746 1483 1770 ut
1507 1737 1586 1781 quid
1615 1737 1752 1768 necessi·

285 1798 331 1822 tns
359 1792 496 1834 postulet
518 1795 756 1833 inveniremus,
790 1795 957 1826 inventum
990 1807 1118 1828 summo
1144 1797 1252 1830 officio
1279 1798 1494 1829 observemus.
1539 1795 1639 1836 Cujus
1664 1790 1751 1823 diffi-

284 1847 359 1878 ciles
386 1850 522 1880 rationes
545 1851 571 1881 si
594 1862 660 1882 non
690 1852 712 1881 ii
738 1850 948 1894 refugerunt,
980 1853 1037 1895 qui
1063 1864 1115 1885 eas
1146 1855 1225 1886 olim
1252 1855 1390 1886 insuetas
1415 1853 1556 1895 primum
1587 1850 1754 1889 inierunt,

285 1905 340 1944 qui
362 1903 482 1935 nullam
505 1907 698 1944 molestiam,
721 1908 868 1939 nondum
893 1907 999 1939 fructu
1026 1912 1212 1953 proposito,
1246 1915 1472 1942 recusaverunt
1499 1904 1678 1938 dnmmodo
1700 1902 1748 1934 of-

286 1957 394 1990 ficium
418 1961 558 1994 veritatis
581 1970 740 1995 servarent
749 1975 759 2003 3
789 1974 885 2007 quam
910 1964 979 1997 illas
1004 1967 1096 2009 sequi
1121 1977 1175 1999 eos
1199 1973 1340 2010 oportet,
1371 1965 1445 2008 qui,
1477 1962 1586 1995 multis
1609 1961 1740 2004 prolatis

1651 2026 1756 2047 ethll⁸
