1913 2417
621 180 1079 216 <>0RAT1OE
1584 192 1625 219 1³

148 281 208 313 Dei
231 286 326 324 atque
351 279 458 311 omnis
483 277 553 322 ejus
578 277 612 308 in
629 275 726 308 coelis
752 277 911 320 terrisque
938 276 1058 308 familia
1087 275 1187 308 Patris
1219 277 1339 309 aeterni
1365 278 1501 309 aeternis
1526 277 1623 310 bene·

147 337 229 369 ficiis
252 344 284 369 et
314 337 447 380 perenni
469 333 701 367 consuetudine
716 333 939 377 perfruuntur.
986 336 1028 365 Ea
1054 335 1146 366 notio
1167 344 1266 365 mirae
1289 334 1427 374 indolis,
1451 341 1483 366 et
1510 334 1620 367 ineffa-

150 394 209 426 bili
236 396 359 425 ratione
380 380 501 424 animo'
517 397 689 435 concepta;
719 402 816 434 quam
839 392 867 422 si
891 392 964 434 quis
988 391 1029 422 ab
1063 392 1146 423 vitae
1167 392 1232 434 jam
1259 397 1344 422 actae
1369 391 1504 423 obscura
1527 392 1624 424 remi·

150 452 305 483 niseentia
336 460 509 492 rerumque
538 449 602 491 jam
631 449 772 479 visarum
800 447 939 491 quadam
967 449 1058 491 quasi
1094 449 1313 491 recognitione
1342 456 1484 491 repetere
1512 449 1625 481 volue-

149 510 210 544 rit,
235 518 302 539 non
331 507 510 549 nimiopere
534 504 741 549 repugnabo,
769 521 814 530 —
844 515 880 536 ea
896 506 994 547 igitur
1012 506 1103 536 notio
1127 506 1162 536 in
1181 506 1339 542 homine,
1362 505 1556 549 simulatque
1583 504 1624 537 ad

145 565 264 596 virium
292 564 407 595 mentis
430 574 524 595 usum
555 564 724 606 pervenit,
754 563 872 594 sensim
899 563 1082 606 sensimque
1110 574 1220 593 rerum
1253 569 1531 604 circumjectarum
1556 573 1626 605 per-

152 622 299 663 ceptione
331 627 361 651 et
387 620 658 663 contemplatione
682 619 874 663 explicatur,
897 620 1089 662 eademque,
1111 630 1186 650 cum
1219 619 1371 650 omnibus
1401 619 1533 662 reliquis
1564 619 1628 651 hu-

145 677 200 720 jus
236 676 324 707 orbis
355 677 573 708 animantibus
602 688 619 708 a
646 684 787 709 creatore
815 683 927 719 negata
951 683 1006 714 sit,
1030 676 1189 707 humanae
1216 684 1347 706 naturae
1374 675 1561 718 dignitatem
1580 682 1628 708 at-

150 745 216 776 que
237 733 456 765 excellentiam
490 735 626 765 evictam
653 733 706 764 dat
732 740 763 765 et
790 733 1050 765 demonstratam.
1103 735 1225 765 Verum
1264 739 1370 763 autem
1408 735 1513 775 ipsum
1547 731 1626 764 illud

145 800 230 826 esse,
256 790 345 833 qnod
372 793 586 822 cummaxime
610 791 720 822 animo
752 790 896 822 humano
919 789 1116 831 insculptum
1140 789 1228 828 dixi,
1251 789 1326 821 inde
1354 790 1512 827 cernitur,
1536 787 1626 832 quod

145 856 214 877 non
230 846 335 878 solum
353 847 387 877 iu
403 858 442 878 eo
462 848 669 878 consentiunt
685 847 832 879 homines
846 858 959 879 omnes
971 871 981 886 ‚
1009 846 1065 878 sed
1093 846 1172 878 adeo
1191 857 1261 877 non
1285 853 1421 889 possunt
1442 845 1626 885 dissentire,

144 903 300 946 quodque
323 904 357 934 in
379 903 684 936 demonstrationem
712 904 823 936 cadere
846 905 979 948 nequit,
1007 915 1025 935 a
1047 915 1115 947 quo
1144 905 1251 935 omnis
1276 903 1508 934 demonstratio
1534 903 1626 935 duci—

141 960 211 990 tur.
257 960 539 1000 Quemadmodum
560 962 649 993 enim
677 961 777 993 homo
797 964 833 993 in
851 961 947 993 rebus
966 961 1103 1004 singulis
1121 961 1202 993 nihil
1229 971 1376 1003 unquam
1405 959 1627 1003 imperfectum

143 1022 201 1046 aut
224 1017 375 1048 vitiosum
401 1017 544 1061 judicare
570 1024 695 1060 posset,
719 1019 782 1050 nisi
807 1028 954 1049 normam
986 1025 1018 1049 et
1047 1017 1150 1060 legem
1178 1017 1344 1059 judicandi
1369 1016 1430 1059 ipsi
1462 1016 1627 1059 praeberet

145 1072 251 1102 menti
278 1072 410 1102 insitum
433 1072 637 1115 perfectionis
656 1074 755 1105 veluti
773 1074 952 1117 exemplar,
976 1074 1019 1105 ita
1046 1073 1131 1105 idem
1159 1073 1212 1105 ille
1238 1074 1348 1104 auimo
1374 1083 1434 1104 suo
1456 1072 1629 1104 informare

146 1137 215 1158 nou
242 1134 347 1170 posset
371 1128 530 1169 judicium
555 1129 595 1160 de
624 1130 732 1174 aliqua
752 1125 807 1168 re,
832 1141 914 1173 quae
937 1130 971 1161 in
987 1141 1098 1162 rerum
1121 1131 1328 1163 universitate
1349 1128 1476 1161 deficiat
1494 1137 1549 1162 aut
1570 1130 1626 1160 de.-

149 1183 324 1223 sideretur‚
347 1186 409 1215 nisi
434 1185 572 1217 absoluti
595 1192 627 1217 et
656 1187 871 1221 consummati
897 1197 1006 1218 rerum
1034 1186 1158 1220 ordinis
1192 1186 1400 1218 simulacrum
1429 1186 1462 1217 in
1488 1185 1628 1231 pectoris

145 1248 267 1284 gereret
295 1243 443 1274 sacrario.
490 1243 666 1286 Utriusque
691 1244 738 1275 rei
761 1242 802 1274 ab
826 1243 1033 1281 hominibus,
1065 1243 1260 1286 quibuscum
1286 1243 1447 1280 vivimus,
1469 1242 1624 1274 continua

136 1297 241 1328 nobis
264 1298 456 1330 exh.l›entur
482 1300 677 1341 specimina;
705 1300 788 1344 quin
813 1299 911 1338 adeo,
935 1301 963 1331 si
986 1299 1067 1331 illud
1091 1300 1277 1337 sustuleris,
1301 1301 1423 1332 corruit
1454 1301 1561 1331 omnis
1585 1298 1624 1332 de

144 1354 242 1386 rebus
267 1355 547 1398 qualibuscunque
574 1356 788 1389 ratiocinatio.
833 1358 936 1388 Sentit
964 1356 1082 1396 homo,
1104 1358 1203 1389 alium
1229 1367 1262 1388 se
1280 1367 1365 1393 esse,
1390 1355 1489 1388 alium
1508 1367 1541 1388 se
1556 1365 1623 1386 esse

144 1409 272 1443 debere.
316 1414 419 1442 Nemo
435 1411 527 1443 facile
543 1419 609 1450 est,
631 1415 689 1456 qui
709 1414 804 1446 talem
821 1424 888 1446 sese
903 1414 980 1445 sciat
1000 1425 1085 1452 esse,
1109 1413 1237 1457 qualem
1264 1424 1298 1445 se
1320 1413 1405 1445 velit.
1452 1411 1566 1443 Nullus
1585 1412 1625 1445 de

146 1466 243 1498 rebus
269 1468 418 1499 humanis
447 1469 489 1499 ita
508 1468 649 1511 judicat,
671 1477 709 1501 ut
733 1472 844 1501 omnia
866 1470 928 1501 sibi
952 1470 1096 1514 placere,
1119 1470 1201 1504 nihil
1230 1478 1366 1510 usquam
1389 1467 1556 1510 displicere
1578 1468 1627 1500 di-

146 1529 220 1560 cat;
253 1524 351 1553 velbo
369 1549 379 1560 ‚
411 1536 524 1557 omnes
561 1538 629 1557 uno
662 1537 717 1558 ore
741 1526 961 1563 confitentur,
996 1531 1112 1556 terram
1147 1535 1217 1555 non
1250 1534 1317 1555 esse
1353 1523 1489 1556 coelum.
1545 1526 1626 1557 Hinc

149 1578 255 1609 omnis
299 1581 457 1609 accusatio
489 1579 584 1610 sortis
611 1579 791 1619 humanaeg
815 1581 889 1611 hinc
917 1582 1024 1612 omnis
1051 1581 1258 1624 reprehensio
1286 1591 1417 1618 eorum,
1439 1593 1529 1623 >quae
1561 1582 1622 1615 sub

146 1634 213 1666 sote
257 1642 334 1666 sunt
373 1642 428 1666 aut
470 1634 578 1674 fiunt3
619 1635 696 1667 hinc
737 1637 913 1679 praesentis
948 1641 1102 1680 temporis
1140 1637 1413 1678 calumniatores,
1455 1639 1531 1669 hinc
1565 1638 1627 1671 acti

145 1690 348 1730 laudatore33
388 1692 463 1723 hinc
506 1691 577 1724 illae
612 1693 758 1736 querelae
796 1700 827 1725 et
863 1696 1118 1725 concertationes
1159 1694 1198 1724 de
1244 1700 1329 1723 tanta
1373 1692 1532 1723 malorum
1572 1704 1626 1726 co-

147 1745 259 1782 lime.
281 1748 401 1790 quibus
430 1749 549 1780 mirum
581 1750 615 1779 in
642 1750 776 1781 modum
805 1757 939 1781 vexetur
961 1751 1151 1781 universum
1181 1761 1284 1792 genus
1312 1751 1515 1788 liuinanuin3
1548 1749 1625 1781 hinc

147 1802 202 1834 illa
238 1803 508 1846 philosophorum
543 1806 734 1843 conamina,
768 1807 873 1838 Deum
906 1817 924 1838 a
957 1807 1240 1838 criminationibus
1282 1810 1550 1850 reprehensorum
1592 1813 1624 1838 et

147 1859 316 1890 calumniis
358 1867 612 1903 Vituperatorum
652 1862 845 1894 defendendi
886 1873 924 1896 ac
959 1863 1169 1903 vindicandi,
1209 1865 1278 1895 sine
1315 1864 1436 1907 quilius
1476 1862 1624 1908 vindiciis

146 1915 264 1947 scilicet
290 1923 393 1947 actum
429 1923 510 1948 esset
545 1918 585 1950 (le
619 1919 682 1952 Dei
710 1922 924 1960 auctoritate3
955 1920 1032 1951 hinc
1068 1920 1121 1951 illa
1153 1921 1336 1952 communis
1365 1918 1510 1948 oninium
1547 1929 1625 1960 gen·

151 1972 232 2004 uum
253 1973 366 2016 opinio
400 1972 440 2005 de
470 1981 570 2007 aetate
611 1986 732 2015 aurea,
763 1976 796 2007 li.
814 1988 843 2007 e.
874 1976 914 2008 de
946 1978 1011 2010 vita
1046 1974 1143 2018 longe
1174 1975 1378 2018 integerrima
1411 1986 1447 2006 ac
1481 1974 1622 2017 beatissi-

1549 2040 1623 2070 ma,
