1913 2417
267 184 306 226 ἓξ
454 187 772 225 ,,ῙΑ(3οΒΙ
829 184 1137 216 HERMANI
1195 183 1565 218 PHILtPSE«

278 275 311 296 ut
333 269 367 298 ad
388 269 461 298 illud
484 271 631 306 negotium
663 269 880 304 perficiendum.
897 267 1034 297 auxilium
1063 268 1187 304 requirat
1220 268 1331 305 Judicis
1355 268 1568 305 Pacificatoris;
1597 276 1689 304 neque
1708 268 1781 299 illud

277 325 388 348 tantum
421 320 566 357 injungere
598 326 694 355 potest
722 319 814 356 jttdici
837 319 898 355 ejus
927 319 1085 354 domicilii,
1115 319 1144 348 in
1173 327 1231 355 quo
1261 325 1343 348 actus
1374 319 1563 355 perficiendus
1589 325 1649 354 est,
1680 320 1728 348 sed
1754 325 1783 348 et

280 378 483 406 quemcunque
510 371 611 406 eligere
635 370 720 405 licet,
751 377 835 405 quem
861 369 982 399 maxime
1010 370 1163 406 idoneum,
1193 377 1242 399 aut
1272 370 1371 406 majori
1401 369 1468 402 fide,
1488 370 1605 406 dignum
1641 369 1786 398 existima-

273 421 348 450 verit
368 424 424 458 (ω
436 421 463 457 ),
640 458 643 461 s
900 450 903 453 .
1089 425 1091 427 '
1557 408 1570 417 υ

320 471 383 499 Hoc
407 479 524 506 quoque
547 476 696 507 tempore,
720 477 868 507 antequam
890 472 925 501 ad
951 479 1041 501 rerum
1065 472 1213 501 mobilium
1233 473 1422 502 venditionem
1445 471 1627 507 proceditur,
1655 479 1786 500 necessa-

278 522 353 551 tium
379 521 509 556 videtur,
531 529 563 550 ut
590 522 864 557 Procura-tonsive
886 523 1032 559 Cur-ator,
1061 523 1086 552 si
1113 524 1180 559 quis
1207 521 1448 552 administrationi
1464 521 1638 557 bonorum,
1668 522 1729 551 sive
1754 530 1789 551 ex

283 573 416 601 mandato
439 572 595 608 Absentis,
624 573 686 601 sive
709 582 725 601 a
748 573 843 610 iudice
869 575 1071 610 constitutus,
1100 573 1275 610 praefuerit,
1303 574 1426 602 rationes
1453 573 1548 601 reddat
1573 582 1689 609 eorum,
1718 580 1790 609 quae

278 623 338 658 huc
361 630 454 658 usque
472 623 610 659 gesserit,
632 630 742 659 utque,
765 625 861 660 quoad
877 625 939 661 ejus
957 624 1018 653 fieri
1039 624 1154 661 possit,
1171 625 1206 652 ad
1230 624 1372 659 liquidum
1398 624 1610 659 perducantur,
1634 632 1705 659 quae
1726 631 1789 660 per·

280 673 402 702 ficienda
426 674 592 709 supersint,
623 673 736 702 fructus
763 675 980 711 percipiantur,
1010 675 1076 705 item
1101 683 1202 704 usurae
1225 676 1284 712 jam
1310 674 1439 709 debitae,
1463 681 1500 702 ut
1526 674 1567 702 sic
1591 674 1625 703 de
1648 680 1724 703 statu
1749 681 1792 703 re-

279 732 344 755 rum
365 724 517 753 mobilium
543 724 682 753 Absentis
704 725 796 762 magis
822 732 935 754 constet
956 727 1016 764 (13
1031 727 1058 763 ).

321 775 411 805 Hisce
425 782 516 805 autern
542 776 594 803 rite
617 777 758 812 peractis,
782 783 810 804 et
831 778 949 813 cognito
970 784 1047 806 statu
1073 785 1165 806 rerum
1190 776 1359 812 mobilium,
1380 775 1523 806 Tribunal
1547 776 1654 812 primae
1679 775 1791 805 instan-

283 826 342 856 tiae
364 826 493 861 videbit,
523 831 616 854 utrum
642 826 671 854 in
695 833 788 855 torum
816 833 865 855 aut
890 836 942 863 pro
964 834 1044 863 parte
1065 828 1133 856 haec
1159 828 1242 856 vendi
1264 828 1427 863 conducat,
1454 836 1490 856 an
1513 836 1580 856 vero
1610 827 1672 862 ipsa
1699 834 1792 855 rerum

282 885 406 913 corpora
427 876 647 905 administranda
668 878 787 906 concedi
812 884 961 913 oporteat:
983 877 1061 913 quod
1087 878 1112 906 si
1140 878 1214 906 illud
1236 878 1402 906 arbitratum
1419 878 1487 914 sit,
1518 878 1708 907 venditionem
1731 876 1793 905 fieri

277 927 413 965 jubebit,
440 933 502 956 art.
526 927 589 956 126.
615 926 658 956 2⁰.
703 928 837 957 Liberum
853 936 920 965 ergo
943 928 997 958 hac
1015 928 1044 957 in
1069 937 1097 957 re
1118 929 1212 957 datum
1239 935 1282 956 est
1307 927 1458 957 Tribunali
1477 929 1646 963 arbitrium
1667 928 1735 957 adeo
1760 933 1793 956 ut

281 977 391 1007 fsustra
421 986 539 1013 quoque
562 986 593 1007 se
620 985 778 1014 opponeret
804 980 911 1016 conjux
941 985 1104 1015 superstes,
1131 978 1240 1007 etiamsi
1275 979 1506 1008 communionem
1538 979 1680 1007 bonorum
1700 978 1793 1008 conti-

283 1034 418 1058 nuassetz
440 1036 504 1056 nam
518 1048 528 1062 ,
552 1028 618 1056 licet
639 1027 714 1056 forte
734 1030 763 1058 id
786 1030 916 1066 iniquius
943 1030 1094 1064 videatur,
1116 1030 1146 1057 in
1171 1028 1292 1064 primis,
1321 1030 1347 1057 si
1375 1030 1599 1064 animadvertas,
1627 1029 1793 1065 superstitis

283 1078 357 1108 socii
376 1078 442 1113 iura
467 1078 498 1107 in
520 1078 740 1109 administranda
768 1081 906 1109 societate
944 1080 987 1109 sic
1020 1080 1101 1109 valde
1123 1079 1341 1115 circumscribi,
1370 1080 1399 1108 id
1424 1086 1514 1109 tamen
1539 1079 1632 1115 ipsius
1654 1079 1794 1110 Absenti-

283 1129 436 1165 commoda
460 1128 616 1157 desiderare
644 1129 705 1158 visa
730 1136 816 1166 sunt3
847 1137 874 1160 et
898 1131 993 1161 invito
1011 1138 1220 1165 nonnunquam
1249 1130 1373 1167 conjuge
1396 1131 1569 1166 superstite,
1598 1129 1794 1159 venditionem

281 1187 377 1210 earum
402 1187 516 1214 rerum,
545 1187 616 1214 quae
644 1178 729 1210 facile
754 1188 1000 1217 corrumpuntur,
1028 1187 1077 1210 aut
1101 1188 1220 1216 quarum
1246 1181 1370 1222 pretium
1397 1181 1503 1209 utendo
1533 1181 1620 1209 nimis
1650 1180 1795 1210 imminui-

286 1236 353 1266 tur,
372 1230 460 1268 judex
483 1230 619 1265 imperare
645 1230 771 1266 poterit,
802 1232 827 1259 si
850 1226 973 1261 Absenti
1002 1232 1091 1269 magis
1113 1232 1243 1267 expediet
1267 1240 1301 1261 ex
1322 1232 1442 1267 pecunia
1463 1232 1528 1261 inde
1551 1233 1661 1261 redacta
1682 1240 1739 1260 rem
1752 1231 1796 1261 fa-

286 1289 370 1316 cete,
397 1287 424 1308 et
445 1280 606 1316 periculum
640 1281 734 1315 adsit,
764 1289 799 1310 ne
828 1291 843 1310 a
867 1284 991 1320 conjuge
1020 1282 1176 1320 superstite
1209 1282 1284 1311 bona
1314 1282 1421 1324 utendo
1445 1289 1685 1319 corrumpantur,
1711 1289 1738 1311 et
1765 1283 1796 1313 in

290 1331 458 1361 deteriorem
484 1336 588 1358 statum
614 1338 818 1360 convertantur
843 1334 983 1369 (Locrc‘,
1004 1342 1036 1369 p.
1053 1334 1158 1370 453.).
1208 1333 1262 1361 Sed
1286 1321 1351 1361 cum
1366 1341 1407 1375 ¹:ea
1431 1341 1474 1360 res
1498 1333 1605 1369 judicis
1630 1334 1796 1369 prudentiae

282 1382 481 1412 committatur
505 1381 533 1411 in
552 1387 614 1410 art.
638 1381 701 1411 126.
725 1382 856 1419 (dicitur
872 1384 962 1413 enim:
989 1384 1015 1412 lc
1035 1383 1181 1413 Trjbunal
1196 1383 1378 1418 wdoemcra,
1401 1382 1490 1418 s'ilry
1514 1391 1529 1411 a
1547 1383 1648 1420 lieu),
1671 1385 1798 1420 plerum-

285 1441 342 1470 que
364 1433 479 1468 quidem
505 1431 580 1460 bona
601 1432 716 1462 mobilia
737 1434 855 1470 conjugi
883 1434 1033 1471 superstiti
1059 1434 1290 1463 communionem
1321 1421 1503 1463 continuanti
1529 1435 1743 1470 concedentur,
1767 1436 1792 1464 si

285 1483 353 1512 scii.
382 1483 411 1511 id
432 1483 540 1517 absque
567 1482 674 1518 insigni
698 1483 868 1513 detrimento
892 1485 1029 1514 Absentis
1050 1485 1108 1513 fieri
1131 1484 1330 1521 possim-imo
1356 1483 1429 1523 idem
1452 1483 1594 1524 obtinebit
1619 1484 1728 1514 ratione
1748 1485 1798 1513 lte·

284 1534 400 1568 redu-m,
422 1539 655 1568 ceterorumque,
677 1533 705 1561 in
730 1534 830 1569 primis
855 1536 879 1563 si
902 1536 932 1565 in
958 1536 1131 1572 patrimonio
1158 1534 1295 1563 Absentis
1323 1542 1367 1562 res
1388 1533 1446 1562 siut
1477 1535 1595 1563 rariores
1619 1543 1646 1563 et
1672 1523 1798 1573 singula·

285 1585 327 1615 ris
350 1583 452 1620 pretiig,
476 1583 545 1611 adeo
565 1589 597 1610 ut
622 1582 688 1611 hinc
711 1591 863 1621 appareat,
879 1586 1033 1622 prudenter
1051 1585 1159 1623 judicis
1176 1584 1293 1613 arbitrio
1319 1585 1449 1617 relictum
1472 1592 1554 1620 esse,
1577 1586 1703 1623 quidfflin
1728 1595 1798 1622 qua-

289 1635 337 1663 ·vis
361 1642 462 1662 caussa
488 1632 546 1661 fieri
571 1633 712 1669 expediat.
751 1635 878 1665 Eandem
904 1645 1021 1672 quoque
1045 1637 1082 1665 ob
1106 1626 1240 1664 rationem
1274 1634 1427 1663 Tribunaii
1461 1643 1520 1664 non
1549 1636 1612 1664 data
1644 1635 1700 1666 suit
1723 1632 1797 1667 certa

289 1693 389 1715 norma
413 1684 441 1713 in
463 1684 572 1720 eJusmo
583 1684 602 1711 ii
627 1684 845 1714 venditionibus
872 1688 1051 1716 observanda
1075 1687 1171 1724 (14).

333 1735 421 1771 Quod
446 1734 471 1763 si
490 1735 616 1762 venditio
638 1735 712 1763 facta
735 1735 793 1770 sit,
813 1738 934 1772 pecunia
958 1739 1022 1766 inde
1044 1739 1155 1766 redacta
1175 1738 1259 1766 modo
1279 1737 1400 1767 Absenti
1423 1737 1543 1766 maxime
1570 1737 1699 1773 proficuo
1713 1744 1794 1768 uten-

293 1787 360 1815 dum
389 1792 449 1820 est,
470 1785 508 1814 ita
535 1791 567 1812 ut
593 1785 636 1812 vel
661 1786 771 1814 foenori
797 1787 975 1824 collocetur,
996 1789 1040 1816 vel
1067 1789 1098 1816 ca
1122 1788 1243 1817 satisfiat
1264 1788 1476 1823 creditoribus,
1498 1788 1541 1816 vel
1567 1787 1729 1817 reficiantur
1744 1789 1796 1819 im·

291 1836 434 1870 mobilia,
455 1837 497 1865 vel
524 1843 706 1865 convertatur
728 1837 814 1868 alium
832 1837 863 1868 in
884 1847 987 1875 usu1n;
1016 1839 1058 1868 uti
1087 1840 1208 1877 singulis
1234 1840 1264 1868 in
1290 1838 1402 1868 caussis
1429 1837 1571 1874 optimum
1601 1839 1692 1876 judici
1719 1841 1795 1870 vide-

1759 1891 1803 1921 bi·

321 1966 386 1993 (12)
411 1965 463 1987 vm.
487 1964 568 1991 Lwi,
592 1971 676 1992 Ρ-ων.
846 1969 909 1996 (13)
928 1971 979 1993 via.
1002 1970 1132 1998 psoram-n,
1151 1977 1173 1999 p.
1190 1975 1237 1998 ¹⁵7·

323 2006 389 2034 (¹⁴)
411 2007 461 2028 Vid.
486 2005 570 2033 Locri,
590 2012 690 2035 p.4ss„
715 2013 737 2030 et
758 2009 922 2040 Delu-incana,
943 2012 965 2033 in
984 2018 1067 2040 uunp.
1081 2017 1130 2038 ssi.
1150 2012 1225 2034 adnot.
1239 2016 1261 2038 9.
