1913 2417
289 177 644 212 RESPONSIOJD
659 177 1036 217 QUAESTIONEM
1062 176 1484 226 PHILOSOPHICAM.
1605 182 1649 218 83·

129 262 198 293 :iios
219 268 247 291 et
270 262 397 299 reliquos
423 261 613 291 Academicos
636 262 723 290 dubia
748 269 811 290 esse
835 262 948 290 videtur
972 267 1000 290 ct
1022 261 1146 298 incerta,
1174 261 1236 291 sive
1257 262 1355 298 potius
1379 263 1476 297 nulla,
1498 267 1530 290 ut
1559 261 1637 291 Huc-

119 316 180 343 tius
200 314 264 351 (Ι)
291 320 319 342 et
341 314 516 342 Meinersius
542 313 632 350 (2),
662 315 790 348 quintam
820 312 1000 341 Academiam
1024 321 1038 341 a
1061 312 1231 350 Pyrrhoniis
1256 313 1418 350 sejungant.
1465 312 1547 350 Quae
1568 321 1637 342 vero

128 366 259 395 Garvius
283 364 349 401 (3)
374 363 476 399 affert,
496 372 526 393 ea
548 363 679 392 Philonis
707 363 855 392 doctrinae
878 363 988 400 magis,
1010 373 1094 400 quam
1117 365 1246 400 priorum
1271 364 1508 393 Academicorum
1532 373 1639 394 conve-

121 416 186 445 nire
208 416 349 445 videntur.
389 414 501 451 Nempe
525 423 616 444 rerum
648 415 868 451 apparentium,
897 422 924 443 et
954 416 1143 444 communiter
1170 424 1269 444 omnes
1298 415 1395 444 eodem
1429 417 1517 444 modo
1541 416 1637 445 mode-

121 472 230 495 rantem
256 465 455 495 auctoritatem
481 467 566 503 (4),
594 474 678 502 quam
702 467 781 494 velut
808 466 935 495 veritatis
966 467 1110 495 criterium
1141 467 1271 496 Gar-vius
1307 466 1484 495 Academicis
1513 473 1540 495 et
1570 467 1638 496 Sce-

127 518 214 554 pticis
236 518 364 553 affingit,
384 525 418 545 ex
440 517 619 546 Academicis
643 517 717 546 forte
741 526 817 546 unus
839 517 942 553 Philo,
968 526 983 546 e
1003 518 1143 554 Scepticis
1172 527 1255 547 nemo
1281 526 1418 554 umquam
1436 519 1632 554 concesserit,

128 568 183 604 qui
207 569 320 604 quidem
345 577 360 597 a
382 568 576 605 Dogmatismi
597 570 781 597 concretione
804 577 896 605 purus
927 569 1056 605 liberque
1078 569 1275 605 permanserit.
1318 569 1437 599 Scilicet
1466 570 1523 599 huc
1547 570 1635 599 advo-

123 619 214 648 canda
237 625 281 647 est
302 618 455 649 distinctio
479 619 659 649 Aenesidemi
683 620 761 656 apud
787 620 930 656 Sextum,
951 622 1017 650 adv.
1039 620 1133 650 Math.
1156 620 1239 650 Vlll.
1265 622 1295 658 55.
1313 622 1341 651 8.

163 670 390 706 Pyrrhonior-um
415 680 504 706 vero,
532 671 600 707 qui,
631 678 662 698 ut
682 670 830 706 diximus,
858 671 960 699 melius
985 679 1110 708 possunt
1133 672 1218 700 unius
1251 671 1358 701 formae
1389 671 1485 709 specie
1508 679 1638 707 compre-

126 723 232 757 hendi,
257 722 419 757 dubitatio,
447 722 473 750 si
497 723 533 750 ad
558 722 740 758 Scepticismi
772 723 880 757 ideam,
912 731 997 758 quam
1021 730 1170 758 tenemus,
1199 722 1354 759 referatur,
1386 724 1459 752 hane
1485 723 1637 759 imaginem

125 774 255 810 proxime
276 773 391 801 videtur
417 772 584 808 exprimere.
633 774 841 802 Assensionem
873 776 1076 809 actionemque
1102 774 1170 810 cogi
1199 773 1344 810 fatentur,
1373 775 1461 811 igitur
1485 783 1516 803 se
1539 776 1564 803 ei
1587 783 1637 803 ne-

126 824 258 853 cessitati
281 833 309 852 sc
329 823 488 860 subjicere,
512 825 648 860 quoniam
671 832 730 852 eam
755 824 810 852 silai
840 825 980 862 subjicere
1005 832 1164 861 nequeant:
1195 825 1229 853 de
1254 826 1354 854 ceteris
1385 826 1472 855 rebus
1497 825 1636 856 omnibus

124 875 262 904 latissime
284 881 424 911 patentem
449 874 656 903 dubitationem
681 874 865 910 profitentur.

160 925 251 964 Quod
276 926 323 954 hic
345 925 514 962 simpliciter
536 925 716 961 indicamus,
746 926 774 955 id
802 935 836 955 ex
860 932 924 955 ante
950 925 1037 956 dictis
1066 927 1106 956 ita
1136 926 1323 957 confirmatur
1349 933 1377 957 et
1403 929 1579 965 exponitur,
1603 935 1638 959 ut

122 984 160 1007 ne
181 977 227 1006 bis
247 978 341 1005 eadem
363 977 471 1005 dixisse
490 977 656 1011 videamur,
678 977 802 1012 amplior
828 977 982 1012 explicatio
1010 978 1056 1006 hic
1084 978 1269 1014 relinquenia
1296 979 1347 1009 sit.

161 1028 204 1057 Ita
223 1027 359 1056 differunt
383 1027 548 1055 Academici
568 1033 595 1055 et
617 1027 764 1062 Sceptici,
794 1027 819 1055 si
844 1027 991 1056 communi
1019 1036 1069 1056 eos
1097 1027 1218 1064 perfecti
1249 1028 1431 1065 Scepticismi
1461 1037 1560 1059 norma
1581 1039 1641 1061 me·

121 1079 246 1114 tiamur;
268 1079 422 1114 sequitur,
443 1084 496 1114 ut,
517 1079 626 1107 auxilio
649 1079 776 1113 criterii,
806 1078 885 1114 quod
911 1077 1053 1114 superiori
1076 1079 1170 1115 capite
1193 1080 1370 1109 constituere
1394 1081 1494 1110 conati
1516 1089 1637 1120 sumus,

119 1136 311 1166 utrorumque
337 1129 538 1166 philosophias
567 1139 660 1159 secum
685 1131 805 1159 invicem
839 1137 1054 1164 comparemus,
1093 1130 1126 1159 ln
1152 1138 1207 1166 qua
1228 1132 1444 1169 comparatione
1469 1132 1556 1160 modo
1576 1131 1637 1161 sin·

123 1183 260 1219 gulorum
285 1181 524 1210 Academicorum
550 1182 674 1210 rationes
697 1181 835 1218 seorsim,
857 1180 944 1210 modo
968 1180 1098 1210 omnium
1124 1190 1306 1212 communem
1324 1182 1540 1220 philosophiam
1557 1191 1637 1215 com·

120 1233 258 1264 munibus
278 1232 396 1262 indiciis
418 1234 657 1269 complectemur.

160 1286 188 1314 A
204 1287 422 1323 principiorum
447 1284 576 1313 doctrina
601 1285 754 1314 ordiamur.

160 1335 267 1373 Ἀρχὴν
295 1336 404 1369 mirmah
431 1335 493 1363 sive
525 1334 610 1363 finem
640 1334 862 1371 philosophiae,
890 1333 1043 1364 Arcesilas
1073 1335 1175 1365 statuit
1195 1337 1245 1370 τὴν
1275 1336 1379 1374 ἐποχῆν
1405 1337 1496 1373 ipsam
1517 1356 1527 1372 ,
1556 1336 1641 1374 quasi

116 1385 228 1416 cummi
247 1386 316 1414 boni
338 1385 594 1423 conjunctionem3
625 1386 712 1423 cujus
748 1386 903 1421 particulae
935 1386 994 1415 sint
1024 1387 1055 1417 αἱ
1083 1389 1157 1417 κατὰ
1179 1388 1254 1424 μέρος
1275 1389 1393 1424 samad:
1421 1388 1519 1417 eodem
1550 1389 1638 1423 modo

120 1443 213 1473 atque
243 1436 338 1465 virtus
365 1444 510 1465 sumtuum
539 1436 649 1465 bonum
682 1443 780 1472 potest
813 1437 890 1472 dici,
924 1437 1098 1473 particulare
1131 1437 1239 1466 bonum
1271 1438 1306 1471 ad
1334 1438 1468 1467 virtutem
1500 1439 1637 1468 instituta

124 1489 217 1518 actio.
259 1486 344 1515 Vitae
373 1487 506 1515 ultimum
534 1494 562 1516 et
587 1493 743 1516 extremum
773 1488 891 1525 agnovit
922 1493 971 1523 τὴν
995 1491 1183 1525 εὐδαιμονίαν,
1212 1497 1284 1525 quae
1312 1497 1365 1526 per
1400 1487 1523 1529 φρόνὴσ-ιν
1547 1491 1633 1519 attin-

122 1540 214 1577 genda
235 1538 284 1568 sit.
325 1538 490 1567 Carneades
514 1540 548 1568 de
575 1541 727 1569 Arcesilae
748 1539 896 1568 severitate
925 1540 1075 1576 paululum
1100 1541 1228 1577 remisit;
1259 1540 1287 1576 e't
1316 1541 1415 1570 omnia
1440 1550 1502 1571 esse
1524 1543 1634 1573 inard-

123 1598 219 1625 ληπτη
247 1596 348 1619 contra
379 1591 495 1619 stoicos
526 1592 622 1620 eodem
648 1593 734 1620 modo
750 1598 883 1626 tutatus,
905 1600 989 1620 omne
1009 1592 1118 1621 sciendi
1138 1593 1298 1628 agendique
1317 1593 1490 1628 praesidium
1516 1593 1546 1622 in
1566 1602 1635 1629 pro-

124 1641 215 1670 babili
237 1641 353 1678 posuit:
376 1641 458 1670 finem
482 1650 551 1671 suae
568 1643 773 1679 disputationis
799 1641 830 1671 in
854 1649 1005 1679 utramque
1031 1651 1140 1679 partem
1175 1644 1356 1677 non2alium
1379 1643 1549 1681 stabiliens,
1577 1644 1636 1674 nisi

124 1699 159 1722 ut
184 1693 413 1729 demonstraret,
444 1694 518 1722 ultra
547 1694 823 1723 verisimilitudinem
859 1695 1097 1731 progrediendum
1125 1703 1191 1726 ,non
1226 1704 1303 1725 esse.
1350 1696 1447 1725 Philo·
1469 1695 1634 1728 Carneadis

125 1744 263 1773 rationem
296 1744 408 1773 videtur
438 1751 556 1774 secutus
583 1754 664 1782 esse;
694 1752 723 1774 et
749 1747 883 1775 universe
919 1746 1081 1776 Academici
1110 1748 1227 1776 extremi
1257 1747 1499 1781 constitutionem
1531 1747 1637 1783 relega-

123 1794 194 1823 bant
216 1796 251 1824 ad
277 1795 528 1833 probabilitatem,
555 1804 583 1826 et
608 1797 775 1833 disputandi
806 1804 865 1826 arte
894 1796 1003 1827 Stoicis
1033 1799 1191 1835 intentata,
1221 1799 1249 1828 in
1280 1799 1393 1827 alteram
1424 1798 1635 1834 philosophiae

122 1852 253 1883 partem,
272 1846 293 1876 i.
320 1855 346 1877 e.
371 1848 569 1877 verisimilium
591 1849 805 1885 inventionem,
833 1857 917 1878 omne
943 1850 1057 1886 pondus
1089 1849 1291 1887 philosophiae
1316 1857 1348 1878 ac
1373 1856 1551 1879 momentum
1578 1856 1634 1878 tra-

1583 1900 1637 1929 du·

148 1971 203 2001 (r)
223 1975 251 1995 dc
271 1975 293 1996 la
313 1974 420 1998 solbiesse
441 1978 469 1999 de
489 1978 577 2005 Pesprlt
597 1978 687 2000 hirmin
706 1978 724 2003 S.
742 1977 790 2000 ¹66.
803 1982 851 2005 :qq-
941 1979 989 2008 (α)
1013 1979 1095 2003 Gesch.
1115 1980 1155 2002 der
1176 1978 1319 2001 Weicweish.
1340 1985 1362 2006 p.
1380 1983 1430 2004 1⁴3.
1447 1983 1497 2004 sqq.

147 2011 202 2044 (⁸)
224 2016 378 2044 Anmerkung.
398 2023 429 2040 zu
448 2018 551 2042 cicer-crs
570 2020 695 2048 Palemon,
715 2020 740 2041 ll.
753 2020 782 2042 u.
801 2027 825 2048 p.
840 2025 868 2048 9,
885 2025 920 2043 ιο.
1005 2019 1060 2048 (⁴)
1081 2020 1118 2041 die
1137 2020 1296 2047 algemetnhefe
1310 2019 1348 2040 dcc
1369 2018 1506 2049 sabjectiren
1521 2016 1617 2041 ululat.

915 2059 980 2091 La
