1913 2417
227 179 264 217 50
438 167 732 212 'JACOBI
789 167 1096 200 HERMANI
1152 157 1465 200 PHILI‘PSE

229 261 316 297 igitur
342 257 489 294 legislator
514 263 576 285 art.
592 264 682 290 κα,
711 254 746 283 ab
774 253 808 281 iis
831 252 881 288 qui
908 251 1121 288 possessionem
1147 251 1319 280 fiduciariam
1345 251 1473 280 obtinere
1495 256 1652 287 cuperent,
1673 241 1740 281 fide-³

229 312 374 349 jussorem
405 309 559 342 idoneum,
590 307 639 342 qui
670 306 726 334 fide
757 313 810 333 sua
844 312 906 332 esse
935 303 1052 339 jubeat,
1079 312 1275 338 possessorem
1301 303 1329 331 in
1352 303 1576 332 administrando
1599 303 1744 349 Absentis‘

230 361 407 401 patrimonio
424 380 434 394 ,
468 364 499 386 se
526 364 672 394 gestui-um
695 364 777 391 csse,
812 361 842 383 ut
867 355 960 383 virum
984 354 1105 390 probum
1130 354 1226 390 decet3
1258 362 1341 390 quem
1371 354 1565 391 fidejussorem
1589 362 1653 383 cum
1681 355 1744 391 ipsa

233 415 279 443 lex
303 412 417 448 exigat,
447 415 550 445 sponte
578 407 769 444 intelligitur,
798 407 880 434 talem
906 413 967 434 esse
990 404 1245 441 constituendum,
1275 405 1324 441 qui
1351 405 1403 434 hac
1424 405 1454 434 in
1477 413 1505 433 re
1529 406 1601 434 satis
1627 406 1747 436 idoneus

234 465 375 496 habetur,
406 460 560 489 secundum
588 465 647 487 art.
667 466 751 495 2040.
763 458 792 493 j.
809 462 871 486 art.
890 456 973 485 2018.
995 461 1022 484 et
1049 463 1134 492 2019.
1177 456 1281 485 Utrum
1303 464 1370 485 vcro
1395 457 1515 486 idoneus
1537 457 1592 492 sit,
1613 465 1664 486 nec
1692 456 1746 493 ue.)

233 513 346 550 optime
370 509 538 548 dijudicabit
562 509 735 539 Procurator
763 507 871 544 Regius
895 515 929 535 ex
952 505 1089 543 opinione
1111 505 1330 543 Delvincurtis',
1359 516 1388 544 p.
1409 516 1475 545 343.
1499 509 1563 537 adn.
1581 517 1630 545 9.,
1658 508 1752 547 Span-

231 563 404 603 genbergii,
425 560 466 590 ad
481 565 544 589 art.
563 568 624 590 ηε).
644 566 703 590 not.
722 567 764 597 3.‚
787 565 814 587 et
840 559 966 592 Lucra,
984 566 1012 593 p.
1035 564 1114 593 393„
1137 566 1209 593 quae
1232 559 1317 587 nobis
1341 559 1411 588 satis
1434 559 1593 595 probabilis
1617 559 1750 590 videtur:

236 615 305 644 iicet
328 614 402 642 enim
431 617 494 642 art.
517 620 603 648 114,
637 619 696 646 quo
728 609 897 639 sententiam
925 614 1150 644 superstruunt‚
1179 609 1252 638 illud
1275 610 1370 638 minus
1401 609 1505 638 directe
1529 610 1659 639 videatur
1685 619 1754 647 pro·
1780 636 1783 640 .

211 664 323 700 'bare‚
346 662 482 700 quoniam
506 662 547 690 ibi
570 668 680 690 tantum
707 669 798 690 sermo
821 668 862 689 est
884 660 918 688 de
941 659 996 694 iis,
1027 659 1077 694 qui
1102 660 1199 689 abesse
1224 661 1377 689 creduntur
1410 660 1543 698 (Absens
1560 655 1754 700 presumas),

239 725 305 746 cum
329 722 423 744 tamen
446 714 594 750 negotiis,
617 713 646 741 in
673 713 780 749 quibus
803 710 978 740 Absentium
1003 717 1046 738 res
1068 711 1181 746 agitur,
1199 711 1282 739 etiam
1306 717 1373 748 post
1395 711 1561 740 declaratam
1586 713 1754 753 Absentiam

237 768 327 804 hujus
356 765 553 795 procuratoris
585 763 765 800 providentia
802 762 984 798 requiratur,
1015 760 1040 789 si
1073 770 1156 791 nemo
1187 762 1287 791 idonee
1311 770 1408 791 eorum
1428 761 1562 791 'caussam
1589 764 1662 792 tucri
1686 773 1756 800 pos.

244 821 284 850 sit
313 821 396 858 (vid.
421 825 482 849 art.
503 827 567 855 123.
596 825 624 847 et
649 818 757 855 126.)‚
788 817 830 845 sie
862 816 934 844 idem
960 813 1193 850 interpretatione
1211 814 1247 842 ad
1269 815 1341 842 hanc
1367 821 1498 843 caussam
1522 815 1635 843 extendi
1664 823 1754 852 posse

242 872 370 901 videtur.

281 923 324 951 De
350 927 428 951 arzt.
455 927 546 950 autem
579 929 640 949 121.
665 926 692 948 et
722 927 785 948 122.
807 918 881 947 nihil
906 918 953 946 hic
978 917 1135 946 addendum
1163 915 1295 951 videtur,
1325 916 1393 951 quia
1416 915 1525 945 nullam
1550 915 1758 948 dubitationem

242 972 367 1008 habent,
389 979 415 1001 et
441 980 544 1008 supra,
567 971 642 1007 Cap.
659 970 683 1001 Ι.
712 970 790 999 Scct.
813 978 839 1000 J.
868 970 897 1006 §.
915 977 965 1005 2.‚
986 975 1013 997 et
1035 968 1110 997 Sect.
1132 976 1157 997 1.
1181 967 1243 1002 huj.
1269 967 1339 1006 cap.
1367 968 1396 1004 §-
1412 975 1440 996 2.
1469 968 1570 1004 paucis
1595 969 1629 998 de
1652 969 1688 998 iis
1713 977 1762 1000 ex·

243 1023 410 1061 posuimus.

955 1085 987 1121 ς.
1027 1091 1056 1114 2.

285 1175 376 1206 Hisce
409 1174 499 1212 igitur
526 1175 660 1204 universe
687 1174 859 1203 constitutis
888 1174 921 1202 de
949 1171 1121 1208 heredibus,
1151 1171 1259 1208 quibus
1291 1172 1455 1202 missionem
1489 1174 1520 1203 in
1547 1174 1761 1212 possessionem

244 1233 344 1264 petere
366 1226 455 1260 licet,
477 1226 627 1261 sequitur,
650 1232 681 1254 ut
705 1226 872 1260 videamus,
901 1224 1075 1260 quibusnam
1100 1224 1151 1252 hac
1178 1224 1315 1253 missione
1337 1226 1422 1253 semel
1445 1225 1614 1262 impetrata,
1640 1235 1762 1264 praeter.

243 1282 338 1314 'quam
367 1277 518 1305 heredibus
548 1276 707 1312 legitimis,
741 1277 806 1305 inde
832 1278 896 1313 J'ura
924 1283 1094 1304 enascantur
1120 1276 1149 1304 in
1171 1276 1244 1305 bona
1268 1276 1303 1304 ab
1338 1276 1465 1304 Absente
1496 1277 1604 1307 relicta.
1651 1279 1765 1308 Horum

246 1336 343 1358 autem
367 1336 485 1357 numero
508 1327 538 1356 in
563 1333 627 1356 art.
651 1336 716 1363 123.
745 1333 930 1355 accensentur
956 1327 1102 1363 legatarii,
1131 1326 1293 1360 donatarii,
1320 1333 1346 1354 et
1375 1327 1480 1362 reliqui
1505 1336 1622 1363 omnes,
1646 1330 1714 1365 qui,
1740 1330 1767 1359 si

248 1379 365 1408 Absens
390 1386 523 1408 mortuus
550 1385 645 1414 esset,
672 1379 722 1413 jus
748 1379 864 1414 aliquod
887 1379 915 1407 in
939 1378 1015 1406 bona
1037 1379 1097 1415 ejus
1127 1377 1314 1412 habuissent3
1344 1384 1371 1405 et
1396 1378 1519 1414 singulis
1538 1379 1621 1407 datur
1643 1379 1766 1410 fiacnltas

248 1429 320 1458 haec
344 1431 409 1467 jura
432 1430 596 1465 exercendi,
622 1430 756 1467 praestita
780 1431 879 1459 idonea
899 1430 1043 1459 cautione.
1088 1430 1127 1457 At
1152 1436 1217 1456 cum
1242 1429 1276 1456 dc
1297 1428 1453 1464 omnibus,
1478 1429 1527 1464 qui
1546 1429 1595 1458 tali
1615 1431 1679 1466 jure
1699 1439 1770 1467 gau.

248 1482 338 1516 duit,
366 1489 424 1509 non
448 1481 545 1509 statim
571 1488 705 1516 constet,
733 1482 783 1510 sed
807 1482 840 1509 de
863 1482 1012 1511 nonnullis
1040 1484 1152 1510 demum
1179 1479 1248 1508 certi
1275 1480 1346 1515 quid
1371 1488 1503 1516 appareat
1523 1489 1557 1510 ex
1578 1487 1772 1520 testamento,

250 1532 422 1567 videamus,
454 1534 602 1568 quomodo
625 1533 704 1561 hisce
725 1533 905 1569 prospexerit
927 1533 1084 1570 legislator.

290 1583 446 1618 Postquam
473 1584 562 1620 igitur
591 1584 664 1612 hanc
697 1583 861 1612 missionem
892 1584 921 1612 in
945 1585 1160 1620 possessionem
1186 1584 1329 1613 bonorum
1357 1577 1578 1620 impetraverunt
1598 1585 1712 1615 heredes
1735 1587 1770 1616 ab

257 1634 414 1669 intestato,
437 1635 508 1669 qui,
529 1635 657 1662 nondum
685 1634 790 1670 apertis
813 1634 975 1663 testamenti
1002 1634 1132 1671 tabulis,
1156 1635 1210 1663 soli
1230 1636 1361 1664 heredum
1383 1643 1531 1670 personam
1556 1636 1608 1664 rite
1630 1637 1773 1666 sustinere

253 1692 406 1721 poterant,
435 1693 493 1713 non
525 1692 635 1713 tantum
672 1685 731 1720 illi,
760 1685 830 1720 qui,
861 1685 884 1714 si
915 1686 949 1714 dc
985 1683 1126 1716 Absentis
1149 1687 1232 1716 obitu
1264 1694 1428 1722 constaret,
1455 1688 1519 1724 jure
1545 1695 1599 1715 suo
1624 1689 1776 1724 gauderent

255 1737 365 1765 etiamsi
404 1739 603 1766 testamentum
639 1746 696 1766 non
735 1737 886 1773 existeret,
916 1748 931 1767 a
966 1739 1187 1767 successoribus
1220 1745 1312 1775 petere
1346 1744 1488 1774 possunt,
1518 1744 1550 1765 ut
1585 1738 1670 1775 liujus
1700 1740 1773 1776 juris

259 1795 344 1815 usum
369 1788 545 1816 snluciarium
569 1788 624 1816 sibi
646 1789 825 1825 concedant,
850 1791 897 1818 scd
918 1797 945 1818 et
971 1791 1009 1827 ii,
1029 1792 1134 1827 quibus
1164 1801 1196 1820 rx
1223 1798 1392 1820 testamento
1415 1792 1486 1820 idem
1509 1798 1670 1827 competere
1691 1801 1777 1829 appa-

260 1840 350 1870 rebit:
380 1840 448 1867 atla-0
480 1847 511 1867 ut
545 1839 659 1868 heredes
695 1840 729 1869 ab
760 1842 896 1871 intestato
921 1842 956 1871 ab
986 1843 1138 1872 heredibus
1164 1843 1328 1877 institutis,
1357 1850 1407 1870 seu
1437 1842 1597 1878 legatariis,
1627 1843 1652 1872 si
1677 1843 1776 1873 idonee

258 1889 307 1925 jus
330 1898 412 1917 swnn
445 1891 646 1926 probaverint,
667 1892 710 1920 vel
738 1900 790 1927 pro
815 1900 893 1928 parte
917 1896 961 1923 vel
979 1895 1008 1923 in
1031 1901 1122 1923 totum
1140 1895 1324 1931 possessione
1345 1902 1436 1922 rerum
1464 1894 1693 1924 hereditariarum
1715 1896 1777 1925 br&

260 1940 290 1968 vi
323 1949 421 1975 postca
446 1942 547 1975 privari
571 1943 696 1978 possint.
747 1943 789 1972 Ut
813 1945 887 1973 enim
914 1947 940 1974 lii
969 1955 1023 1975 suo
1047 1947 1110 1984 jure
1134 1952 1269 1981 utantur,
1297 1952 1494 1975 testamentum
1518 1947 1617 1982 aperiri
1638 1947 1775 1983 permittit

259 1992 421 2028 legislator3
448 1999 474 2020 et
493 1993 516 2021 si
533 1993 599 2022 inde
618 2000 752 2030 apparet,
774 1995 845 2024 alios
868 1994 925 2026 sibi
946 1997 1060 2027 heredes
1083 1997 1273 2028 constituisse
1295 1997 1569 2035 Absentem,quam
1588 1999 1710 2035 quibus,
1729 1998 1776 2026 de-

1724 2050 1781 2079 cla-
