1913 2417
258 136 538 169 RESPONSIO
569 142 618 166 AD
648 134 1021 173 QUAEsTroNEM
1047 133 1502 169 HYDROSTATICAM.
1603 137 1642 175 65

127 227 183 252 tet.
223 221 309 251 Nihil
332 228 425 250 autem
450 225 556 254 restat,
584 218 638 247 nisi
668 224 700 246 ut
724 218 854 255 Boyleo,
881 220 1002 256 eJ'usque
1025 218 1142 248 asseclis
1166 227 1197 247 ea
1222 218 1366 248 tribuatur
1391 221 1553 255 sententia,
1587 229 1642 256 qua

123 274 298 309 statuerint,
319 273 406 302 fluida
430 272 458 300 in
483 270 579 300 fluidis
605 270 790 306 homogeneis
815 278 870 306 ope
893 269 1014 298 bilancis
1039 270 1203 306 explorata,
1231 269 1260 298 in
1284 271 1360 298 illam
1390 271 1529 299 bilancem
1560 279 1641 307 agere

123 325 257 362 pondere
278 324 406 352 relativo.
447 323 562 351 Etenim
587 329 651 349 cum
678 329 776 349 omnes
802 321 831 350 in
854 329 887 349 eo
910 321 1106 355 conveniunt,
1135 321 1212 356 quod
1236 321 1323 350 fluida
1354 322 1382 350 in
1417 322 1512 350 fluidis
1538 322 1643 350 horno-

121 375 226 412 geneis
248 377 413 411 gravitatem
438 378 553 402 servant
576 378 604 400 et
632 373 751 408 *pondus
776 371 963 407 absolutum,
992 378 1020 399 et
1040 379 1106 400 cum
1141 378 1231 401 tamen
1258 373 1292 400 de
1318 373 1506 409 gravitatione
1534 372 1644 401 fluido·

123 434 189 455 -rum
215 426 376 461 discrepare
395 423 552 458 dicuntur,
572 422 633 451 fieri
658 431 717 451 non
741 428 860 458 potest,
883 423 956 458 quin
981 422 1183 458 Hesselingius
1203 423 1323 460 eJusque
1348 430 1505 452 sectatores
1532 423 1640 459 Boyleo

125 484 192 505 cum
213 475 275 505 suis
298 475 447 509 tribuant,
469 474 549 509 quod
570 473 627 509 ipsi
648 481 773 509 negant,
802 474 912 503 scilicet
938 473 1022 502 fluida
1045 474 1075 501 in
1102 473 1198 502 fluidis
1230 474 1415 511 homogeneis
1448 474 1572 511 pondere
1595 482 1640 501 -re-

124 527 215 556 lativo
241 535 322 563 agere
346 526 375 554 in
401 525 539 553 bilancem
562 532 639 553 extra
661 525 792 554 fluidum.
840 524 945 553 Utrum
975 533 1069 554 autem
1097 533 1130 554 ex
1159 525 1275 553 veritate
1298 525 1353 554 hoc
1378 525 1549 560 statuerim,
1581 525 1639 562 jam

120 577 176 605 erit
195 578 421 614 dijudicandum.

153 628 281 664 Corpus
303 637 363 657 non
381 627 438 656 nisi
462 628 496 656 ab
522 635 576 656 una
599 633 679 664 parte
696 634 791 657 totum
821 628 978 657 sustentari
1008 636 1114 664 posse,
1134 628 1194 664 jam
1223 635 1309 663 supra
1334 627 1521 663 monuimus,
1551 631 1638 663 atque

120 679 210 709 simul
233 681 299 708 inde
326 687 420 716 parere
443 679 589 714 diximus,
617 679 690 708 idem
723 687 830 714 corpus
863 685 927 707 toto
960 687 1015 707 suo
1045 679 1170 715 pondere
1200 678 1319 707 nonnisi
1350 687 1409 707 uno
1442 680 1527 707 modo
1560 686 1640 714 agere

120 739 224 768 posse.
264 730 346 759 Hanc
373 730 469 758 thesin
497 731 580 758 etiarn
614 739 735 766 omnes,
767 736 914 766 quotquot
940 729 1027 758 ,fuere
1060 737 1129 765 post
1158 728 1317 765 Boyleum,
1339 736 1542 758 -assumserunt
1572 728 1637 758 VV.

122 782 178 812 DD
234 782 334 817 Itaque
352 782 520 816 quicunque
535 781 607 809 hanc
630 782 812 816 docuerunt,
832 788 860 809 et
884 787 995 818 tamen,
1022 780 1178 809 secundum
1205 780 1440 816 Hesselingium,
1462 780 1637 814 defendunt,

118 841 227 869 aquam
246 833 276 861 in
299 840 370 867 aqua
395 840 476 868 agere
492 832 616 868 pondere
638 841 692 861 suo
717 832 838 861 relativo
855 831 885 860 in
903 832 1050 860 brachium
1076 830 1219 866 bilancis,
1243 831 1308 859 illos
1328 831 1386 859 sibi
1402 839 1501 866 parum
1526 830 1637 858 consti-

115 885 212 920 -tisse,
232 884 382 912 dicendum
411 888 472 911 est:
495 890 560 911 cum
583 890 723 919 praeterea
748 883 855 912 summi
878 883 921 911 illi
941 883 1015 920 viri,
1038 883 1146 919 quibus
1168 882 1308 920 ejusmodi
1327 882 1472 911 sententia
1498 881 1532 910 ab
1561 881 1636 909 Hes-

113 935 245 972 selingio
264 934 421 970 tribuitur,
441 934 499 971 ipsi
518 935 726 970 experientiae,
746 935 825 970 quod
840 935 917 963 haud
936 933 1071 962 credibile
1089 940 1152 969 est,
1170 941 1233 961 sese
1247 936 1466 969 apposuissent.
1507 933 1547 961 At
1566 940 1634 961 vero

123 987 203 1023 quod
224 994 281 1015 rem
304 985 443 1021 conficit,
465 994 560 1014 nonne
584 987 613 1014 in
638 987 781 1022 superiori
804 986 950 1020 examine,
971 986 1021 1014 ubi
1045 985 1277 1020 exploravimus,
1308 991 1461 1019 quamnam
1485 983 1633 1019 Boyleus,

118 1046 179 1068 >van
196 1037 330 1073 Marum,
349 1038 477 1072 Aeneae,
495 1036 564 1072 alii,
582 1036 797 1072 gravitationem
815 1037 971 1065 fluidorum
995 1036 1024 1064 in
1045 1035 1117 1064 locis
1136 1035 1196 1063 suis
1216 1035 1395 1063 naturalibus
1419 1035 1632 1071 intelligerent,

114 1089 235 1118 abunde
259 1089 346 1118 nobis
364 1088 475 1125 patuit,
505 1087 573 1116 illos
599 1087 756 1124 statuisse,
789 1096 901 1117 omnem
933 1087 1151 1125 gravitationem
1181 1086 1264 1115 fluidi
1286 1087 1419 1115 deorsum
1444 1085 1529 1121 ferri,
1558 1086 1578 1115 i.
1599 1093 1632 1114 e.

120 1146 214 1170 totum
241 1140 321 1169 fluidi
347 1140 461 1176 pondus
486 1146 502 1167 a
526 1138 615 1167 fluido
638 1138 826 1168 circumdanti
847 1138 1009 1167 sustineri?
1050 1137 1207 1175 Quomodo
1229 1137 1317 1174 igitur
1340 1136 1424 1165 aliam
1446 1136 1538 1165 adhuc
1557 1144 1635 1172 pres-

113 1191 246 1227 sionem,
274 1192 358 1220 aliam
392 1190 608 1228 gravitationem
641 1197 719 1218 extra
750 1190 869 1219 fluidum
899 1189 930 1218 in
963 1189 1102 1217 bilancem
1136 1187 1340 1217 admitterent?
1381 1187 1487 1215 Nonne
1515 1187 1632 1216 disertis

111 1243 211 1272 verbis
242 1243 364 1277 dicunt,
392 1250 426 1270 eo
453 1242 481 1270 in
501 1250 574 1270 casu
607 1241 727 1270 fluidum
755 1249 816 1270 non
846 1249 927 1277 agere
953 1240 984 1269 in
1005 1240 1147 1268 -bilancem
1173 1238 1262 1276 (02²
1301 1238 1342 1267 At
1367 1238 1508 1267 undenam
1542 1239 1633 1275 igitur

112 1293 318 1330 flesselingius
349 1300 480 1322 summos
511 1291 566 1320 hos
590 1292 673 1320 viros
703 1292 907 1328 repugnantiae
936 1299 1000 1320 reos
1032 1290 1126 1320 facit?
1154 1289 1278 1326 Aliquid
1305 1289 1405 1318 saltem
1437 1297 1499 1321 esse
1528 1289 1632 1324 debet,

115 1353 177 1382 quo
201 1346 325 1380 ductus,
354 1343 499 1380 probabili
522 1342 651 1378 ratione,
679 1342 758 1371 illam
791 1342 949 1372 instituerit
971 1342 1198 1370 accusationem.
1237 1340 1425 1370 Potissimum
1456 1340 1631 1376 experimen-

112 1402 176 1425 tum
199 1404 215 1425 a
246 1395 354 1431 Boyleo
379 1394 567 1429 institutum,
598 1400 626 1422 et
651 1394 808 1423 secundum
841 1394 923 1422 illum
951 1393 1126 1429 Boyleanum
1157 1393 1286 1428 dictum,
1318 1391 1533 1426 Hesselingium
1563 1397 1630 1425 per-

113 1447 230 1481 movit,
251 1452 285 1474 ut
309 1445 451 1481 ejusmodi
479 1444 648 1473 sententiam
671 1445 873 1473 decessoribus
901 1444 966 1473 suis
994 1443 1143 1472 tribueret.
1185 1446 1218 1473 ln
1251 1443 1302 1471 illo
1326 1443 1399 1470 enim
1432 1441 1627 1477 experimento

112 1505 187 1534 aqua
217 1497 344 1532 lagenam
373 1496 454 1530 prius
486 1503 626 1530 vacuam,
656 1496 685 1523 in
716 1503 788 1530 aqua
819 1496 1024 1531 ponderatam,
1053 1493 1232 1529 ingrediens,
1259 1500 1319 1521 tum
1354 1501 1369 1521 a
1395 1492 1530 1527 boylen,
1567 1499 1629 1519 *um

109 1547 147 1577 ab
172 1547 235 1584 eius
260 1545 450 1575 sectatoribus
472 1554 558 1574 causa
581 1546 702 1574 habetur
724 1547 883 1575 descensus
900 1546 1024 1582 lagenae.
1065 1544 1105 1572 At
1130 1552 1198 1572 vero
1224 1544 1280 1573 hoc
1302 1550 1385 1580 negat
1403 1542 1626 1578 Hesselingius‚

115 1599 250 1636 quoniam
275 1606 349 1633 aqua
374 1597 404 1625 in
427 1605 499 1632 aqua
530 1597 612 1626 nullo
642 1597 766 1633 pondere
789 1597 910 1625 relativo
939 1597 970 1624 in
996 1595 1135 1624 bilancem
1160 1603 1240 1631 agere
1261 1600 1375 1631 potest:
1408 1593 1490 1627 sive,
1522 1592 1563 1620 uti
1587 1593 1631 1620 di-

109 1651 168 1683 cit,
200 1650 267 1684 quia
289 1656 362 1684 aqua
387 1648 416 1676 in
439 1656 513 1683 aqua
536 1656 595 1676 non
620 1648 753 1685 gravitat.
794 1647 906 1677 Idcirco
935 1649 966 1675 in
989 1647 1072 1675 aliam
1101 1654 1238 1680 causam,
1268 1652 1300 1674 ut
1327 1644 1475 1679 vidimus,
1505 1643 1628 1679 inquisi-

108 1699 170 1735 vit,
200 1699 336 1734 illamque
360 1699 471 1728 invenit
491 1700 520 1727 in
551 1706 659 1728 mutata
684 1698 823 1728 densitate
849 1699 975 1734 lagenae.
1024 1697 1087 1727 Hac
1112 1697 1246 1732 inventa,
1273 1702 1301 1725 et
1331 1695 1448 1731 quidem
1479 1694 1625 1730 probabili

109 1757 137 1780 et
161 1751 292 1787 speciosa
316 1750 426 1779 ratione
449 1750 498 1779 vix
523 1751 619 1787 potuit
637 1750 736 1785 aliter,
766 1750 837 1785 quin
867 1749 1069 1785 Hesselingius
1100 1757 1134 1777 eo
1161 1747 1268 1776 fortius
1297 1754 1366 1775 suae
1388 1746 1545 1774 sententiae
1565 1745 1613 1773 ad-

109 1802 252 1836 haereret,
275 1801 355 1836 quod
378 1801 490 1830 scilicet
513 1801 599 1830 ceteri
620 1800 792 1838 Philosophi
809 1809 924 1830 causam
949 1801 1106 1829 descensus
1128 1800 1243 1836 lagenae
1265 1797 1460 1834 quaesiverint
1487 1796 1516 1825 in
1540 1805 1618 1832 aqua

106 1852 137 1883 in
154 1853 284 1888 lagenam
307 1858 468 1889 gravixante
490 1852 600 1890 absque
625 1860 680 1889 eo,
709 1858 752 1891 ut,
773 1853 874 1881 scdulo
899 1851 1105 1889 investigaret,
1130 1858 1166 1879 an
1196 1849 1310 1886 quidem
1336 1849 1375 1877 ita
1404 1847 1511 1876 directe
1533 1855 1622 1884 aquae

1581 1906 1625 1926 111-

129 1980 181 2010 (¹)
198 1986 265 2009 supr·
284 1987 307 2009 ι’·
320 1981 362 2009 42,
376 1984 409 2008 sn·
