1913 2417
697 194 1079 226 ORATIO.
1567 192 1606 225 25

160 299 189 326 ta
209 290 362 336 pluribus
389 286 598 326 cumulanda,
622 287 724 319 donec
745 290 827 319 ratio
853 287 930 330 legis
954 293 1113 331 appareat.
1159 284 1256 327 Quod
1278 285 1364 316 enim
1387 284 1510 329 physici
1528 286 1629 318 facere

161 349 264 382 solent
299 349 333 379 in
364 348 454 378 omni
483 345 542 376 alia
577 345 846 387 investigatione,
876 344 960 375 idem
1005 355 1073 375 non
1105 341 1353 386 vituperandum
1394 349 1441 373 est
1475 346 1630 385 quoniam

159 404 385 446 meteorologia
414 413 481 434 non
516 408 619 445 potest
655 402 737 432 intra
765 401 899 444 parietes
930 400 1136 443 investigari,
1167 399 1221 430 sed
1261 399 1295 429 in
1324 397 1451 441 publica
1481 398 1630 430 observa-

160 464 250 494 tione
280 466 327 491 est
353 460 475 503 posita,
507 470 566 489 nec
595 460 692 489 unius
714 457 794 496 loci,
820 457 880 488 ¹sed
905 457 1072 487 universae
1098 456 1219 487 tell-uris
1241 457 1457 499 experimenta
1482 456 1628 498 requirit,

201 517 372 561 Superiora
397 515 450 546 illa
476 515 502 546 si
533 515 668 546 levitatis
697 521 801 546 essent
832 514 985 551 crimina,
1014 513 1138 543 tametsi
1166 512 1276 543 levitas
1302 512 1336 542 in
1363 512 1503 543 scientiis
1527 511 1630 543 feren-

159 573 199 606 da
222 584 290 605 non
319 579 424 611 esset,
454 578 560 603 tamen
586 571 794 614 praetermitti
815 569 949 601 fortasse
971 570 1160 613 potuissent.
1204 568 1267 600 Sed
1298 568 1443 600 videnter
1466 569 1574 612 potius
1591 579 1632 600 ex

158 629 360 672 locoraliquo
382 628 469 660 haud
497 627 612 659 infimo
637 629 670 658 in
695 627 828 670 physica
853 637 1000 664 manare,
1035 625 1122 657 unde
1145 632 1299 668 perpetuo
1315 625 1525 664 audivimus,
1548 625 1632 667 leges

160 686 254 719 nobis
275 697 342 718 esse
367 686 563 729 propositas,
594 685 669 715 satis
692 683 828 715 valuisse
856 684 1096 725 experimenta,
1130 681 1215 724 leges
1245 692 1333 712 nunc
1358 683 1487 724 requiri.
1533 681 1633 721 Quasi

157 743 319 786 nos‚·qui
342 752 394 773 eas
419 741 575 784 plurimas
597 741 632 771 in
658 740 748 771 aliud
779 747 905 783 tempus
930 738 1052 771 differri
1077 737 1249 775 volumus,
1281 748 1435 780 negemus
1469 737 1557 769 hunc
1581 748 1633 769 es-

158 811 193 832 se
215 799 314 830 finem
339 798 559 841 quaestionis3
582 804 637 828 aut
663 796 796 840 perinde
825 797 916 839 quasi
950 797 984 826 in
1010 795 1101 826 omni
1125 795 1253 837 incepto
1285 805 1359 825 cum
1391 804 1555 825 summum
1583 794 1634 824 ali-

158 856 239 900 quid
271 855 311 886 ad
344 853 576 897 perficiendum
605 857 744 897 proponi
777 852 916 891 debeat,
946 858 1028 884 esset
1060 852 1211 894 sapientis
1240 851 1320 890 viri,
1354 856 1466 893 putare
1491 861 1524 881 se
1552 850 1634 881 illud

154 910 423 956 jamrperfecissm
469 911 564 950 Quod
587 917 693 941 autem
722 910 756 940 hi
782 921 872 941 suam
905 908 1107 952 disciplinam
1135 918 1202 939 non
1220 930 1229 945 ,
1260 907 1343 938 sicut
1367 906 1421 938 alii
1449 907 1633 950 philosophi

155 969 320 1006 fecerunt,
355 978 393 998 ex
425 967 603 998 rationibus
636 967 737 998 animi
767 973 799 998 et
827 965 968 997 veritatis
1001 963 1170 996 defendere
1192 970 1372 1002 conantur,
1403 962 1459 994 sed
1484 964 1635 1007 exemplo

155 1035 216 1057 suo
239 1035 299 1068 pro
322 1024 509 1056 auctoritate
531 1024 578 1054 uti
605 1023 776 1062 videntur,
810 1022 957 1054 dubitare
982 1031 1056 1052 >non
1091 1020 1246 1052 debemus
1278 1020 1359 1062 quin
1386 1020 1431 1050 *iis
1458 1022 1502 1051 sit
1525 1021 1632 1063 potius

155 1080 369 1113 resistendum
408 1081 520 1111 acriter
553 1091 651 1122 quam
682 1081 878 1122 argumentis
907 1076 1155 1109 occurrendum.
1210 1077 1249 1108 In
1282 1087 1321 1108 eo
1352 1082 1459 1108 autem
1490 1075 1634 1108 firmabi-

156 1148 251 1176 mus,
268 1138 506 1179 -si‚-perspecta
532 1137 713 1167 diversitate
743 1142 890 1174 naturae,
929 1133 961 1165 id
986 1133 1083 1164 simul
1115 1132 1339 1170 attendamus,
1373 1143 1503 1164 omnem
1531 1134 1634 1169 varia÷

157 1194 283 1225 tionem
317 1194 353 1224 in
375 1193 502 1224 mundo
526 1193 640 1224 ordine
671 1200 703 1224 et
733 1192 833 1224 veluti
864 1203 921 1235 per
950 1191 1064 1222 seriem
1097 1189 1236 1232 aliquam
1273 1188 1400 1229 inferri,
1430 1196 1466 1220 ut
1491 1191 1634 1233 primunt

155 1251 212 1282 ‘vix
228 1249 410 1281 discrimen
437 1250 599 1281 observari
621 1256 734 1292 queat,
757 1247 873 1280 deinde
900 1253 1075 1290 augeatur,
1108 1255 1139 1277 et
1166 1257 1330 1278 summurn
1355 1246 1484 1278 tandem
1509 1247 1632 1280 evadat.

154 1307 222 1339 Nos
246 1313 352 1338 autem
380 1308 542 1338 cernimus
570 1306 667 1337 modo
699 1312 821 1349 partem
850 1303 990 1347 aliquam
1024 1302 1161 1334 mediam
1196 1303 1231 1334 in
1262 1303 1342 1334 serie
1369 1314 1477 1334 rerum
1495 1326 1505 1342 ,
1542 1306 1635 1347 cujus

147 1370 296 1395 ·extrema
329 1363 452 1398 latent;
483 1362 757 1406 quemadmodum
794 1361 851 1392 illa
888 1362 956 1404 ipsa
995 1360 1146 1391 universa
1184 1359 1234 1390 lex
1271 1361 1468 1391 attractionis
1495 1362 1636 1403 pertinet

126 1409 133 1420 ⁸
153 1421 304 1463 equidem
334 1420 374 1452 ad
399 1420 554 1463 quaedam
583 1419 748 1451 intervalla
776 1418 905 1455 media,
927 1416 1035 1448 deficit
1062 1416 1096 1447 in
1122 1417 1161 1447 iis
1187 1427 1269 1459 quae
1300 1423 1376 1448 sunt
1398 1417 1489 1449 valde
1520 1429 1634 1461 parva}

157 1477 274 1520 quidni
300 1476 432 1508 fortasse
454 1477 487 1508 in
512 1477 550 1508 iis
574 1487 656 1519 quae
680 1475 864 1507 distantiam
890 1473 1109 1515 longissimam
1138 1473 1300 1504 stellarum
1337 1474 1473 1504 fixarum
1501 1486 1635 1517 magno.

159 1543 234 1576 pere
269 1534 480 1576 superarent?
525 1535 695 1564 Geometra
720 1539 827 1563 autem
845 1554 854 1569 ‚
887 1532 915 1562 si
940 1541 1042 1561 unum
1064 1539 1181 1572 agrum
1208 1529 1278 1561 vult
1301 1530 1464 1567 dimetiri,
1497 1531 1634 1573 ,planum

156 1577 446 1631 illum'intelligiu
480 1595 511 1620 et
536 1600 631 1626 vere,
663 1599 723 1632 pro
748 1589 834 1619 illius
861 1585 1102 1629 magnitudine;
1126 1587 1151 1616 si
1182 1597 1258 1617 vero
1281 1592 1379 1616 totam
1407 1587 1590 1628 regionem,
1615 1599 1634 1619 a

152 1645 279 1676 ratione
305 1644 476 1688 planorum
502 1644 732 1676 discedendum
758 1646 872 1675 sentit:
898 1644 940 1673 ita
965 1652 1026 1673 nos
1049 1653 1180 1684 quoque
1211 1643 1359 1684 exiguam
1389 1649 1509 1685 partem
1537 1645 1636 1676 totius

152 1701 261 1742 operis
293 1700 523 1744 designationis
550 1701 792 1744 amplectimur:
827 1706 858 1731 at
887 1699 949 1729 hoc
977 1699 1133 1736 interest,
1166 1698 1255 1740 quod
1285 1705 1447 1740 geometra
1475 1700 1634 1732 rationem

149 1757 255 1787 *totius
283 1764 356 1787 ante
384 1757 565 1800 intelligens
601 1757 641 1788 ad
670 1767 770 1788 novas
793 1756 994 1800 quaestiones
1024 1765 1057 1785 se
1088 1754 1327 1786 accommodare
1353 1762 1482 1797 paratus
1510 1763 1575 1796 est3
1599 1758 1633 1789 in

155 1811 264 1842 studio
288 1819 420 1845 naturae
444 1825 640 1857 quamquam
664 1814 785 1846 nullam
809 1812 901 1844 talem
919 1810 1062 1853 regulam
1090 1810 1265 1849 habemus,
1288 1818 1319 1842 et
1347 1813 1528 1852 varietatem
1550 1814 1634 1844 mul.

154 1872 193 1896 -to
228 1868 380 1910 majorem
414 1870 568 1902 debemus
600 1877 781 1914 exspectare
799 1892 808 1908 ,
840 1876 945 1899 tamen
976 1866 1070 1897 multi
1096 1866 1249 1897 videntur
1279 1867 1374 1898 mal'e
1393 1869 1460 1899 suis
1488 1870 1630 1912 ipsorum

157 1923 323 1954 erroribus
348 1928 518 1963 convinci,
542 1938 640 1970 quam
669 1927 767 1958 ullam
791 1924 919 1956 errandi
943 1923 1143 1954 occasionem
1172 1924 1431 1965 praetermittere.

201 1978 260 2012 111.
293 1982 374 2013 Haec
397 1989 502 2015 autem
533 1993 562 2015 si
594 1984 638 2015 ita
663 1984 749 2023 sint,
774 1988 895 2014 tantine
915 1985 1013 2011 erunt
1036 1978 1167 2011 inventa
1192 1980 1403 2022 aestimanda,
1427 1988 1462 2013 ut
1484 1993 1522 2014 ex
1543 1981 1629 2014 falsis

933 2036 964 2079 D,
1568 2038 1633 2069 dis·
