1913 2417
252 209 288 239 28
410 204 413 205 ⁷
589 205 623 234 Ρ.
697 205 724 240 J.
804 204 832 232 U
873 204 898 232 Y
937 203 962 231 L
1004 205 1026 232 13
1068 204 1097 233 Iz'
1136 203 1156 231 Β
1197 204 1223 232 R.
1263 203 1288 231 O
1330 203 1352 231 E
1394 200 1420 230 K

267 297 350 324 qnam
377 288 406 317 in
431 296 481 316 sua
505 293 661 324 perseveret
683 283 842 320 sententia,
868 291 894 313 et
914 286 998 322 qu'us
1026 295 1079 322 ope
1103 287 1179 314 litem
1205 285 1320 322 penitus
1346 294 1375 313 se
1405 285 1533 314 dirimere
1556 286 1656 314 credit.
1702 280 1763 315 Sci-

267 340 335 369 licet
366 348 399 368 ex
434 340 531 375 quiete
561 346 651 374 aquae
679 336 864 365 consistentis
886 337 998 365 deducit
1027 346 1115 373 aquae
1145 344 1238 373 partes
1268 337 1430 372 superiores
1458 345 1516 365 non
1543 345 1665 372 premere
1696 336 1770 366 infe.

270 392 376 420 riores:
400 391 501 420 etenim
528 390 552 417 si
582 396 676 417 revera
700 386 846 415 inferiores
872 395 886 415 a
908 387 1103 423 superioribus
1127 395 1336 423 premerentur,
1359 396 1391 415 ex
1419 387 1495 423 iilius
1521 388 1632 423 quidem
1656 395 1767 418 senten-

265 442 305 470 tia
328 441 388 470 fieri
411 449 469 469 non
503 447 621 476 posset,
651 438 720 474 quin
743 444 880 474 perpetua
904 439 1017 466 daretur
1037 438 1186 467 circu-latio
1202 458 1212 473 2
1241 446 1396 474 perpetuus
1428 445 1536 467 motus,
1576 439 1768 477 Quemadmo-

264 494 332 522 dum
356 493 429 520 enim
452 499 526 527 aqua
548 491 617 519 vino
641 489 730 518 affusa
751 489 916 524 descendit,
939 498 971 517 co
989 484 1075 525 'quod
1106 489 1226 525 gravitat
1249 498 1334 525 supra
1357 489 1475 524 vinum,
1497 496 1523 516 et
1546 490 1678 518 deorsum
1700 491 1768 519 niti-

267 551 334 578 tur,
357 543 398 571 sic
425 549 470 577 ετ,
493 542 517 570 si
539 548 632 577 partes
655 540 815 576 superiores
837 548 927 575 aquae
956 541 1125 576 gravitarent
1145 540 1173 568 in
1198 539 1365 574 inferiores,
1396 540 1414 568 i.
1442 548 1466 568 e.
1490 541 1622 569 deorsum
1643 541 1765 571 niteren-

269 601 336 629 tur,
360 593 491 622 deberent
519 591 686 619 descendere
709 590 782 619 infra
803 591 890 626 illos;
912 597 938 618 et
963 591 1003 619 sic
1029 592 1142 619 daretur
1165 591 1302 618 continua
1322 591 1484 619 circulatio.

228 637 230 639 ‚
305 645 352 674 Ex
374 644 421 672 his
445 643 559 679 quidem
585 642 654 670 satis
679 641 744 669 fuse
759 642 900 677 expositis
920 648 1055 678 apparet,
1075 642 1229 670 Schottum
1249 649 1380 669 nostrum
1399 650 1432 669 ex
1453 642 1606 678 principiis
1630 642 1691 671 suis
1714 651 1767 680 po-

261 696 328 727 sitis
350 701 449 732 argute
483 702 561 723 suam
592 701 672 729 agere
702 701 836 728 causam,
866 693 933 721 dum
958 693 1059 720 callide
1087 692 1269 721 Archimedis
1306 692 1415 722 dictum
1449 694 1517 730 (ι)
1550 693 1717 728 arripuerit,
1738 699 1767 722 et

263 747 344 783 quati
364 746 579 774 fundamentum
604 743 756 780 posuerit:
778 752 865 779 aquae
884 751 910 772 et
935 744 1046 773 hurni'di
1072 744 1273 780 cujuscunque
1295 750 1400 779 partem
1426 751 1657 779 unamquamque
1676 744 1768 779 premi

260 798 380 827 humido
399 805 484 832 supra
508 804 602 832 1psum
631 796 768 824 existente
793 796 827 823 ad
852 795 1107 831 perpendiculum,
1129 797 1154 823 si
1177 795 1324 824 humidam
1349 796 1387 822 sit
1408 794 1573 823 descendens
1595 795 1626 822 in
1650 794 1767 831 aliquo,

258 855 313 877 aut
338 848 373 876 ab
396 848 454 876 alio
479 847 576 884 aliquo
594 854 746 884 pressasm;
766 847 831 874 dein
855 854 922 874 vero
948 846 1017 883 (2)
1044 845 1259 874 distinctionem
1288 845 1385 873 fecerit
1409 845 1484 872 inter
1511 845 1685 880 pressionem
1715 853 1768 883 ap-

258 899 443 928 titudinalem
469 906 495 926 et
517 898 671 926 actualem.
713 898 814 925 Utrum
840 904 932 925 autem
957 897 1023 924 haec
1055 896 1238 924 fundamenta
1270 895 1348 924 omni
1370 895 1550 923 dubitatione
1580 896 1638 923 sint
1661 896 1769 931 libera,

261 958 289 979 et
308 957 403 978 utrum
425 950 581 977 secundum
605 957 636 977 ca
661 949 714 976 rite
734 954 761 976 et
784 948 909 984 legitime
937 947 1022 976 fuerit
1056 947 1242 975 ratiocinatus
1267 946 1429 981 Schottus‚
1459 955 1521 982 seq.
1546 954 1610 982 cap.
1638 947 1769 983 explora-

257 1003 363 1031 bimus.
404 1000 490 1029 Nunc
515 999 635 1030 ulterius
659 1007 820 1035 pergamus.

299 1053 347 1081 Cl.
373 1051 525 1080 Schottum
548 1050 677 1085 proxime
699 1050 851 1085 sequitur,
881 1049 930 1077 sed
954 1057 1012 1077 non
1035 1048 1100 1076 item
1122 1049 1205 1085 juvat
1229 1048 1349 1077 eximius
1372 1047 1518 1077 Robertus
1541 1048 1684 1084 Boerus‚
1714 1047 1765 1084 qui

257 1104 289 1132 in
311 1102 462 1131 paradoxis
487 1102 549 1130 suis
574 1100 810 1137 Hydrostaticis,
832 1108 989 1136 corumque
1011 1099 1229 1136 Appendicibus
1252 1100 1338 1137 (3),
1361 1108 1420 1129 non
1444 1107 1554 1129 tantum
1572 1099 1687 1128 Schotti
1702 1107 1769 1128 sen-

259 1150 362 1182 tentiae
389 1152 495 1181 bellum
522 1152 627 1187 infert,
650 1153 698 1180 sed
719 1153 801 1180 etiam
825 1159 923 1186 suam,
955 1152 1033 1186 quod
1057 1151 1167 1180 scilicet
1191 1151 1276 1180 fluida
1300 1151 1330 1180 in
1354 1151 1479 1187 propriis
1505 1151 1578 1179 locis
1604 1151 1769 1187 gravitent,

260 1205 329 1233 adeo
353 1204 462 1240 egregie
487 1203 579 1232 tuitus
603 1209 665 1238 est,
696 1209 728 1231 ut
748 1209 818 1239 post
841 1211 924 1238 eum,
952 1211 1003 1239 per
1025 1203 1229 1239 longissimum
1252 1209 1384 1239 tenpus,
1405 1211 1489 1231 nemo
1511 1202 1544 1230 de
1566 1202 1628 1239 ejus
1651 1202 1768 1231 veritate

259 1256 304 1284 vel
326 1255 512 1284 dubitaverit.

296 1306 344 1336 CI.
370 1307 517 1342 Boyleus,
540 1307 590 1342 qui
616 1315 680 1335 cum
708 1306 741 1334 de
765 1306 828 1333 aliis
852 1305 989 1341 Physices
1011 1304 1160 1340 partibus,
1183 1309 1243 1331 tum
1269 1306 1302 1331 de
1326 1305 1532 1338 Hydros-,tanim
1554 1301 1663 1337 egregie
1688 1302 1771 1330 meri-

257 1359 309 1385 ‘tus
340 1362 402 1391 est,
428 1357 457 1385 in
486 1357 640 1386 Paradoxis
665 1357 725 1385 suis
755 1355 969 1392 Hydrostaticis
1001 1355 1094 1388 viam,
1126 1353 1168 1381 uti
1192 1353 1230 1381 ait
1261 1353 1353 1390 (4),
1383 1353 1468 1388 longe
1494 1352 1693 1388 expeditiorem
1723 1361 1770 1383 ex-

260 1407 399 1443 cogitavit
429 1409 590 1444 explicandi
613 1417 671 1437 non
696 1407 782 1435 modo
808 1407 958 1442 plerasque
981 1405 1205 1439 conclusiones,
1234 1405 1268 1432 de
1291 1403 1399 1439 quibus
1432 1403 1505 1430 inter
1533 1403 1637 1431 doctos
1665 1411 1772 1432 conve-

260 1456 375 1491 niebat,
397 1460 556 1496 (quasque
578 1459 626 1488 Cl.
651 1458 818 1487 Paschalius
841 1457 870 1485 in
890 1457 988 1485 libello
1012 1455 1128 1484 Gallico
1144 1455 1204 1491 (5)
1222 1454 1441 1490 experimentis,
1463 1453 1512 1481 sed
1529 1454 1612 1490 longe
1629 1453 1770 1483 diffieilio-

262 1508 364 1542 ribus,
386 1507 454 1536 adeo
477 1517 507 1537 ut
530 1510 592 1546 ejus
617 1510 763 1546 ingenium
781 1510 870 1545 magis
894 1507 1114 1540 commendent,
1135 1513 1220 1541 quam
1245 1504 1366 1541 fraxin,
1388 1504 1590 1541 firmaverat),
1612 1505 1661 1533 scd
1685 1505 1770 1535 ctiam

261 1559 342 1593 illas,
365 1567 436 1594 quas
455 1558 622 1586 Paschalius
640 1569 698 1589 non
721 1566 935 1589 commemorat.

302 1610 425 1638 Videtur
448 1609 545 1645 itaque
578 1609 705 1646 Boyleus
738 1610 878 1639 Paschalii
908 1611 1026 1637 ductum
1063 1608 1092 1637 in
1131 1607 1349 1636 conscribendis
1380 1607 1424 1635 his
1458 1606 1606 1642 paradoxis
1639 1613 1770 1636 secutum

264 1659 379 1695 fuisse,
409 1661 507 1688 saltem
540 1669 592 1696 pro
618 1660 738 1688 maxima
764 1666 865 1695 parte,
896 1659 1003 1695 quippe
1025 1667 1132 1694 paucae
1162 1664 1272 1686 tantum
1297 1657 1415 1686 fuerunt
1444 1657 1585 1686 Paschaiii
1608 1657 1772 1685 concrusio-

265 1718 335 1747 ne5‚
356 1712 390 1740 de
411 1711 518 1748 quibus
543 1711 714 1747 dubitabat;
737 1711 804 1739 dum
827 1716 932 1739 ceteras
956 1717 1021 1737 cum
1040 1708 1192 1745 principiis
1208 1715 1235 1736 et
1254 1707 1365 1744 legibus
1381 1705 1594 1743 Hydrostaticis
1612 1714 1768 1743 congruere

1713 1766 1775 1787 am-

289 1861 303 1889 (
317 1863 342 1890 ι)
364 1862 412 1885 vid.
434 1869 498 1890 prop.
510 1869 533 1890 4-
927 1862 979 1890 (2)
1002 1863 1024 1884 in
1042 1864 1122 1885 coron.
1144 1863 1212 1890 Prop-
1228 1867 1252 1889 5.

292 1903 344 1930 (s)
361 1903 432 1927 editis
454 1906 496 1925 Ao.
514 1903 575 1926 1680.
928 1904 980 1931 (⁴)
1002 1906 1062 1926 conf.
1088 1905 1164 1926 Parad.
1183 1905 1268 1929 Proieg.
1292 1909 1314 1930 p·
1329 1907 1350 1928 3.
1703 1916 1705 1919 .

295 1946 344 1971 (s)
367 1945 468 1967 Libellus
488 1945 526 1966 hic
549 1945 606 1967 duos
631 1949 736 1968 tractatus
761 1945 878 1972 continet,
901 1943 996 1968 alterum
1020 1945 1048 1967 de
1077 1944 1208 1973 nequinbrio
1231 1943 1362 1971 liquorum,
1389 1942 1483 1965 alterum
1507 1942 1535 1964 de
1559 1942 1663 1970 pondere
1687 1945 1771 1965 musto

263 1986 328 2010 neris.
362 1987 430 2009 conf.
448 1985 504 2009 ibid.
525 1991 549 2012 p.
563 1991 585 2009 2.
