1913 2417
293 199 334 228 60
570 196 805 236 jAcossl
862 195 1177 228 HERM-ANt
1233 196 1550 233 PHILIPSE

302 281 367 310 liari
399 282 481 318 jure,
510 282 588 316 quod
619 282 724 316 cuique
754 281 874 310 diversis
903 280 1058 310 Absentiae
1087 281 1266 318 temporibus
1297 285 1482 321 conceditur,
1511 282 1726 322 dijudicandum
1751 287 1818 314 essa

303 333 518 367 existimamus,
540 332 656 367 quinam
684 332 762 360 hisce
785 332 882 361 verbis
903 331 1105 369 designenturg.
1127 333 1254 369 adeoque
1276 333 1349 363 alios
1370 335 1428 364 dici
1453 335 1491 363 las
1510 336 1623 373 parties
1648 336 1820 365 itatercssdcs

301 383 333 412 in
358 390 417 412 art.
437 393 521 418 Νι,
543 383 615 410 alios
641 382 670 410 in
697 388 760 411 art.
781 389 866 418 115„
886 383 960 412 alios
982 383 1104 419 denique
1127 384 1156 412 in
1178 390 1240 412 art.
1260 393 1346 421 123.:
1370 386 1411 414 sic
1436 386 1465 414 in
1483 385 1583 422 primis
1607 394 1640 415 ex
1663 386 1718 421 iis,
1741 393 1819 421 quae

302 433 334 463 in
359 435 432 470 Cap.
450 436 473 463 Ι.
500 433 734 470 disputavimus,
756 433 826 461 satis
846 442 991 469 superque
1012 435 1179 470 apparebit,
1199 436 1405 472 creditoribus,
1428 437 1631 472 similibusque
1656 445 1690 465 ex
1715 425 1819 466 nostra

303 485 440 520 opinione
464 485 513 521 jus
538 492 598 513 non
621 492 704 519 esse,
732 484 951 513 declarationem
975 485 1131 514 Absentiae
1154 486 1266 521 petendi
1283 495 1316 515 ex
1333 494 1395 516 art.
1417 495 1500 523 1153
1523 496 1588 516 cum
1608 487 1739 523 profecto
1759 488 1816 517 hac

302 535 493 563 declaratione
512 544 570 564 non
594 543 668 571 opus
696 535 752 570 sit,
785 541 815 563 ut
840 535 1007 570 quicunque
1038 545 1092 565 suo
1115 537 1178 574 jure
1208 545 1276 565 cum
1299 538 1425 568 Absente
1449 540 1569 575 experiri
1594 539 1703 573 velint,
1731 539 1822 567 liber-

300 586 370 614 rima
395 587 537 623 gaudeant
567 587 680 622 petendi
713 585 865 614 facultate..
914 586 963 615 Sic
988 595 1105 622 quoque
1135 589 1233 616 eodem
1267 589 1335 617 loco
1358 589 1504 625 vidimus,
1534 590 1593 625 iis,
1624 590 1674 625 qui
1703 596 1824 626 propter

300 639 601 673 spern'capessendae
631 637 794 666 hereditatis
827 645 857 665 se
881 637 966 665 bonis
998 638 1135 667 Absentis
1165 640 1333 674 inmiscere,
1361 640 1457 675 iisqne
1490 641 1653 676 prospicere
1686 641 1818 676 vellent,

298 688 489 724 legislatorem
518 689 588 717 hanc
611 695 780 724 potestatem
805 697 863 716 non
890 687 1012 723 fecisse3
1048 690 1184 724 quoniam
1210 692 1261 719 hac
1286 698 1427 719 concessa
1449 692 1539 727 tnagis
1563 690 1692 719 aviditati
1715 697 1742 718 et
1765 699 1824 720 cu·

300 739 426 768 riositati
450 739 582 767 heredum
609 740 785 768 satisfecisse
807 739 968 774 videretur,
990 747 1075 774 quam
1100 741 1193 775 ipsius
1215 743 1372 777 Absentis,
1407 743 1491 778 quus
1514 750 1580 777 prae
1603 742 1706 770 ceteris
1730 742 1826 770 ratio.-

299 798 363 819 nem
385 798 447 818 esse
472 791 626 819 habendam
657 791 797 826 ducebat,
818 791 978 819 commodis
1000 790 1186 827 invigilasset
1215 800 1243 822 at
1267 802 1331 822 curn
1356 799 1451 828 spatio
1472 800 1516 820 sat
1546 793 1635 829 longo
1660 800 1728 829 post
1754 794 1821 822 dis·
1853 792 1858 797 ⁴

302 848 416 869 cessum
446 843 656 877 praeter-lapso,
687 848 777 869 mutet
801 841 975 876 consilium,
1005 841 1164 878 iisdemque
1190 843 1342 872 heredibus
1368 844 1402 872 ab
1428 846 1566 872 intestato
1592 844 1810 885 possessionem

299 898 328 920 et
361 888 635 921 administrationem
667 893 812 921 bonorum
839 893 1035 928 temporariam
1061 894 1217 930 concedat,
1255 896 1327 923 hanc
1351 903 1419 923 vero
1449 895 1471 923 ii
1502 895 1630 923 obtinere
1650 900 1820 932 nequeant,

299 942 357 971 nisi
381 943 462 978 prius
489 944 627 972 Absentia
658 944 782 980 legitime
811 945 947 973 declarata
982 944 1083 980 fuerit3
1115 953 1220 981 sponte
1250 946 1439 982 intelligitur,
1469 946 1570 981 quanti
1605 954 1702 974 eorum
1733 953 1818 975 nunc:

303 992 440 1029 intersit,
469 996 564 1023 omnia
595 995 642 1022 illa
670 995 722 1023 rite
752 996 866 1032 peragi,
896 1004 968 1031 quae
991 990 1197 1032 requiruntur,
1228 1004 1260 1025 ut
1281 997 1314 1025 de
1341 997 1448 1025 incerta
1476 996 1617 1024 Absentis
1639 997 1816 1031 conditione

301 1043 358 1071 sibi
390 1052 556 1078 persuasum
587 1045 687 1074 habeat
714 1046 819 1082 judex,
849 1052 876 1074 et
905 1046 1014 1074 tandem
1041 1047 1210 1076 Absentiam
1241 1054 1423 1082 pronunciet.
1466 1046 1547 1075 Cum·
1565 1046 1655 1083 igitur
1684 1040 1824 1086 heredum

300 1093 339 1122 ab
368 1094 505 1124 intestato
537 1095 644 1124 directe
680 1102 791 1124 tantum
825 1098 961 1125 interesse
996 1097 1144 1136 videatur,
1172 1098 1389 1127 declarationem
1421 1097 1576 1127 Absentiae
1615 1095 1794 1133 pronuntiari
1804 1115 1823 1132 ‚.

302 1144 438 1180 quoniam
464 1151 506 1174 ex‘
520 1153 582 1175 art.
605 1156 670 1176 120.
693 1147 724 1184 j.
746 1155 808 1177 art.
825 1157 895 1185 140,
921 1147 955 1175 hi·
973 1148 1033 1177 soli
1050 1149 1079 1177 in
1103 1150 1312 1185 possessionem
1338 1150 1522 1184 mittuntur„
1536 1148 1645 1184 -reliqui
1671 1156 1739 1180 vero
1765 1147 1820 1177 hac

301 1195 415 1224 demum
439 1197 577 1226 missione
599 1198 747 1234 impetrata
775 1207 826 1227 sua
853 1206 1074 1235 consequuntur
1094 1209 1133 1229 ex·
1154 1208 1214 1230 arc.
1235 1210 1321 1237 223„
1349 1201 1378 1229 in
1405 1200 1505 1236 primis
1528 1200 1554 1228 si
1575 1201 1609 1228 tul
1632 1198 1716 1227 verba
1745 1196 1816 1234 legis

301 1242 457 1283 adtendas,
481 1257 631 1285 expressae
656 1249 828 1285 legislatoris
854 1251 996 1279 voluntati
1022 1252 1112 1288 magis
1141 1260 1292 1281 convenire
1318 1252 1432 1281 vitietur
1452 1251 1596 1280 sententia.
1616 1250 1723 1278 Locrei
1751 1245 1820 1286 (a'd

303 1296 335 1324 b.
363 1296 386 1325 Ι.
411 1307 443 1334 p.
464 1307 551 1335 341.‚
575 1307 602 1328 et
629 1300 854 1338 Spangenbergii
877 1301 945 1336 (ad
966 1308 1026 1330 art.
1046 1310 1109 1337 115.
1134 1305 1168 1331 in
1192 1310 1250 1332 not.
1274 1306 1344 1340 1.),
1375 1304 1424 1339 qui
1447 1302 1518 1344 solis
1539 1301 1690 1330 heredibus
1715 1299 1751 1328 ab
1776 1299 1829 1337 in·

283 1352 414 1377 ·1estato
435 1349 508 1378 hanc
534 1351 701 1386 petitionem
730 1353 904 1380 concedunt.
945 1353 1067 1381 Diseriis
1097 1353 1171 1381 enim
1200 1353 1295 1382 verbis
1323 1356 1406 1382 docet
1435 1360 1494 1381 art.
1514 1362 1605 1387 κα,
1627 1352 1682 1380 hos
1705 1357 1816 1380 tantum

304 1399 470 1428 missionem
493 1401 522 1429 in
547 1403 762 1437 posse÷sioiiem
786 1403 926 1431 bonorum
953 1403 1081 1432 obtinere
1105 1413 1140 1431 οη
1162 1410 1246 1434 ventu
1266 1404 1307 1432 du
1327 1405 1497 1442 sugemem,
1526 1406 1576 1443 qui
1600 1412 1677 1444 aura
1700 1401 1820 1431 ddclard

303 1447 475 1486 I’Abscncc;
494 1459 562 1479 cum
581 1461 614 1480 ex
639 1459 702 1482 ast.
721 1462 781 1489 123.
812 1461 965 1489 appareat,
987 1462 1053 1488 eos,
1085 1454 1136 1489 qui
1161 1463 1194 1483 ex
1216 1462 1386 1488 testamento
1417 1457 1529 1484 heredes
1555 1463 1618 1482 esse
1638 1454 1814 1492 creduntur,

299 1499 348 1536 jus
370 1502 482 1535 petendi
507 1502 582 1531 bona
606 1504 768 1532 hereditaria
795 1511 911 1533 tantum·
935 1504 1080 1539 acquirere
1105 1505 1155 1533 hac
1181 1506 1321 1535 missione
1346 1507 1433 1535 semel
1453 1507 1486 1535 ab
1503 1505 1655 1534 heredibus
1679 1499 1815 1541 legitimis

298 1550 469 1586 impetrata:
501 1553 581 1588 imo,
605 1562 671 1582 cuin
702 1555 729 1582 in
756 1560 818 1582 art.
839 1562 902 1590 123.
938 1555 1153 1590 distinguantur
1175 1555 1214 1584 les
1238 1557 1376 1586 hdrt'tiers
1396 1556 1602 1596 presompfifs,
1630 1562 1657 1583 et
1680 1555 1719 1583 les
1744 1552 1822 1592 par«

304 1603 356 1629 ties
382 1605 564 1640 interessem,
589 1605 608 1634 i.
632 1612 655 1633 e:
683 1613 803 1641 querum
833 1605 976 1639 interest,
997 1606 1157 1634 testamenti
1182 1606 1294 1636 tabulas
1313 1609 1435 1644 aperiri,
1457 1615 1561 1644 sponte
1577 1606 1661 1641 sequi
1683 1605 1816 1640 videtur,

302 1651 384 1680 hisce
411 1662 468 1682 non
493 1657 699 1685 concedendam
725 1664 786 1685 esse
815 1656 981 1684 missionem
1009 1656 1037 1684 in
1068 1658 1284 1692 possessionem
1315 1659 1457 1688 bonorum
1491 1668 1525 1686 en
1557 1663 1641 1687 νει-ια
1667 1655 1706 1683 du
1724 1655 1814 1693 juge·

303 1708 379 1729 mem
403 1703 537 1742 dffinitif
552 1715 585 1735 ex
606 1714 668 1735 art.
689 1716 777 1742 120.‚
805 1708 854 1735 sed
877 1707 913 1734 iis
939 1713 1049 1736 tantum
1072 1707 1122 1744 ius
1148 1708 1216 1737 oriri
1243 1717 1277 1738 ex
1306 1718 1366 1746 quo
1395 1710 1510 1739 heredes
1539 1707 1659 1745 legitimi
1682 1716 1697 1735 a
1719 1707 1815 1744 judice

307 1751 380 1780 hanc
399 1757 566 1785 seutentiam
591 1758 814 1793 impetraverint.

344 1803 382 1830 Et
409 1813 475 1833 sune
495 1809 588 1836 eadem
616 1809 718 1844 petitio
741 1808 892 1837 heredibus
918 1816 951 1836 ex
975 1815 1167 1845 testamento,
1188 1813 1347 1848 ceterisque
1370 1820 1428 1841 non
1451 1812 1521 1840 adeo
1551 1808 1710 1839 necessu-ia
1734 1807 1814 1836 vide·

310 1859 377 1887 tur,
406 1864 470 1884 cum
497 1857 610 1887 heredes
635 1859 753 1895 legitimi
778 1860 968 1888 emolumenta
993 1869 1044 1889 sua
1073 1868 1100 1889 ct
1123 1863 1273 1891 commoda
1297 1863 1371 1891 haud
1393 1862 1476 1892 facile
1500 1863 1537 1890 ita
1562 1860 1716 1898 neglecturi
1738 1860 1816 1894 sint,

307 1910 417 1933 utnon
442 1909 582 1937 continuo
606 1911 700 1939 oblata
731 1911 883 1939 occasione
913 1911 948 1939 ad
975 1912 1044 1940 lianc
1072 1913 1238 1948 petitimem
1265 1922 1427 1948 properent.
1470 1914 1546 1942 Cum
1571 1912 1658 1948 igitur
1683 1910 1812 1950 nondum

305 1953 445 1989 inspectis
469 1961 629 1987 testamenti
654 1961 780 1996 tabulis,
809 1962 958 1990 adinoinvn
985 1963 1090 1991 incerta
1116 1965 1280 2000 conixum-a
1308 1971 1466 1994 ceterorum
1488 1965 1551 2000 jura
1574 1964 1720 1996 nitantur,
1741 1959 1818 1996 opti·

307 2009 352 2032 me
375 2006 447 2035 solis
472 2008 629 2046 heredibus
641 2012 775 2048 legitimis
799 2019 970 2050 potestatem
997 2013 1065 2043 fecit
1087 2014 1233 2051 legislator
1256 2017 1371 2053 pennen
1394 2015 1613 2057 declarationem
1640 2012 1813 2047 Absenti-ae,

1457 2065 1460 2067 “
1787 2066 1821 2092 ut
