1913 2417
329 178 369 209 32
687 175 1473 210 G.C.B.SURINGAR

577 491 966 536 CAPUT
1077 498 1595 539 PRIMUM-⁴

473 609 603 631 FOLIA
631 611 868 635 RECIPIUNT
897 614 1103 645 LIQUORES
1129 617 1203 638 PER
1230 616 1412 640 RADICES
1441 617 1689 642 ABSORPTOS.

1027 737 1058 773 §-
1100 747 1126 769 1.

562 807 616 837 Ad
624 809 705 846 folia
719 811 894 848 perveniunt
914 812 1075 850 alimenta,
1104 824 1119 843 e,
1139 820 1224 843 terra
1243 815 1378 845 radicum
1397 820 1446 853 ope
1464 814 1610 854 absorpta.

364 856 489 924 Prima
514 895 654 928 foliorum
683 899 798 929 functio
824 901 853 929 in
874 910 907 931 eo
935 903 989 931 sita
1009 909 1074 939 est,
1103 904 1183 939 quod
1204 904 1342 940 recipiant
1360 904 1488 940 liquores
1511 911 1561 940 per
1586 902 1693 931 radices
1718 901 1838 939 absorp-
1866 913 1869 917 ¹
1909 915 1913 918 ·

328 949 397 980 ²0⁵3
420 946 546 982 liquores
564 956 681 985 nempe,
702 950 784 985 quia
804 952 930 981 radicum
958 953 1072 982 fibrillis
1096 962 1111 982 e
1133 956 1205 983 terra
1228 955 1452 991 suscipiuntur,
1474 955 1541 983 hinc
1564 962 1613 990 per
1631 953 1765 982 fibrarum
1788 953 1841 990 lig-

329 1002 445 1035 nearum
470 999 581 1028 canales
607 1000 830 1030 in1e1·ce11ulares
857 1003 926 1040 (1)
947 1004 1037 1034 caulis
1061 1005 1259 1035 adscendentis
1278 1005 1410 1034 feruntur
1430 1006 1465 1034 ad
1489 1004 1582 1042 folia,
1605 1011 1632 1033 et
1655 1004 1751 1034 omnia
1773 1013 1843 1034 vasa.

323 1045 423 1074 sceleti
447 1046 584 1079 foliorum
607 1059 764 1088 permeant.

366 1096 444 1126 Haec
467 1100 538 1128 mihi
563 1109 650 1138 seqq.
674 1104 875 1140 experimentis
899 1105 969 1135 satis
991 1106 1106 1143 probari
1124 1108 1267 1138 videntur.

369 1155 398 1178 1.
427 1149 510 1180 Folia
536 1155 760 1192 marcescentia,
781 1156 879 1192 planta
908 1157 1067 1194 esuriente,
1087 1167 1156 1189 mox
1177 1159 1303 1197 iterum,
1324 1160 1350 1189 si
1370 1160 1477 1190 radices
1499 1160 1622 1197 bibant,
1643 1165 1670 1189 et
1687 1159 1841 1197 copiosum

321 1199 396 1229 satis
420 1201 587 1232 alimentum
610 1206 772 1243 attrahant,
794 1214 958 1237 recreantur
981 1209 1063 1247 (2).

363 1259 396 1281 α.
427 1253 526 1284 Planta
541 1254 679 1286 frondosa
701 1266 829 1295 magnam
854 1267 943 1296 aquae
961 1262 1073 1299 copiam
1090 1262 1228 1298 attrahit,
1249 1270 1333 1299 quam
1348 1263 1454 1307 altera,
1478 1263 1559 1293 foliis
1581 1263 1697 1298 orbata,
1729 1259 1842 1290 renuit:

328 1303 434 1339 succi,
465 1313 515 1340 per
538 1307 649 1335 caulem
674 1310 767 1346 moti,
793 1311 925 1341 celeritas
949 1313 1054 1342 crescit
1083 1321 1149 1342 cum
1171 1319 1279 1351 aucto,
1299 1314 1438 1344 decrescit
1458 1323 1524 1344 cum
1544 1314 1687 1344 diminuto
1703 1311 1843 1341 foliorum

324 1358 445 1382 numero
471 1355 488 1394 (
497 1357 550 1394 3),

368 1411 397 1438 3·
425 1404 504 1436 Haec
533 1410 694 1445 probantur
714 1421 768 1450 eo,
797 1417 895 1452 quod,
916 1417 942 1446 si
963 1418 1043 1447 rade
1064 1419 1178 1455 plantae
1200 1419 1366 1457 imponatur
1387 1426 1497 1456 aquae,
1522 1418 1671 1448 stimulum
1693 1414 1844 1445 inimicum

328 1453 511 1493 continenti,
535 1466 567 1488 ut
587 1469 617 1490 v.
643 1471 670 1491 c.
695 1472 784 1500 aquae
810 1467 901 1496 nimio
926 1469 1009 1498 acido
1037 1470 1194 1499 carbonico
1220 1472 1450 1508 impraegnatae‚
1481 1478 1548 1500 mox
1572 1468 1645 1498 folia
1667 1467 1843 1502 moriantur,

329 1510 491 1542 corumque
516 1511 640 1542 sceletus
665 1514 748 1552 nigro
769 1518 866 1547 colore
881 1519 993 1548 tinctus
1006 1540 1016 1555 ‚
1038 1521 1143 1556 apertis
1164 1521 1265 1558 foliis,
1285 1523 1518 1559 deprehendatur.

367 1564 400 1592 4,
428 1558 473 1587 De
486 1560 532 1588 his
550 1570 682 1593 constare
699 1573 795 1602 potest
816 1570 936 1607 egregiis
954 1571 1060 1599 summi
1075 1572 1196 1601 Bonneti
1211 1573 1429 1609 experimentis,
1451 1573 1504 1602 viri
1523 1572 1650 1609 insignes
1668 1567 1846 1607 posteritatis

329 1606 452 1644 lau(1³⁴5,
472 1617 533 1640 tum
550 1612 606 1641 fide
621 1617 877 1651 experimentorum
889 1642 899 1657 ,
915 1628 975 1649 tum
991 1622 1206 1652 ratiociniorum
1226 1624 1352 1652 utilitate
1367 1631 1395 1653 et
1411 1623 1543 1652 acumine
1558 1622 1650 1651 meriti
1665 1621 1704 1656 (4
1715 1622 1746 1657 ):
1766 1620 1846 1655 plan-

329 1661 360 1685 ta
387 1659 511 1693 primum
528 1663 707 1702 includatur,
730 1671 888 1700 secundum
905 1672 992 1709 hujus
1009 1673 1062 1701 viri
1083 1674 1129 1703 Cl.
1151 1675 1340 1710 methodum,
1366 1675 1434 1703 loco
1457 1673 1603 1707 obscuro,
1625 1677 1658 1699 ut
1678 1671 1761 1700 color
1782 1671 1843 1707 ejus

332 1707 432 1738 viridis
455 1712 616 1750 dispareat,
637 1717 702 1746 dein
726 1719 900 1751 immittatur
924 1730 1052 1759 tempore
1068 1725 1174 1753 diurno
1198 1726 1226 1753 in
1241 1725 1383 1761 liquorem
1400 1724 1548 1760 quemdam
1568 1723 1635 1759 (5)
1660 1722 1842 1756 coloratum,

333 1764 352 1784 e
380 1757 476 1790 Rubia
509 1763 689 1804 tinctorum,
716 1778 752 1799 ex
774 1777 949 1811 atramento,
968 1776 1014 1804 vel
1038 1776 1183 1805 similibus
1205 1783 1354 1813 paratum,
1381 1781 1450 1813 post
1472 1774 1591 1811 aliquod
1616 1780 1729 1809 tempus
1751 1772 1842 1801 caulis

1817 1828 1846 1852 et

353 1895 410 1925 (¹)
429 1899 482 1923 Vld.
503 1902 583 1924 Kt‘uer
605 1906 621 1929 ἱ.
642 1914 661 1930 c.
680 1916 729 1937 pag.
743 1917 801 1940 ²4³,
820 1913 868 1939 267.
992 1915 1044 1946 (ι)
1065 1916 1118 1940 Vid,
1139 1916 1320 1943 Moldmhamr,
1341 1916 1439 1939 Βίωνι».
1459 1915 1520 1939 laud.
1543 1918 1641 1944 pagna·

344 1936 400 1965 (3)
420 1941 471 1964 Vid.
494 1943 657 1967 Moldenhawcr
678 1949 694 1972 Ι,
713 1956 731 1972 e,
990 1956 1044 1984 (4)
1067 1957 1186 1985 Sprengel,
1206 1957 1270 1979 Hirr.
1291 1957 1335 1977 Rn·
1357 1957 1426 1977 llerb.
1450 1958 1476 1979 T.
1490 1957 1517 1979 Π.
1539 1963 1591 1985 pag·
1604 1962 1656 1983 403·

346 1975 405 2005 (5)
429 1983 464 2003 Ad
485 1984 528 2005 hoc
552 1989 731 2014 experimentum
751 1991 912 2018 instituendum
931 1996 1033 2025 liquores
1057 1999 1152 2021 colorati
1171 1999 1314 2026 requiruntur
1337 1998 1465 2024 tenuiores,
1492 2003 1562 2025 quum
1585 1997 1712 2027 pmlculne
1737 1995 1841 2021 coloru-

316 2021 368 2046 (ἐς,
389 2024 414 2041 ut
433 2021 464 2045 lta
484 2024 574 2055 dicam,
593 2035 683 2058 semper
701 2033 797 2062 alicujus
816 2035 862 2058 sint
885 2038 969 2067 nour,
988 2044 1012 2061 et
1031 2039 1100 2063 caulis
1121 2045 1175 2062 vua
1197 2039 1300 2067 alioquin
1319 2038 1417 2063 transire
1435 2044 1554 2067 nequent.
