1913 2417
274 201 317 231 '22
726 196 755 231 J.
819 197 856 232 Ρ.
921 198 959 230 Ε.
1023 195 1290 231 VOUTE

270 296 364 328 sent,
404 294 510 321 tamen
543 289 740 331 computatio
767 290 875 321 eadem
911 296 1076 327 maneret,
1118 290 1290 333 omniaque
1310 295 1427 323 essent
1461 300 1560 333 aeque
1589 296 1626 322 ut
1658 300 1749 323 nune

273 346 400 389 cognita
435 357 453 377 a
487 346 581 378 nobis
610 353 642 377 et
668 347 803 389 provisa.
867 346 932 385 Qui
953 346 1052 389 igitur
1084 354 1191 378 motus
1224 345 1451 389 particularum
1477 357 1534 390 per
1563 347 1646 378 vires
1674 358 1748 379 vere

268 402 424 445 explicare
450 401 585 439 volunt,
608 402 640 433 id
666 401 727 433 sibi
744 401 940 444 suscipiunt,
963 408 1000 433 ut
1022 403 1292 445 comparationem
1316 402 1455 445 aliquam
1476 403 1673 445 spatiorum,
1697 413 1747 434 ce-

273 459 431 490 leritatum
456 464 488 489 et
509 459 724 500 quantitatum
749 458 847 495 (haec
879 468 994 501 nempe
1022 459 1088 490 sola
1121 466 1196 490 sunt
1226 460 1261 490 in
1290 459 1431 490 motibus
1449 483 1458 498 ‚
1490 470 1548 490 nec
1583 465 1743 501 praeterea

277 517 481 558 quicquam)
520 515 548 545 si
583 525 649 545 non
686 514 940 545 mathematicam
961 537 969 552 ‚
1007 521 1039 545 at
1070 526 1281 546 numerorum
1309 522 1455 546 accurata
1489 515 1594 557 aliqua
1623 515 1748 546 ratione

275 581 456 614 expressam
471 593 479 607 ‚
508 569 696 612 proferrent.
744 573 849 610 Quam
878 571 906 601 si
933 571 1098 602 ostendere
1124 578 1278 614 possunt,
1303 578 1372 602 tum
1395 573 1435 602 iis
1460 573 1501 602 sit
1527 571 1651 602 licitum
1671 581 1750 614 pro·

274 628 357 659 fiteri
391 637 425 657 se
458 625 581 668 aliquid
615 638 670 669 per
707 628 790 658 vires
818 627 999 670 explicasse.
1053 628 1108 658 Sin
1143 627 1221 658 haec
1247 639 1314 659 non
1343 628 1419 659 satis
1453 627 1557 658 adhuc
1583 633 1748 664 constant3

273 682 355 714 nihil
380 681 549 725 proficient
571 682 759 714 adhibentes
786 694 869 714 nova
895 682 1012 721 verbag
1037 684 1129 726 quasi
1161 687 1195 715 in
1219 695 1259 714 eo
1283 683 1379 715 fuerit
1404 684 1474 714 laus
1498 684 1663 722 Newtoni‚
1694 688 1749 713 aut

271 738 352 770 illud
378 739 418 770 sit
438 739 508 780 ejus
533 740 700 782 proprium
725 740 914 777 inventum,
937 739 1025 782 quod
1050 747 1175 771 motum
1197 739 1357 783 quendam
1384 730 1565 772 caelestium
1588 739 1748 770 attractio-

272 805 347 826 nem
369 794 591 838 appellaverit,
622 806 690 827 non
722 796 811 839 quod
835 802 960 827 motum
991 797 1166 839 cujusque,
1195 796 1271 828 dato
1294 796 1462 828 intervallo
1485 803 1517 828 et
1547 806 1670 834 massa,
1702 805 1748 827 as-

271 852 397 894 signare
426 851 581 883 docuerit.

315 909 362 938 De
388 907 506 950 legibus
526 915 679 945 naturae,
705 907 824 950 quibus
848 915 915 939 erat
941 908 1019 939 alter
1052 908 1142 940 locus
1174 911 1208 941 in
1241 911 1298 942 hac
1325 908 1511 953 quaestione
1541 908 1751 946 constitutus,

273 974 340 995 non
366 963 470 994 adhuc
491 964 620 994 videtur
654 964 735 995 illud
760 964 882 1006 judicio
912 965 1058 995 omnium
1086 965 1255 1008 probatum
1281 977 1366 1005 esse,
1399 972 1435 997 ut
1458 976 1524 1008 quo
1546 965 1638 1008 plura
1661 975 1749 996 com·

273 1019 469 1063 prehendere
500 1019 661 1059 debeant,
691 1031 731 1051 eo
763 1021 824 1062 ipsi
859 1027 986 1063 oportet
1025 1021 1178 1053 tardiores
1212 1025 1312 1053 simus
1346 1022 1386 1053 ad
1420 1033 1472 1053 eas
1499 1021 1749 1053 constituendas.

273 1082 336 1116 At,
359 1075 517 1118 siquidem
548 1075 649 1117 ipsius
672 1082 802 1106 naturae
828 1082 1011 1107 constantes
1035 1083 1066 1107 et
1095 1077 1275 1120 aequabiles
1303 1079 1540 1121 progressiones
1562 1078 1667 1109 studia
1691 1088 1750 1108 no-

271 1139 335 1165 stra
368 1131 408 1162 ad
436 1130 519 1173 leges
550 1131 756 1174 requirendas
791 1132 924 1163 incitant
943 1155 953 1172 ,
992 1132 1089 1164 simul
1122 1145 1253 1177 quoque
1292 1134 1526 1176 exspectatione
1569 1144 1679 1165 earum
1713 1133 1751 1166 in

270 1198 400 1220 omnem
428 1197 570 1218 errorem
596 1187 791 1220 inducimur.
838 1190 924 1220 Cum
955 1189 1042 1219 enim
1066 1189 1100 1220 in
1118 1188 1224 1232 aliqua
1245 1200 1280 1222 re
1302 1190 1417 1222 ordine
1439 1191 1549 1221 omnia
1576 1189 1647 1221 fieri
1670 1200 1749 1221 con—

271 1251 353 1282 stat,
381 1250 543 1287 perspecta
574 1245 696 1275 ratione
733 1256 797 1287 qua
831 1255 868 1276 ex
907 1244 976 1276 aliis
1016 1244 1075 1275 alia
1106 1252 1275 1278 nectantur
1294 1270 1303 1284 ,
1336 1247 1512 1289 poterimus
1539 1256 1578 1277 ex
1603 1246 1643 1277 iis
1666 1256 1750 1289 quae

270 1301 454 1339 cernimus,
479 1300 518 1331 de
545 1302 676 1332 caeteris
702 1311 810 1332 veram
836 1302 1052 1344 conjecturam
1077 1300 1178 1332 facere
1197 1324 1208 1340 ‚
1240 1301 1405 1344 multaque
1432 1301 1592 1334 affirmare
1615 1308 1648 1333 et
1672 1313 1749 1345 pro·

271 1359 391 1401 spicere
414 1367 527 1388 eorum
554 1367 635 1399 quae
660 1367 820 1400 nusquam
847 1357 1042 1400 deprehensa
1069 1360 1156 1397 sint,
1189 1357 1240 1390 vel
1275 1358 1422 1390 nondum
1457 1360 1642 1398 evenerint;
1672 1358 1749 1390 haec

273 1415 384 1446 omnia
410 1424 474 1445 una
500 1412 711 1455 explicatione
734 1413 784 1444 vel
811 1413 878 1456 lege
903 1414 1080 1447 continere.

315 1471 426 1514 Itaque
459 1480 533 1500 cum
563 1470 597 1500 in
624 1470 817 1500 astronomia
840 1478 1000 1512 repertum
1035 1471 1076 1501 sit
1110 1470 1218 1501 omnia
1254 1470 1296 1502 ita
1324 1471 1464 1508 moveri,
1495 1477 1534 1503 ut
1563 1471 1604 1503 sit
1637 1469 1748 1502 celeri-

274 1533 377 1557 tatum
403 1533 434 1557 et
460 1525 701 1556 intervallorum
738 1527 920 1557 communis
954 1527 1058 1569 aliqua
1086 1533 1117 1557 et
1157 1533 1239 1558 certa
1265 1528 1345 1558 ratio
1363 1549 1373 1566 ,
1405 1528 1445 1559 ad
1474 1539 1565 1566 eam,
1597 1533 1750 1570 tanquam

272 1583 311 1613 ad
337 1581 477 1625 regulam
503 1588 557 1612 aut
583 1581 682 1623 legem
701 1605 709 1618 ,
744 1584 852 1612 omnia
877 1583 1074 1621 reseruntur,
1108 1590 1164 1620 ut,
1199 1583 1225 1613 si
1248 1589 1404 1614 statuatur
1436 1583 1567 1626 aliquod
1599 1582 1748 1614 interval·

271 1638 362 1676 lum,
386 1648 452 1668 non
477 1637 677 1676 dubitemus,
700 1640 780 1680 quin
807 1645 914 1669 motus
938 1640 978 1670 sit
1004 1639 1073 1670 talis
1098 1639 1244 1677 futurus,
1270 1639 1397 1682 qualern
1424 1640 1506 1671 ratio
1524 1641 1633 1682 exigit.
1679 1642 1747 1671 1100

274 1700 378 1725 autem
409 1696 449 1724 sit
480 1694 663 1736 exemplum
697 1694 850 1736 perfectae
881 1695 985 1738 legis3
1015 1696 1097 1726 ratio
1125 1695 1314 1738 perficiendi
1334 1695 1469 1738 intelligi
1491 1701 1595 1738 potest
1617 1706 1656 1726 ex
1681 1705 1744 1727 nu·

275 1751 415 1792 perrimo
447 1750 605 1793 exemplo.
664 1751 830 1792 llugenius
857 1762 938 1793 quae
965 1753 997 1782 in
1026 1752 1160 1783 transitu
1186 1751 1316 1783 luminis
1344 1763 1400 1796 per
1423 1751 1608 1794 crystallum
1646 1751 1745 1783 lslan·

279 1806 388 1837 dicum
411 1816 525 1847 magna
551 1807 715 1849 diligentia
745 1805 983 1843 observaverat,
1006 1819 1041 1838 ea
1067 1815 1234 1851 postquam
1257 1808 1386 1840 calculis
1406 1808 1608 1850 subjecisset,
1633 1811 1744 1841 omnia

279 1875 344 1896 uua
373 1861 508 1893 formula
534 1862 701 1893 conclusit.
748 1866 836 1902 Quae
855 1864 986 1905 quidem
1014 1863 1102 1895 libris
1128 1866 1197 1906 ejus
1223 1868 1339 1896 inserta
1360 1876 1426 1896 non
1452 1866 1548 1896 nimis
1572 1871 1647 1896 nota
1665 1865 1742 1905 fuit,

277 1931 362 1960 cum,
387 1917 436 1948 his
463 1919 570 1960 paucis
595 1919 687 1948 annis
713 1920 852 1961 primum
875 1927 1025 1951 renovata
1049 1927 1115 1958 est,
1147 1921 1235 1964 quod
1262 1932 1330 1952 cam
1356 1921 1531 1952 Wollaston
1564 1928 1596 1952 et
1632 1923 1743 1954 Malus!

278 1975 502 2021 judicaverunt
521 1973 561 2005 ad
574 1973 649 2005 alias
668 1975 831 2017 crystallos
849 1977 1020 2020 pertinere,
1044 1988 1097 2017 ac,
1121 1979 1248 2010 mutatis
1267 1978 1408 2009 numeris
1426 1987 1486 2020 pro
1501 1985 1616 2010 natura
1631 1980 1740 2021 cujus·

1663 2045 1743 2077 que.
