1913 2417
253 170 634 205 COMMENTATIO
662 179 715 201 AD
746 167 1119 209 QUAESTIONEM
1143 166 1433 206 JURIDICAM.
1567 174 1603 204 39

84 259 163 291 libus
189 265 281 294 petere
304 256 370 285 licet
391 256 499 293 jurium
527 263 611 283 usum
640 253 860 289 temporarium,
883 261 955 288 quae
975 251 1163 286 habuissent,
1185 251 1210 280 si
1232 251 1266 279 de
1287 249 1426 279 Absentis
1447 255 1537 277 morte
1561 248 1597 278 ab

85 311 169 341 initio
193 314 363 342 constaret3
385 313 412 335 et
435 307 575 335 hactenus
597 305 683 334 nobis
707 312 824 339 quoque
845 304 907 341 ejus
935 303 1074 332 sententia
1096 303 1190 332 verior
1214 301 1374 335 videretur,
1397 300 1472 335 nisi,
1495 307 1526 328 ut
1553 308 1601 328 su·

87 371 138 400 pra
159 361 303 393 vidimus,
332 358 380 394 jus
409 357 506 385 utendi
531 355 644 384 fruendi
672 355 758 383 simul
781 363 846 382 cum
871 355 960 391 patria
984 360 1127 391 potestate
1148 354 1184 383 ad
1208 359 1323 382 matrem
1350 353 1406 390 jam
1432 351 1606 380 translatum

87 413 180 449 foret,
203 412 330 446 adeoque
356 408 412 436 tale
434 407 588 450 temedium
610 412 685 436 esset
705 414 959 443 supervacaneum.

797 484 827 520 §-
869 491 898 520 3·

121 565 152 595 Si
180 573 248 595 vero
279 568 367 592 mater
395 570 429 591 eo
461 570 628 597 momento,
660 569 720 597 quo
750 566 831 597 pater
866 559 1000 589 familiam
1025 558 1155 595 reliquit,
1190 559 1247 596 jam
1276 557 1401 592 obierat,
1428 561 1477 584 aut
1505 560 1606 592 postea

87 624 153 647 ante
177 616 343 645 declaratam
367 613 536 643 Absentiam
561 613 700 648 moritur,
721 612 776 641 alio
802 612 889 640 modo
910 611 1020 640 interim
1040 619 1125 639 curae
1142 610 1297 638 liberorum
1318 607 1526 637 consulendum
1547 613 1601 635 est.

126 669 182 697 Sex
212 667 300 703 igitur
330 665 480 694 mensibus
509 663 708 700 praeterlapsis
732 663 797 692 inde
821 672 836 692 a
862 670 1010 698 tempore,
1030 666 1100 697 {quo
1133 661 1203 689 abiit
1229 667 1327 696 pater,
1355 665 1382 686 et
1413 667 1492 694 quo,
1521 664 1608 686 matre

89 726 170 749 antea
200 718 256 755 jam
292 716 447 751 defuncta,
485 716 527 744 sic
559 716 712 750 utriusque
737 715 845 744 auxilio
871 715 1066 742 destituuntur
1092 710 1176 740 liberi
1204 711 1350 745 minores,
1380 716 1427 738 aut
1464 709 1488 737 si
1521 715 1609 737 mater

87 776 189 806 postea
212 768 284 796 diem
309 775 475 803 supremum
501 766 605 794 obierit
626 773 690 794 ante
712 766 879 807 declaratam
903 764 1096 798 Absentiam,
1118 763 1214 791 statim
1240 762 1397 790 liberorum
1423 768 1490 788 cura
1507 768 1520 787 a
1538 768 1609 788 con-

88 821 159 849 eilio
190 819 312 848 familiae
340 818 526 846 demandatur
551 816 689 854 proximis
720 825 753 845 ex
779 815 1039 849 adscendentibus,
1065 814 1168 849 hisque
1200 812 1399 841 deficientibus
1432 812 1606 846 temporario

86 870 188 900 tutori.
242 870 319 899 Cum
352 869 425 897 enim
454 874 555 897 neuter
589 874 736 904 parentum
770 868 868 896 liberis
898 861 1062 903 p‘rospicere
1088 865 1200 900 possit,
1229 872 1280 892 nec
1304 862 1438 898 cuiquam
1465 863 1548 890 etiam
1573 869 1607 889 ex

87 921 327 952 adscendentibus
350 920 441 957 patria
465 926 609 957 potestate
634 919 663 948 in
687 925 807 955 nepotes
834 918 917 955 fungi
941 917 1024 946 liceat
1042 916 1110 953 Jure
1136 915 1295 949 hodierno,
1316 913 1360 942 uti
1379 914 1448 949 Jure
1472 912 1606 941 Romano

89 973 236 1008 absumit,
264 972 343 1001 nulla
375 970 508 1007 profecto
537 971 648 999 ratione
679 970 781 998 melius
813 969 911 997 libetis
942 967 1105 996 minoribus
1129 966 1293 1002 prospicere
1315 963 1413 1001 potuit
1440 964 1607 1001 legislator,

89 1033 173 1060 quarn
200 1024 300 1052 iisdem
326 1023 458 1059 personis
486 1022 644 1051 liberorum
674 1021 743 1049 curii
768 1020 977 1053 demandanda,
1007 1018 1076 1053 qui,
1108 1023 1232 1052 utroque
1254 1022 1370 1052 parente
1392 1015 1549 1049 defuncto,
1570 1013 1605 1042 ad

88 1075 205 1103 tutelam
223 1080 416 1103 vocarentur:
441 1079 467 1101 et
493 1073 643 1109 sicigitur
667 1080 763 1108 primo
789 1072 855 1099 loco
879 1070 998 1098 veniunt
1015 1069 1219 1097 adscendentes
1237 1066 1378 1102 proximi,
1402 1066 1447 1094 his
1466 1073 1534 1093 vero
1559 1065 1607 1093 de-

88 1124 254 1154 ficientibus
276 1125 361 1153 alium
384 1123 526 1152 constitui
546 1124 654 1161 jubet,
681 1122 729 1158 qui
753 1121 878 1150 coneilio
912 1120 1036 1149 familiae
1064 1119 1221 1147 secundum
1249 1123 1312 1146 art.
1335 1123 1411 1153 405,
1436 1125 1497 1154 sqq.
1524 1124 1606 1145 com-

89 1175 289 1211 mendabitur,
311 1181 338 1203 et
363 1174 431 1203 huic
454 1175 565 1203 muneri
590 1174 710 1203 idoneus
734 1173 896 1201 videbitur.-

128 1226 274 1256 Peculiare
302 1232 394 1253 autem
419 1232 461 1254 cst
486 1226 516 1254 in
546 1226 598 1254 hac
628 1233 694 1254 cura
720 1225 873 1252 liberorum
897 1221 1009 1251 interim
1035 1220 1276 1249 adscendentibus
1300 1218 1486 1254 demandata,
1507 1226 1565 1247 cam
1591 1226 1616 1247 a-

92 1277 220 1307 concilio
235 1276 360 1305 familiae
376 1276 412 1304 iis
436 1277 555 1305 concedi
580 1276 700 1311 debere,
722 1283 788 1303 cum
810 1273 976 1309 ceteroquin
1001 1273 1066 1308 ipso
1089 1272 1154 1308 jure
1179 1272 1295 1298 tutelam
1320 1270 1464 1306 accipiunt
1487 1278 1520 1297 ex
1546 1274 1608 1298 art.

87 1325 159 1363 ¹402.
195 1328 291 1365 Cujus
313 1328 351 1355 rei
368 1327 504 1356 rationem
522 1329 594 1364 petit
617 1327 840 1357 Delvincurtius
863 1333 897 1354 ex
918 1333 970 1360 eo,
994 1324 1072 1359 quod
1090 1331 1179 1358 quum
1199 1329 1265 1351 ante
1280 1323 1417 1351 Codicem
1437 1321 1608 1349 hodiernum

44 1415 48 1417 Α
81 1379 215 1422 Δἱειᾶἰῑὶιιηι
241 1379 474 1408 adscendentium
499 1380 588 1408 tutela
610 1380 641 1409 in
667 1387 723 1407 usu
748 1386 807 1407 non
830 1376 935 1412 fuerit,
965 1375 1007 1404 sic
1035 1375 1064 1403 in
1090 1374 1238 1403 condenda
1261 1374 1314 1402 hac
1336 1381 1414 1403 nova
1435 1372 1470 1400 de
1493 1372 1609 1400 Absen-

87 1430 170 1459 tibus·
200 1430 330 1459 doctrina
357 1429 434 1459 forte
461 1431 590 1460 nondum
615 1429 780 1459 constiterit
807 1428 875 1456 huic
900 1427 1004 1455 tutelae
1027 1426 1124 1454 locum
1152 1424 1234 1459 fore,
1265 1430 1295 1451 et·
1315 1423 1348 1452 de
1374 1430 1437 1451 art.
1456 1432 1519 1458 142.
1542 1422 1606 1450 dein

86 1480 267 1510 immutando
297 1489 380 1509 nemo
407 1481 482 1509 forte
514 1481 695 1518 cogitaverit.
743 1480 784 1508 At
813 1479 899 1507 nobis
929 1477 1112 1514 probabilius
1137 1475 1252 1504 videtur
1274 1475 1330 1503 hoc
1361 1473 1512 1502 discrimen
1541 1472 1608 1500 inde

90 1531 230 1566 derivari,
259 1531 359 1567 quod,
388 1531 432 1559 uti
462 1531 530 1560 vivo
557 1534 659 1560 marito
682 1540 754 1559 uxor
784 1529 939 1565 legitimam
963 1529 1079 1556 tutelam
1111 1527 1237 1555 nondum
1262 1525 1392 1559 obtinet,
1421 1524 1463 1552 sic
1483 1524 1520 1552 ob
1542 1531 1613 1551 ean--

83 1581 152 1619 ,dem
176 1579 311 1608 rationem
338 1581 445 1609 nemini
468 1590 504 1610 ex
522 1582 762 1610 adscendentibus
784 1580 875 1608 tutela
899 1579 954 1607 rite
983 1578 1095 1615 injungi
1119 1578 1234 1613 possit,
1257 1576 1384 1604 nondum
1412 1575 1526 1610 impleta
1551 1574 1611 1611 pri-

92 1638 139 1660 ma
162 1629 318 1659 Absentiae
340 1628 478 1666 period03
509 1635 537 1659 et
567 1631 678 1659 demum
703 1637 772 1667 post
796 1630 962 1659 declaratam
988 1625 1189 1663 Absentiarn‚'
1205 1627 1254 1656 ubi
1279 1627 1374 1655 onmia
1399 1626 1538 1654 Absentis
1561 1635 1609 1655 ne-

93 1681 173 1720 gotia
196 1682 234 1709 ita
257 1679 442 1715 ordinantur,
475 1689 507 1709 ac
532 1683 556 1710 si
579 1683 613 1711 de
638 1683 699 1719 ejus
726 1682 808 1712 obitu
836 1687 998 1716 constaret,
1027 1680 1170 1716 legitimae
1194 1679 1298 1707 tutelae
1323 1679 1419 1706 locum
1443 1685 1504 1705 esse
1526 1683 1610 1713 puta-

93 1741 178 1768 mus,
199 1739 232 1760 ut
257 1738 327 1760 tunc
354 1732 555 1762 adscendentes
573 1733 682 1769 absque
707 1733 764 1762 ulla
787 1733 959 1762 auctoritate
979 1731 1096 1760 concilii
1120 1730 1245 1759 familiae
1268 1729 1385 1757 tutelam
1409 1728 1607 1763 temporariam

93 1783 299 1821 (provisoirc)
325 1791 420 1819 gerere
440 1784 592 1820 incipiant.
632 1784 674 1813 Ut
695 1786 732 1813 ita
755 1784 910 1813 sentiamus
933 1783 1003 1812 facit
1019 1782 1152 1819 inprimis
1176 1782 1237 1817 ipse
1260 1787 1355 1809 textus
1380 1779 1503 1807 articuli
1523 1787 1608 1817 142„

93 1841 153 1870 quo
180 1833 421 1863 adscendentibus
450 1835 563 1864 interim
595 1843 703 1865 tantum
733 1836 816 1864 datur
844 1842 914 1864 cura
945 1834 1202 1870 (sm-veillance);
1231 1832 1318 1867 idque
1345 1830 1369 1858 si
1399 1835 1487 1858 mater
1513 1830 1611 1858 det-es-

68 1921 80 1933 ·
96 1883 184 1920 serit,
215 1890 362 1920 antequam
386 1884 526 1914 Absentia
548 1888 637 1923 patris
659 1887 796 1915 declarata
819 1892 883 1915 ests
917 1886 990 1914 Nam
1019 1886 1044 1914 si
1065 1886 1132 1914 haec
1158 1883 1349 1914 smvreillancc
1377 1881 1493 1910 tutelam
1518 1881 1610 1917 legiti-

96 1942 170 1964 mam
193 1935 421 1964 adsctndentiurn
449 1937 613 1973 denotaret,
641 1938 689 1967 vix
713 1945 778 1974 est,
809 1945 839 1966 ut
867 1939 1001 1967 idoneum
1033 1945 1149 1965 sensum
1173 1933 1341 1963 conciliares
1366 1933 1480 1961 verbis:
1510 1935 1534 1961 si
1555 1932 1609 1960 elle

99 1988 176 2017 vitm
201 1987 221 2015 ὰ
245 1985 362 2017 dccedcr
383 1994 475 2017 mam
495 1998 549 2028 que
571 1989 721 2019 l'Ahscuce
740 1992 786 2020 ait
803 1993 849 2021 ded
865 1989 1015 2026 dadam,-
1035 1989 1130 2018 eadcm
1153 1987 1229 2017 enim
1252 1986 1340 2015 tuteLa
1358 1984 1521 2019 obtineret,
1543 1982 1611 2010 licet

1550 2040 1611 2062 ma.
