<?xml version="1.0" encoding="UTF-8"?>
<!DOCTYPE html PUBLIC "-//W3C//DTD XHTML 1.0 Transitional//EN"
    "http://www.w3.org/TR/xhtml1/DTD/xhtml1-transitional.dtd">
<html xmlns="http://www.w3.org/1999/xhtml" xml:lang="en" lang="en">
 <head>
  <title>
</title>
<meta http-equiv="Content-Type" content="text/html;charset=utf-8" />
  <meta name='ocr-system' content='tesseract 3.04.00' />
  <meta name='ocr-capabilities' content='ocr_page ocr_carea ocr_par ocr_line ocrx_word'/>
</head>
<body>
  <div class='ocr_page' id='page_1' title='image "annalesacademiae19rijk_0273.png"; bbox 0 0 1913 2417; ppageno 0'>
   <div class='ocr_carea' id='block_1_1' title="bbox 250 158 1600 200">
    <p class='ocr_par' dir='ltr' id='par_1_1' title="bbox 250 158 1600 200">
     <span class='ocr_line' id='line_1_1' title="bbox 250 158 1600 200; baseline 0.001 -9"><span class='ocrx_word' id='word_1_1' title='bbox 250 158 642 192; x_wconf 77' lang='lat' dir='ltr'>COMMENTATIO</span> <span class='ocrx_word' id='word_1_2' title='bbox 671 168 720 189; x_wconf 79' lang='lat' dir='ltr'><strong>AD</strong></span> <span class='ocrx_word' id='word_1_3' title='bbox 751 159 1127 200; x_wconf 83' lang='lat' dir='ltr'><strong>QUAESTIONEM</strong></span> <span class='ocrx_word' id='word_1_4' title='bbox 1151 158 1447 198; x_wconf 72' lang='lat' dir='ltr'><strong>JURIDICAM.</strong></span> <span class='ocrx_word' id='word_1_5' title='bbox 1563 170 1600 199; x_wconf 68' lang='lat'><strong>23</strong></span> 
     </span>
    </p>
   </div>
   <div class='ocr_carea' id='block_1_2' title="bbox 77 247 1611 945">
    <p class='ocr_par' dir='ltr' id='par_1_2' title="bbox 82 247 1602 592">
     <span class='ocr_line' id='line_1_2' title="bbox 88 247 1600 285; baseline 0.001 -8"><span class='ocrx_word' id='word_1_6' title='bbox 88 248 117 277; x_wconf 85' lang='lat' dir='ltr'><strong>in</strong></span> <span class='ocrx_word' id='word_1_7' title='bbox 144 255 172 276; x_wconf 89' lang='lat' dir='ltr'><strong>re</strong></span> <span class='ocrx_word' id='word_1_8' title='bbox 194 247 334 277; x_wconf 84' lang='lat' dir='ltr'><strong>latissime</strong></span> <span class='ocrx_word' id='word_1_9' title='bbox 355 254 451 284; x_wconf 81' lang='lat' dir='ltr'><strong>pateat</strong></span> <span class='ocrx_word' id='word_1_10' title='bbox 474 248 616 284; x_wconf 78' lang='lat' dir='ltr'>facultas,</span> <span class='ocrx_word' id='word_1_11' title='bbox 640 254 666 276; x_wconf 82' lang='lat' dir='ltr'><strong>et</strong></span> <span class='ocrx_word' id='word_1_12' title='bbox 688 249 722 277; x_wconf 85' lang='lat' dir='ltr'><strong>de</strong></span> <span class='ocrx_word' id='word_1_13' title='bbox 749 248 941 277; x_wconf 85' lang='lat' dir='ltr'><strong>Curatoribus</strong></span> <span class='ocrx_word' id='word_1_14' title='bbox 967 249 1048 278; x_wconf 74' lang='lat' dir='ltr'><strong>hisce</strong></span> <span class='ocrx_word' id='word_1_15' title='bbox 1070 249 1143 278; x_wconf 84' lang='lat' dir='ltr'><strong>nihil</strong></span> <span class='ocrx_word' id='word_1_16' title='bbox 1163 258 1297 285; x_wconf 83' lang='lat' dir='ltr'><strong>expresse</strong></span> <span class='ocrx_word' id='word_1_17' title='bbox 1319 249 1449 285; x_wconf 84' lang='lat' dir='ltr'><strong>dicatur,</strong></span> <span class='ocrx_word' id='word_1_18' title='bbox 1479 250 1600 280; x_wconf 83' lang='lat' dir='ltr'><strong>dubium</strong></span> 
     </span>
     <span class='ocr_line' id='line_1_3' title="bbox 84 298 1599 336; baseline 0.001 -8"><span class='ocrx_word' id='word_1_19' title='bbox 84 307 144 328; x_wconf 86' lang='lat' dir='ltr'><strong>non</strong></span> <span class='ocrx_word' id='word_1_20' title='bbox 170 299 304 334; x_wconf 83' lang='lat' dir='ltr'><strong>videtur,</strong></span> <span class='ocrx_word' id='word_1_21' title='bbox 324 300 396 335; x_wconf 81' lang='lat' dir='ltr'><strong>quin</strong></span> <span class='ocrx_word' id='word_1_22' title='bbox 416 299 566 335; x_wconf 75' lang='lat' dir='ltr'><strong>remediis,</strong></span> <span class='ocrx_word' id='word_1_23' title='bbox 593 299 699 335; x_wconf 81' lang='lat' dir='ltr'><strong>quibus</strong></span> <span class='ocrx_word' id='word_1_24' title='bbox 721 298 758 327; x_wconf 81' lang='lat' dir='ltr'><strong>rei</strong></span> <span class='ocrx_word' id='word_1_25' title='bbox 775 299 912 328; x_wconf 75' lang='lat' dir='ltr'><strong>Abseutis</strong></span> <span class='ocrx_word' id='word_1_26' title='bbox 936 301 1084 330; x_wconf 70' lang='lat' dir='ltr'>derelictae</span> <span class='ocrx_word' id='word_1_27' title='bbox 1110 302 1240 329; x_wconf 82' lang='lat' dir='ltr'><strong>succurri</strong></span> <span class='ocrx_word' id='word_1_28' title='bbox 1261 301 1375 336; x_wconf 85' lang='lat' dir='ltr'><strong>possit,</strong></span> <span class='ocrx_word' id='word_1_29' title='bbox 1396 300 1478 329; x_wconf 78' lang='lat' dir='ltr'><strong>etiam</strong></span> <span class='ocrx_word' id='word_1_30' title='bbox 1500 309 1599 330; x_wconf 80' lang='lat' dir='ltr'><strong>accen-</strong></span> 
     </span>
     <span class='ocr_line' id='line_1_4' title="bbox 82 349 1594 388; baseline 0.001 -10"><span class='ocrx_word' id='word_1_31' title='bbox 82 349 138 378; x_wconf 86' lang='lat' dir='ltr'>seri</span> <span class='ocrx_word' id='word_1_32' title='bbox 161 349 260 378; x_wconf 82' lang='lat' dir='ltr'><strong>debeat</strong></span> <span class='ocrx_word' id='word_1_33' title='bbox 288 349 354 378; x_wconf 81' lang='lat' dir='ltr'><strong>talis</strong></span> <span class='ocrx_word' id='word_1_34' title='bbox 380 351 532 379; x_wconf 77' lang='lat' dir='ltr'><strong>Curatoris</strong></span> <span class='ocrx_word' id='word_1_35' title='bbox 562 351 623 379; x_wconf 85' lang='lat' dir='ltr'><strong>sive</strong></span> <span class='ocrx_word' id='word_1_36' title='bbox 652 350 851 378; x_wconf 68' lang='lat' dir='ltr'><strong>Procuratoris</strong></span> <span class='ocrx_word' id='word_1_37' title='bbox 882 351 971 380; x_wconf 77' lang='lat' dir='ltr'><strong>(latio.</strong></span> <span class='ocrx_word' id='word_1_38' title='bbox 1023 351 1087 379; x_wconf 68' lang='lat' dir='ltr'><strong>Hoc</strong></span> <span class='ocrx_word' id='word_1_39' title='bbox 1119 351 1235 386; x_wconf 71' lang='lat' dir='ltr'><strong>insuper</strong></span> <span class='ocrx_word' id='word_1_40' title='bbox 1260 351 1382 388; x_wconf 84' lang='lat' dir='ltr'><strong>probant</strong></span> <span class='ocrx_word' id='word_1_41' title='bbox 1404 352 1594 387; x_wconf 77' lang='lat' dir='ltr'><strong>interpretes,</strong></span> 
     </span>
     <span class='ocr_line' id='line_1_5' title="bbox 84 400 1599 440; baseline 0.002 -12"><span class='ocrx_word' id='word_1_42' title='bbox 84 408 159 436; x_wconf 85' lang='lat' dir='ltr'><strong>quos</strong></span> <span class='ocrx_word' id='word_1_43' title='bbox 183 401 217 429; x_wconf 84' lang='lat' dir='ltr'><strong>ad</strong></span> <span class='ocrx_word' id='word_1_44' title='bbox 241 400 318 428; x_wconf 79' lang='lat' dir='ltr'><strong>hunc</strong></span> <span class='ocrx_word' id='word_1_45' title='bbox 344 400 439 429; x_wconf 69' lang='lat' dir='ltr'><strong>iocum</strong></span> <span class='ocrx_word' id='word_1_46' title='bbox 462 401 540 436; x_wconf 88' lang='lat' dir='ltr'><strong>vidi,</strong></span> <span class='ocrx_word' id='word_1_47' title='bbox 572 409 691 437; x_wconf 77' lang='lat' dir='ltr'><strong>omnes,</strong></span> <span class='ocrx_word' id='word_1_48' title='bbox 720 408 746 430; x_wconf 86' lang='lat' dir='ltr'><strong>et</strong></span> <span class='ocrx_word' id='word_1_49' title='bbox 775 402 913 430; x_wconf 82' lang='lat' dir='ltr'><strong>evincunt</strong></span> <span class='ocrx_word' id='word_1_50' title='bbox 935 403 1018 430; x_wconf 80' lang='lat' dir='ltr'><strong>verba</strong></span> <span class='ocrx_word' id='word_1_51' title='bbox 1041 403 1105 430; x_wconf 85' lang='lat' dir='ltr'><strong>Viri</strong></span> <span class='ocrx_word' id='word_1_52' title='bbox 1128 403 1226 438; x_wconf 59' lang='lat' dir='ltr'><strong>Amul.</strong></span> <span class='ocrx_word' id='word_1_53' title='bbox 1251 402 1544 440; x_wconf 62' lang='lat' dir='ltr'><strong>Big0t=l&gt;r52meneu</strong></span> <span class='ocrx_word' id='word_1_54' title='bbox 1568 403 1599 431; x_wconf 86' lang='lat' dir='ltr'><strong>in</strong></span> 
     </span>
     <span class='ocr_line' id='line_1_6' title="bbox 83 450 1602 489; baseline 0.001 -11"><span class='ocrx_word' id='word_1_55' title='bbox 83 451 212 479; x_wconf 77' lang='lat' dir='ltr'><strong>oratione</strong></span> <span class='ocrx_word' id='word_1_56' title='bbox 233 450 381 486; x_wconf 83' lang='lat' dir='ltr'><strong>suasoria,</strong></span> <span class='ocrx_word' id='word_1_57' title='bbox 405 452 439 480; x_wconf 90' lang='lat' dir='ltr'><strong>ad</strong></span> <span class='ocrx_word' id='word_1_58' title='bbox 453 458 515 480; x_wconf 83' lang='lat' dir='ltr'><strong>art.</strong></span> <span class='ocrx_word' id='word_1_59' title='bbox 534 460 598 489; x_wconf 76' lang='lat'>¹13·</span> <span class='ocrx_word' id='word_1_60' title='bbox 619 455 782 488; x_wconf 81' lang='lat' dir='ltr'><strong>monentis,</strong></span> <span class='ocrx_word' id='word_1_61' title='bbox 809 461 841 481; x_wconf 86' lang='lat' dir='ltr'><strong>ex</strong></span> <span class='ocrx_word' id='word_1_62' title='bbox 860 453 996 488; x_wconf 80' lang='lat' dir='ltr'><strong>peculiari</strong></span> <span class='ocrx_word' id='word_1_63' title='bbox 1012 455 1064 482; x_wconf 85' lang='lat' dir='ltr'><strong>hac</strong></span> <span class='ocrx_word' id='word_1_64' title='bbox 1091 454 1326 488; x_wconf 81' lang='lat' dir='ltr'><strong>constitutione,</strong></span> <span class='ocrx_word' id='word_1_65' title='bbox 1349 454 1406 489; x_wconf 64' lang='lat' dir='ltr'><strong>qua</strong></span> <span class='ocrx_word' id='word_1_66' title='bbox 1431 453 1459 481; x_wconf 91' lang='lat' dir='ltr'><strong>in</strong></span> <span class='ocrx_word' id='word_1_67' title='bbox 1480 452 1602 481; x_wconf 81' lang='lat' dir='ltr'><strong>familiae</strong></span> 
     </span>
     <span class='ocr_line' id='line_1_7' title="bbox 83 500 1601 541; baseline 0.002 -11"><span class='ocrx_word' id='word_1_68' title='bbox 83 500 268 530; x_wconf 79' lang='lat' dir='ltr'><strong>erciscundae</strong></span> <span class='ocrx_word' id='word_1_69' title='bbox 298 502 416 538; x_wconf 70' lang='lat' dir='ltr'><strong>negotio</strong></span> <span class='ocrx_word' id='word_1_70' title='bbox 443 503 573 532; x_wconf 86' lang='lat' dir='ltr'><strong>notarius</strong></span> <span class='ocrx_word' id='word_1_71' title='bbox 598 504 736 539; x_wconf 86' lang='lat' dir='ltr'><strong>publicus</strong></span> <span class='ocrx_word' id='word_1_72' title='bbox 767 504 907 532; x_wconf 85' lang='lat' dir='ltr'><strong>nominari</strong></span> <span class='ocrx_word' id='word_1_73' title='bbox 937 505 1075 541; x_wconf 81' lang='lat' dir='ltr'><strong>jubetur,</strong></span> <span class='ocrx_word' id='word_1_74' title='bbox 1106 505 1156 541; x_wconf 84' lang='lat' dir='ltr'><strong>qui</strong></span> <span class='ocrx_word' id='word_1_75' title='bbox 1178 505 1316 533; x_wconf 70' lang='lat' dir='ltr'><strong>Abs-entis</strong></span> <span class='ocrx_word' id='word_1_76' title='bbox 1341 505 1492 533; x_wconf 71' lang='lat' dir='ltr'><strong>commoda</strong></span> <span class='ocrx_word' id='word_1_77' title='bbox 1522 510 1601 533; x_wconf 85' lang='lat' dir='ltr'><strong>tuca-</strong></span> 
     </span>
     <span class='ocr_line' id='line_1_8' title="bbox 83 553 1444 592; baseline 0.003 -13"><span class='ocrx_word' id='word_1_78' title='bbox 83 556 149 587; x_wconf 90' lang='lat' dir='ltr'><strong>tur,</strong></span> <span class='ocrx_word' id='word_1_79' title='bbox 173 560 233 580; x_wconf 88' lang='lat' dir='ltr'><strong>non</strong></span> <span class='ocrx_word' id='word_1_80' title='bbox 257 553 359 588; x_wconf 81' lang='lat' dir='ltr'><strong>sequi,</strong></span> <span class='ocrx_word' id='word_1_81' title='bbox 382 553 446 582; x_wconf 87' lang='lat' dir='ltr'><strong>aliis</strong></span> <span class='ocrx_word' id='word_1_82' title='bbox 466 554 497 583; x_wconf 89' lang='lat' dir='ltr'><strong>in</strong></span> <span class='ocrx_word' id='word_1_83' title='bbox 517 554 628 583; x_wconf 84' lang='lat' dir='ltr'><strong>caussis</strong></span> <span class='ocrx_word' id='word_1_84' title='bbox 651 555 809 583; x_wconf 84' lang='lat' dir='ltr'><strong>Curatores</strong></span> <span class='ocrx_word' id='word_1_85' title='bbox 831 564 845 583; x_wconf 88' lang='lat' dir='ltr'><strong>a</strong></span> <span class='ocrx_word' id='word_1_86' title='bbox 866 556 963 592; x_wconf 78' lang='lat' dir='ltr'><strong>iudice</strong></span> <span class='ocrx_word' id='word_1_87' title='bbox 984 556 1124 584; x_wconf 83' lang='lat' dir='ltr'><strong>constitui</strong></span> <span class='ocrx_word' id='word_1_88' title='bbox 1147 564 1205 585; x_wconf 90' lang='lat' dir='ltr'><strong>non</strong></span> <span class='ocrx_word' id='word_1_89' title='bbox 1230 564 1316 591; x_wconf 81' lang='lat' dir='ltr'><strong>posse</strong></span> <span class='ocrx_word' id='word_1_90' title='bbox 1342 556 1405 592; x_wconf 76' lang='lat'><strong>(16</strong></span> <span class='ocrx_word' id='word_1_91' title='bbox 1417 556 1444 592; x_wconf 69' lang='lat'><strong>3.</strong></span> 
     </span>
    </p>

    <p class='ocr_par' dir='ltr' id='par_1_3' title="bbox 77 602 1611 945">
     <span class='ocr_line' id='line_1_9' title="bbox 119 602 1601 641; baseline 0.003 -11"><span class='ocrx_word' id='word_1_92' title='bbox 119 602 175 631; x_wconf 90' lang='lat' dir='ltr'><strong>Sed</strong></span> <span class='ocrx_word' id='word_1_93' title='bbox 201 603 268 631; x_wconf 89' lang='lat' dir='ltr'><strong>licet</strong></span> <span class='ocrx_word' id='word_1_94' title='bbox 293 604 426 633; x_wconf 84' lang='lat' dir='ltr'><strong>universe</strong></span> <span class='ocrx_word' id='word_1_95' title='bbox 451 605 565 641; x_wconf 87' lang='lat' dir='ltr'><strong>quidem</strong></span> <span class='ocrx_word' id='word_1_96' title='bbox 591 605 760 635; x_wconf 86' lang='lat' dir='ltr'><strong>Tribunalis</strong></span> <span class='ocrx_word' id='word_1_97' title='bbox 787 605 906 634; x_wconf 87' lang='lat' dir='ltr'><strong>arbitrio</strong></span> <span class='ocrx_word' id='word_1_98' title='bbox 929 606 1059 634; x_wconf 81' lang='lat' dir='ltr'><strong>relictum</strong></span> <span class='ocrx_word' id='word_1_99' title='bbox 1083 607 1141 641; x_wconf 81' lang='lat' dir='ltr'><strong>sit,</strong></span> <span class='ocrx_word' id='word_1_100' title='bbox 1171 614 1267 634; x_wconf 84' lang='lat' dir='ltr'><strong>utrum</strong></span> <span class='ocrx_word' id='word_1_101' title='bbox 1291 606 1461 635; x_wconf 85' lang='lat' dir='ltr'><strong>Curatorem</strong></span> <span class='ocrx_word' id='word_1_102' title='bbox 1493 606 1601 635; x_wconf 88' lang='lat' dir='ltr'><strong>consti-</strong></span> 
     </span>
     <span class='ocr_line' id='line_1_10' title="bbox 82 654 1606 697; baseline 0.003 -15"><span class='ocrx_word' id='word_1_103' title='bbox 82 658 161 682; x_wconf 78' lang='lat' dir='ltr'><strong>tuere</strong></span> <span class='ocrx_word' id='word_1_104' title='bbox 182 654 253 683; x_wconf 85' lang='lat' dir='ltr'><strong>velit</strong></span> <span class='ocrx_word' id='word_1_105' title='bbox 275 662 327 683; x_wconf 89' lang='lat' dir='ltr'><strong>nec</strong></span> <span class='ocrx_word' id='word_1_106' title='bbox 349 664 404 692; x_wconf 85' lang='lat' dir='ltr'><strong>ne,</strong></span> <span class='ocrx_word' id='word_1_107' title='bbox 425 657 505 685; x_wconf 85' lang='lat' dir='ltr'><strong>adest</strong></span> <span class='ocrx_word' id='word_1_108' title='bbox 525 662 617 686; x_wconf 90' lang='lat' dir='ltr'><strong>tamen</strong></span> <span class='ocrx_word' id='word_1_109' title='bbox 642 665 832 692; x_wconf 48' lang='lat' dir='ltr'><strong>casussquo</strong></span> <span class='ocrx_word' id='word_1_110' title='bbox 855 657 908 686; x_wconf 84' lang='lat' dir='ltr'><strong>alia</strong></span> <span class='ocrx_word' id='word_1_111' title='bbox 935 659 995 693; x_wconf 83' lang='lat' dir='ltr'><strong>lege</strong></span> <span class='ocrx_word' id='word_1_112' title='bbox 1017 657 1048 686; x_wconf 85' lang='lat' dir='ltr'><strong>in</strong></span> <span class='ocrx_word' id='word_1_113' title='bbox 1075 657 1186 686; x_wconf 87' lang='lat' dir='ltr'><strong>Codice</strong></span> <span class='ocrx_word' id='word_1_114' title='bbox 1211 664 1270 697; x_wconf 78' lang='lat' dir='ltr'><strong>uon</strong></span> <span class='ocrx_word' id='word_1_115' title='bbox 1293 657 1482 693; x_wconf 76' lang='lat' dir='ltr'><strong>reperiunda,</strong></span> <span class='ocrx_word' id='word_1_116' title='bbox 1511 657 1606 686; x_wconf 69' lang='lat' dir='ltr'><strong>Cura-</strong></span> 
     </span>
     <span class='ocr_line' id='line_1_11' title="bbox 81 706 1609 744; baseline 0.004 -12"><span class='ocrx_word' id='word_1_117' title='bbox 81 710 172 733; x_wconf 84' lang='lat' dir='ltr'><strong>torem</strong></span> <span class='ocrx_word' id='word_1_118' title='bbox 194 706 258 734; x_wconf 86' lang='lat' dir='ltr'><strong>dare</strong></span> <span class='ocrx_word' id='word_1_119' title='bbox 289 713 425 743; x_wconf 81' lang='lat' dir='ltr'><strong>tenetur,</strong></span> <span class='ocrx_word' id='word_1_120' title='bbox 451 716 555 743; x_wconf 83' lang='lat' dir='ltr'><strong>nempe</strong></span> <span class='ocrx_word' id='word_1_121' title='bbox 580 707 605 737; x_wconf 87' lang='lat' dir='ltr'><strong>si</strong></span> <span class='ocrx_word' id='word_1_122' title='bbox 632 708 775 737; x_wconf 84' lang='lat' dir='ltr'><strong>militibus</strong></span> <span class='ocrx_word' id='word_1_123' title='bbox 799 709 938 737; x_wconf 82' lang='lat' dir='ltr'><strong>hereditas</strong></span> <span class='ocrx_word' id='word_1_124' title='bbox 959 708 1107 737; x_wconf 87' lang='lat' dir='ltr'><strong>obvenerit</strong></span> <span class='ocrx_word' id='word_1_125' title='bbox 1129 708 1237 744; x_wconf 83' lang='lat'><strong>(17),</strong></span> <span class='ocrx_word' id='word_1_126' title='bbox 1263 715 1334 743; x_wconf 85' lang='lat' dir='ltr'><strong>quae</strong></span> <span class='ocrx_word' id='word_1_127' title='bbox 1362 708 1407 736; x_wconf 82' lang='lat' dir='ltr'><strong>lex</strong></span> <span class='ocrx_word' id='word_1_128' title='bbox 1432 710 1515 738; x_wconf 82' lang='lat' dir='ltr'><strong>etiarn</strong></span> <span class='ocrx_word' id='word_1_129' title='bbox 1542 709 1609 738; x_wconf 65' lang='lat' dir='ltr'><strong>vim*</strong></span> 
     </span>
     <span class='ocr_line' id='line_1_12' title="bbox 79 755 1611 796; baseline 0.002 -13"><span class='ocrx_word' id='word_1_130' title='bbox 79 755 154 793; x_wconf 84' lang='lat' dir='ltr'><strong>juris</strong></span> <span class='ocrx_word' id='word_1_131' title='bbox 175 756 204 785; x_wconf 89' lang='lat' dir='ltr'><strong>in</strong></span> <span class='ocrx_word' id='word_1_132' title='bbox 226 756 383 787; x_wconf 69' lang='lat' dir='ltr'><strong>Hollaudizi</strong></span> <span class='ocrx_word' id='word_1_133' title='bbox 400 759 513 794; x_wconf 82' lang='lat' dir='ltr'><strong>accepit</strong></span> <span class='ocrx_word' id='word_1_134' title='bbox 530 759 643 788; x_wconf 81' lang='lat' dir='ltr'><strong>decreto</strong></span> <span class='ocrx_word' id='word_1_135' title='bbox 666 760 684 787; x_wconf 92' lang='lat'><em>6</em></span> <span class='ocrx_word' id='word_1_136' title='bbox 703 759 779 788; x_wconf 78' lang='lat' dir='ltr'><strong>Nov.</strong></span> <span class='ocrx_word' id='word_1_137' title='bbox 798 762 869 788; x_wconf 82' lang='lat'>1810</span> <span class='ocrx_word' id='word_1_138' title='bbox 889 760 951 796; x_wconf 74' lang='lat'><strong>(18</strong></span> <span class='ocrx_word' id='word_1_139' title='bbox 964 759 989 794; x_wconf 80' lang='lat'><strong>).</strong></span> <span class='ocrx_word' id='word_1_140' title='bbox 1031 761 1093 787; x_wconf 85' lang='lat' dir='ltr'><strong>Imo</strong></span> <span class='ocrx_word' id='word_1_141' title='bbox 1117 757 1260 787; x_wconf 88' lang='lat' dir='ltr'><strong>Bruxellis</strong></span> <span class='ocrx_word' id='word_1_142' title='bbox 1279 767 1309 787; x_wconf 80' lang='lat' dir='ltr'><strong>cz.</strong></span> <span class='ocrx_word' id='word_1_143' title='bbox 1327 758 1355 787; x_wconf 86' lang='lat' dir='ltr'><strong>d.</strong></span> <span class='ocrx_word' id='word_1_144' title='bbox 1374 767 1410 795; x_wconf 75' lang='lat'><strong>24</strong></span> <span class='ocrx_word' id='word_1_145' title='bbox 1425 759 1510 794; x_wconf 59' lang='lat' dir='ltr'><strong>llffrqsi</strong></span> <span class='ocrx_word' id='word_1_146' title='bbox 1530 761 1611 796; x_wconf 56' lang='lat'><strong>1829¹</strong></span> 
     </span>
     <span class='ocr_line' id='line_1_13' title="bbox 77 806 1610 845; baseline 0.004 -11"><span class='ocrx_word' id='word_1_147' title='bbox 77 806 235 843; x_wconf 75' lang='lat' dir='ltr'><strong>Judicatum</strong></span> <span class='ocrx_word' id='word_1_148' title='bbox 262 808 346 837; x_wconf 80' lang='lat' dir='ltr'><strong>refert</strong></span> <span class='ocrx_word' id='word_1_149' title='bbox 363 809 605 845; x_wconf 64' lang='lat' dir='ltr'><strong>Damnatum,</strong></span> <span class='ocrx_word' id='word_1_150' title='bbox 624 819 653 845; x_wconf 80' lang='lat' dir='ltr'><strong>p=</strong></span> <span class='ocrx_word' id='word_1_151' title='bbox 674 818 739 845; x_wconf 68' lang='lat'><strong>341.</strong></span> <span class='ocrx_word' id='word_1_152' title='bbox 765 816 826 838; x_wconf 87' lang='lat' dir='ltr'><strong>not.</strong></span> <span class='ocrx_word' id='word_1_153' title='bbox 853 819 901 844; x_wconf 81' lang='lat'><strong>4.‚</strong></span> <span class='ocrx_word' id='word_1_154' title='bbox 928 810 1026 845; x_wconf 78' lang='lat' dir='ltr'><strong>Caput</strong></span> <span class='ocrx_word' id='word_1_155' title='bbox 1050 809 1174 845; x_wconf 84' lang='lat' dir='ltr'><strong>primum</strong></span> <span class='ocrx_word' id='word_1_156' title='bbox 1200 808 1293 837; x_wconf 87' lang='lat' dir='ltr'><strong>Tituli</strong></span> <span class='ocrx_word' id='word_1_157' title='bbox 1314 809 1348 837; x_wconf 80' lang='lat' dir='ltr'><strong>de</strong></span> <span class='ocrx_word' id='word_1_158' title='bbox 1369 809 1548 838; x_wconf 83' lang='lat' dir='ltr'><strong>Absenribus</strong></span> <span class='ocrx_word' id='word_1_159' title='bbox 1572 811 1610 840; x_wconf 87' lang='lat' dir='ltr'><strong>in·</strong></span> 
     </span>
     <span class='ocr_line' id='line_1_14' title="bbox 82 856 1600 897; baseline 0.003 -12"><span class='ocrx_word' id='word_1_160' title='bbox 82 856 191 886; x_wconf 84' lang='lat' dir='ltr'><strong>Codice</strong></span> <span class='ocrx_word' id='word_1_161' title='bbox 213 866 271 887; x_wconf 86' lang='lat' dir='ltr'><strong>non</strong></span> <span class='ocrx_word' id='word_1_162' title='bbox 300 860 502 895; x_wconf 86' lang='lat' dir='ltr'><strong>applicandum</strong></span> <span class='ocrx_word' id='word_1_163' title='bbox 528 867 592 889; x_wconf 86' lang='lat' dir='ltr'><strong>esse</strong></span> <span class='ocrx_word' id='word_1_164' title='bbox 617 862 652 889; x_wconf 81' lang='lat' dir='ltr'><strong>ad</strong></span> <span class='ocrx_word' id='word_1_165' title='bbox 678 861 800 897; x_wconf 80' lang='lat' dir='ltr'><strong>milites,</strong></span> <span class='ocrx_word' id='word_1_166' title='bbox 825 861 902 897; x_wconf 87' lang='lat' dir='ltr'><strong>quod</strong></span> <span class='ocrx_word' id='word_1_167' title='bbox 924 867 952 889; x_wconf 87' lang='lat' dir='ltr'><strong>et</strong></span> <span class='ocrx_word' id='word_1_168' title='bbox 977 866 1098 897; x_wconf 77' lang='lat' dir='ltr'><strong>prepter</strong></span> <span class='ocrx_word' id='word_1_169' title='bbox 1123 859 1154 888; x_wconf 79' lang='lat' dir='ltr'><strong>d.</strong></span> <span class='ocrx_word' id='word_1_170' title='bbox 1175 860 1198 889; x_wconf 82' lang='lat' dir='ltr'><strong>l.</strong></span> <span class='ocrx_word' id='word_1_171' title='bbox 1223 868 1266 890; x_wconf 84' lang='lat'><strong>11.</strong></span> <span class='ocrx_word' id='word_1_172' title='bbox 1289 859 1377 890; x_wconf 68' lang='lat' dir='ltr'><strong>Vaut.</strong></span> <span class='ocrx_word' id='word_1_173' title='bbox 1401 863 1472 890; x_wconf 77' lang='lat' dir='ltr'><strong>anni</strong></span> <span class='ocrx_word' id='word_1_174' title='bbox 1490 870 1527 890; x_wconf 58' lang='grc' dir='ltr'><strong>ι..</strong></span> <span class='ocrx_word' id='word_1_175' title='bbox 1547 863 1600 891; x_wconf 78' lang='lat' dir='ltr'><strong>cit.</strong></span> 
     </span>
     <span class='ocr_line' id='line_1_15' title="bbox 82 908 626 945; baseline 0.011 -9"><span class='ocrx_word' id='word_1_176' title='bbox 82 908 161 945; x_wconf 75' lang='lat' dir='ltr'><strong>apud</strong></span> <span class='ocrx_word' id='word_1_177' title='bbox 179 909 302 938; x_wconf 78' lang='lat' dir='ltr'><strong>Pailliet</strong></span> <span class='ocrx_word' id='word_1_178' title='bbox 322 911 477 941; x_wconf 69' lang='lat' dir='ltr'><strong>verisimile</strong></span> <span class='ocrx_word' id='word_1_179' title='bbox 498 912 626 942; x_wconf 72' lang='lat' dir='ltr'><strong>videtur.</strong></span> 
     </span>
    </p>
   </div>
   <div class='ocr_carea' id='block_1_3' title="bbox 790 989 898 1027">
    <p class='ocr_par' dir='ltr' id='par_1_4' title="bbox 790 989 898 1027">
     <span class='ocr_line' id='line_1_16' title="bbox 790 989 898 1027; baseline -0.028 -7"><span class='ocrx_word' id='word_1_180' title='bbox 790 991 820 1027; x_wconf 74' lang='lat'><strong>§-</strong></span> <span class='ocrx_word' id='word_1_181' title='bbox 861 989 898 1018; x_wconf 84' lang='lat'><strong>6..</strong></span> 
     </span>
    </p>
   </div>
   <div class='ocr_carea' id='block_1_4' title="bbox 66 1056 1607 1868">
    <p class='ocr_par' dir='ltr' id='par_1_5' title="bbox 66 1056 1603 1510">
     <span class='ocr_line' id='line_1_17' title="bbox 119 1056 1595 1102; baseline 0.003 -12"><span class='ocrx_word' id='word_1_182' title='bbox 119 1062 197 1091; x_wconf 84' lang='lat' dir='ltr'><strong>Haec</strong></span> <span class='ocrx_word' id='word_1_183' title='bbox 228 1063 361 1093; x_wconf 83' lang='lat' dir='ltr'><strong>universe</strong></span> <span class='ocrx_word' id='word_1_184' title='bbox 389 1066 466 1095; x_wconf 89' lang='lat' dir='ltr'><strong>dicta</strong></span> <span class='ocrx_word' id='word_1_185' title='bbox 496 1072 586 1095; x_wconf 86' lang='lat' dir='ltr'><strong>sunto</strong></span> <span class='ocrx_word' id='word_1_186' title='bbox 611 1067 644 1095; x_wconf 88' lang='lat' dir='ltr'><strong>de</strong></span> <span class='ocrx_word' id='word_1_187' title='bbox 666 1066 771 1102; x_wconf 80' lang='lat' dir='ltr'><strong>bonis,</strong></span> <span class='ocrx_word' id='word_1_188' title='bbox 800 1073 922 1101; x_wconf 80' lang='lat' dir='ltr'><strong>quorum</strong></span> <span class='ocrx_word' id='word_1_189' title='bbox 955 1072 1023 1093; x_wconf 82' lang='lat' dir='ltr'><strong>cura</strong></span> <span class='ocrx_word' id='word_1_190' title='bbox 1056 1056 1224 1100; x_wconf 74' lang='lat' dir='ltr'><strong>prudentiae</strong></span> <span class='ocrx_word' id='word_1_191' title='bbox 1246 1063 1375 1101; x_wconf 85' lang='lat' dir='ltr'><strong>judicum</strong></span> <span class='ocrx_word' id='word_1_192' title='bbox 1402 1070 1522 1101; x_wconf 79' lang='lat' dir='ltr'><strong>prorsus</strong></span> <span class='ocrx_word' id='word_1_193' title='bbox 1553 1074 1595 1095; x_wconf 57' lang='lat' dir='ltr'><strong>reu</strong></span> 
     </span>
     <span class='ocr_line' id='line_1_18' title="bbox 77 1112 1603 1154; baseline 0.003 -12"><span class='ocrx_word' id='word_1_194' title='bbox 77 1112 150 1142; x_wconf 74' lang='lat' dir='ltr'><strong>ticta</strong></span> <span class='ocrx_word' id='word_1_195' title='bbox 180 1120 241 1142; x_wconf 83' lang='lat' dir='ltr'><strong>est:</strong></span> <span class='ocrx_word' id='word_1_196' title='bbox 271 1115 422 1151; x_wconf 74' lang='lat' dir='ltr'><strong>sequitur,</strong></span> <span class='ocrx_word' id='word_1_197' title='bbox 453 1123 486 1145; x_wconf 89' lang='lat' dir='ltr'><strong>ut</strong></span> <span class='ocrx_word' id='word_1_198' title='bbox 515 1117 714 1154; x_wconf 80' lang='lat' dir='ltr'><strong>inquiramus,</strong></span> <span class='ocrx_word' id='word_1_199' title='bbox 744 1126 811 1146; x_wconf 86' lang='lat' dir='ltr'><strong>num</strong></span> <span class='ocrx_word' id='word_1_200' title='bbox 845 1117 981 1152; x_wconf 78' lang='lat' dir='ltr'><strong>quaedam</strong></span> <span class='ocrx_word' id='word_1_201' title='bbox 1012 1115 1126 1151; x_wconf 78' lang='lat' dir='ltr'><strong>negotia</strong></span> <span class='ocrx_word' id='word_1_202' title='bbox 1154 1115 1301 1151; x_wconf 83' lang='lat' dir='ltr'><strong>legislator</strong></span> <span class='ocrx_word' id='word_1_203' title='bbox 1334 1115 1368 1144; x_wconf 89' lang='lat' dir='ltr'><strong>ab</strong></span> <span class='ocrx_word' id='word_1_204' title='bbox 1402 1116 1454 1145; x_wconf 86' lang='lat' dir='ltr'><strong>hac</strong></span> <span class='ocrx_word' id='word_1_205' title='bbox 1480 1118 1603 1154; x_wconf 81' lang='lat' dir='ltr'><strong>generali.</strong></span> 
     </span>
     <span class='ocr_line' id='line_1_19' title="bbox 80 1164 1601 1205; baseline 0.004 -14"><span class='ocrx_word' id='word_1_206' title='bbox 80 1164 177 1200; x_wconf 82' lang='lat' dir='ltr'><strong>regula</strong></span> <span class='ocrx_word' id='word_1_207' title='bbox 202 1166 355 1201; x_wconf 80' lang='lat' dir='ltr'><strong>exemerit,</strong></span> <span class='ocrx_word' id='word_1_208' title='bbox 385 1167 414 1195; x_wconf 89' lang='lat' dir='ltr'><strong>in</strong></span> <span class='ocrx_word' id='word_1_209' title='bbox 447 1168 556 1203; x_wconf 81' lang='lat' dir='ltr'><strong>quibus</strong></span> <span class='ocrx_word' id='word_1_210' title='bbox 589 1169 695 1198; x_wconf 78' lang='lat' dir='ltr'><strong>directe</strong></span> <span class='ocrx_word' id='word_1_211' title='bbox 729 1169 799 1205; x_wconf 90' lang='lat' dir='ltr'><strong>quid</strong></span> <span class='ocrx_word' id='word_1_212' title='bbox 829 1167 889 1196; x_wconf 76' lang='lat' dir='ltr'><strong>fieri</strong></span> <span class='ocrx_word' id='word_1_213' title='bbox 912 1167 1030 1204; x_wconf 67' lang='lat' dir='ltr'><strong>jubeat,</strong></span> <span class='ocrx_word' id='word_1_214' title='bbox 1062 1173 1088 1193; x_wconf 84' lang='lat' dir='ltr'><strong>et</strong></span> <span class='ocrx_word' id='word_1_215' title='bbox 1110 1166 1218 1202; x_wconf 80' lang='lat' dir='ltr'><strong>judicis</strong></span> <span class='ocrx_word' id='word_1_216' title='bbox 1246 1165 1397 1195; x_wconf 79' lang='lat' dir='ltr'><strong>arbitrium</strong></span> <span class='ocrx_word' id='word_1_217' title='bbox 1428 1169 1601 1197; x_wconf 79' lang='lat' dir='ltr'><strong>arctioribus</strong></span> 
     </span>
     <span class='ocr_line' id='line_1_20' title="bbox 78 1214 1602 1256; baseline 0.004 -14"><span class='ocrx_word' id='word_1_218' title='bbox 78 1214 222 1243; x_wconf 84' lang='lat' dir='ltr'><strong>limitibus</strong></span> <span class='ocrx_word' id='word_1_219' title='bbox 247 1215 490 1246; x_wconf 77' lang='lat' dir='ltr'><strong>circumscribat?</strong></span> <span class='ocrx_word' id='word_1_220' title='bbox 537 1221 571 1248; x_wconf 91' lang='lat' dir='ltr'><strong>In</strong></span> <span class='ocrx_word' id='word_1_221' title='bbox 600 1220 711 1249; x_wconf 86' lang='lat' dir='ltr'><strong>nullius</strong></span> <span class='ocrx_word' id='word_1_222' title='bbox 748 1226 839 1248; x_wconf 78' lang='lat' dir='ltr'><strong>autem</strong></span> <span class='ocrx_word' id='word_1_223' title='bbox 869 1217 978 1255; x_wconf 79' lang='lat' dir='ltr'><strong>negotii</strong></span> <span class='ocrx_word' id='word_1_224' title='bbox 1007 1217 1103 1245; x_wconf 82' lang='lat' dir='ltr'><strong>civilis</strong></span> <span class='ocrx_word' id='word_1_225' title='bbox 1126 1217 1256 1253; x_wconf 81' lang='lat' dir='ltr'><strong>gestione</strong></span> <span class='ocrx_word' id='word_1_226' title='bbox 1279 1216 1313 1244; x_wconf 87' lang='lat' dir='ltr'><strong>ad</strong></span> <span class='ocrx_word' id='word_1_227' title='bbox 1336 1217 1491 1246; x_wconf 80' lang='lat' dir='ltr'><strong>Absentem</strong></span> <span class='ocrx_word' id='word_1_228' title='bbox 1513 1220 1602 1256; x_wconf 83' lang='lat' dir='ltr'><strong>perti-</strong></span> 
     </span>
     <span class='ocr_line' id='line_1_21' title="bbox 78 1266 1600 1308; baseline 0.004 -15"><span class='ocrx_word' id='word_1_229' title='bbox 78 1266 174 1294; x_wconf 82' lang='lat' dir='ltr'><strong>nentis</strong></span> <span class='ocrx_word' id='word_1_230' title='bbox 201 1266 245 1295; x_wconf 83' lang='lat' dir='ltr'><strong>lex</strong></span> <span class='ocrx_word' id='word_1_231' title='bbox 266 1267 336 1296; x_wconf 86' lang='lat' dir='ltr'><strong>certi</strong></span> <span class='ocrx_word' id='word_1_232' title='bbox 363 1268 433 1304; x_wconf 87' lang='lat' dir='ltr'><strong>quid</strong></span> <span class='ocrx_word' id='word_1_233' title='bbox 456 1268 610 1299; x_wconf 86' lang='lat' dir='ltr'><strong>Tribunali</strong></span> <span class='ocrx_word' id='word_1_234' title='bbox 633 1270 781 1308; x_wconf 84' lang='lat' dir='ltr'><strong>injungit,</strong></span> <span class='ocrx_word' id='word_1_235' title='bbox 803 1270 861 1298; x_wconf 81' lang='lat' dir='ltr'><strong>nisi</strong></span> <span class='ocrx_word' id='word_1_236' title='bbox 884 1270 913 1297; x_wconf 89' lang='lat' dir='ltr'><strong>in</strong></span> <span class='ocrx_word' id='word_1_237' title='bbox 941 1268 1113 1302; x_wconf 81' lang='lat' dir='ltr'><strong>hereditate,</strong></span> <span class='ocrx_word' id='word_1_238' title='bbox 1136 1275 1208 1303; x_wconf 87' lang='lat' dir='ltr'><strong>quae</strong></span> <span class='ocrx_word' id='word_1_239' title='bbox 1234 1267 1356 1296; x_wconf 87' lang='lat' dir='ltr'><strong>Absenti</strong></span> <span class='ocrx_word' id='word_1_240' title='bbox 1381 1268 1517 1305; x_wconf 72' lang='lat' dir='ltr'><strong>obvenit,</strong></span> <span class='ocrx_word' id='word_1_241' title='bbox 1537 1271 1600 1300; x_wconf 84' lang='lat' dir='ltr'><strong>sive</strong></span> 
     </span>
     <span class='ocr_line' id='line_1_22' title="bbox 80 1315 1600 1357; baseline 0.003 -12"><span class='ocrx_word' id='word_1_242' title='bbox 80 1315 112 1345; x_wconf 78' lang='lat' dir='ltr'><strong>in</strong></span> <span class='ocrx_word' id='word_1_243' title='bbox 135 1317 252 1353; x_wconf 86' lang='lat' dir='ltr'><strong>negotio</strong></span> <span class='ocrx_word' id='word_1_244' title='bbox 272 1317 396 1347; x_wconf 71' lang='lat' dir='ltr'><strong>familiae</strong></span> <span class='ocrx_word' id='word_1_245' title='bbox 419 1319 622 1355; x_wconf 55' lang='lat' dir='ltr'><strong>erciscundae}</strong></span> <span class='ocrx_word' id='word_1_246' title='bbox 642 1320 725 1357; x_wconf 73' lang='lat' dir='ltr'><strong>‘quod</strong></span> <span class='ocrx_word' id='word_1_247' title='bbox 749 1329 782 1349; x_wconf 91' lang='lat' dir='ltr'><strong>ut</strong></span> <span class='ocrx_word' id='word_1_248' title='bbox 803 1321 856 1348; x_wconf 87' lang='lat' dir='ltr'><strong>rite</strong></span> <span class='ocrx_word' id='word_1_249' title='bbox 873 1319 987 1348; x_wconf 84' lang='lat' dir='ltr'><strong>absolvi</strong></span> <span class='ocrx_word' id='word_1_250' title='bbox 1011 1324 1096 1354; x_wconf 82' lang='lat' dir='ltr'><strong>queat</strong></span> <span class='ocrx_word' id='word_1_251' title='bbox 1115 1324 1230 1354; x_wconf 83' lang='lat' dir='ltr'><strong>petente</strong></span> <span class='ocrx_word' id='word_1_252' title='bbox 1253 1327 1308 1354; x_wconf 82' lang='lat' dir='ltr'><strong>eo,</strong></span> <span class='ocrx_word' id='word_1_253' title='bbox 1332 1320 1381 1354; x_wconf 90' lang='lat' dir='ltr'><strong>qui</strong></span> <span class='ocrx_word' id='word_1_254' title='bbox 1402 1320 1524 1356; x_wconf 86' lang='lat' dir='ltr'><strong>primum</strong></span> <span class='ocrx_word' id='word_1_255' title='bbox 1550 1330 1600 1350; x_wconf 88' lang='lat' dir='ltr'><strong>ve-</strong></span> 
     </span>
     <span class='ocr_line' id='line_1_23' title="bbox 78 1366 1601 1409; baseline 0.002 -12"><span class='ocrx_word' id='word_1_256' title='bbox 78 1366 123 1397; x_wconf 83' lang='lat' dir='ltr'><strong>nit</strong></span> <span class='ocrx_word' id='word_1_257' title='bbox 140 1368 213 1404; x_wconf 89' lang='lat' dir='ltr'><strong>(hic</strong></span> <span class='ocrx_word' id='word_1_258' title='bbox 233 1370 306 1398; x_wconf 86' lang='lat' dir='ltr'><strong>enim</strong></span> <span class='ocrx_word' id='word_1_259' title='bbox 331 1370 360 1398; x_wconf 92' lang='lat' dir='ltr'><strong>iu</strong></span> <span class='ocrx_word' id='word_1_260' title='bbox 376 1370 429 1399; x_wconf 64' lang='lat' dir='ltr'><strong>tali&gt;</strong></span> <span class='ocrx_word' id='word_1_261' title='bbox 450 1372 568 1408; x_wconf 83' lang='lat' dir='ltr'><strong>negotio</strong></span> <span class='ocrx_word' id='word_1_262' title='bbox 591 1381 644 1408; x_wconf 89' lang='lat' dir='ltr'><strong>pro</strong></span> <span class='ocrx_word' id='word_1_263' title='bbox 661 1380 759 1401; x_wconf 83' lang='lat' dir='ltr'><strong>actore</strong></span> <span class='ocrx_word' id='word_1_264' title='bbox 773 1371 916 1405; x_wconf 85' lang='lat' dir='ltr'><strong>habetur,</strong></span> <span class='ocrx_word' id='word_1_265' title='bbox 942 1375 1002 1398; x_wconf 75' lang='lat' dir='ltr'><strong>art.</strong></span> <span class='ocrx_word' id='word_1_266' title='bbox 1018 1369 1085 1406; x_wconf 87' lang='lat'><em>966.</em></span> <span class='ocrx_word' id='word_1_267' title='bbox 1109 1369 1178 1399; x_wconf 83' lang='lat' dir='ltr'><strong>Cod.</strong></span> <span class='ocrx_word' id='word_1_268' title='bbox 1200 1370 1234 1398; x_wconf 79' lang='lat' dir='ltr'><strong>de</strong></span> <span class='ocrx_word' id='word_1_269' title='bbox 1257 1376 1318 1399; x_wconf 79' lang='lat' dir='ltr'><strong>rat.</strong></span> <span class='ocrx_word' id='word_1_270' title='bbox 1332 1378 1413 1409; x_wconf 85' lang='lat' dir='ltr'><strong>proc.</strong></span> <span class='ocrx_word' id='word_1_271' title='bbox 1429 1372 1461 1399; x_wconf 82' lang='lat' dir='ltr'><strong>in</strong></span> <span class='ocrx_word' id='word_1_272' title='bbox 1476 1371 1601 1407; x_wconf 54' lang='lat' dir='ltr'><strong>civia),</strong></span> 
     </span>
     <span class='ocr_line' id='line_1_24' title="bbox 78 1419 1597 1460; baseline 0.003 -13"><span class='ocrx_word' id='word_1_273' title='bbox 78 1419 221 1447; x_wconf 82' lang='lat' dir='ltr'><strong>notarium</strong></span> <span class='ocrx_word' id='word_1_274' title='bbox 247 1420 396 1456; x_wconf 86' lang='lat' dir='ltr'><strong>publicum</strong></span> <span class='ocrx_word' id='word_1_275' title='bbox 423 1423 565 1451; x_wconf 75' lang='lat' dir='ltr'><strong>nominari</strong></span> <span class='ocrx_word' id='word_1_276' title='bbox 591 1429 727 1460; x_wconf 82' lang='lat' dir='ltr'><strong>oportet,</strong></span> <span class='ocrx_word' id='word_1_277' title='bbox 750 1423 802 1459; x_wconf 84' lang='lat' dir='ltr'><strong>qui</strong></span> <span class='ocrx_word' id='word_1_278' title='bbox 828 1421 986 1451; x_wconf 77' lang='lat' dir='ltr'><strong>Absentem</strong></span> <span class='ocrx_word' id='word_1_279' title='bbox 1009 1427 1200 1456; x_wconf 78' lang='lat' dir='ltr'><strong>repraesentet</strong></span> <span class='ocrx_word' id='word_1_280' title='bbox 1229 1421 1268 1450; x_wconf 89' lang='lat' dir='ltr'><strong>in·</strong></span> <span class='ocrx_word' id='word_1_281' title='bbox 1291 1422 1427 1451; x_wconf 88' lang='lat' dir='ltr'><strong>omnibus</strong></span> <span class='ocrx_word' id='word_1_282' title='bbox 1450 1422 1597 1458; x_wconf 81' lang='lat' dir='ltr'><strong>negotiis,</strong></span> 
     </span>
     <span class='ocr_line' id='line_1_25' title="bbox 66 1469 838 1510; baseline 0.009 -14"><span class='ocrx_word' id='word_1_283' title='bbox 66 1469 156 1505; x_wconf 78' lang='lat' dir='ltr'><strong>’quae</strong></span> <span class='ocrx_word' id='word_1_284' title='bbox 178 1470 250 1498; x_wconf 81' lang='lat' dir='ltr'><strong>hanc</strong></span> <span class='ocrx_word' id='word_1_285' title='bbox 275 1473 487 1502; x_wconf 84' lang='lat' dir='ltr'><strong>successionem</strong></span> <span class='ocrx_word' id='word_1_286' title='bbox 515 1477 750 1510; x_wconf 66' lang='lat' dir='ltr'><strong>spectant,&#39;art.</strong></span> <span class='ocrx_word' id='word_1_287' title='bbox 775 1481 838 1510; x_wconf 80' lang='lat'>113.</span> 
     </span>
    </p>

    <p class='ocr_par' dir='ltr' id='par_1_6' title="bbox 78 1519 1607 1817">
     <span class='ocr_line' id='line_1_26' title="bbox 119 1519 1598 1560; baseline 0.003 -12"><span class='ocrx_word' id='word_1_288' title='bbox 119 1519 236 1549; x_wconf 85' lang='lat' dir='ltr'><strong>Scilicet</strong></span> <span class='ocrx_word' id='word_1_289' title='bbox 263 1522 425 1558; x_wconf 86' lang='lat' dir='ltr'><strong>antiquitus</strong></span> <span class='ocrx_word' id='word_1_290' title='bbox 449 1525 479 1552; x_wconf 90' lang='lat' dir='ltr'><strong>in</strong></span> <span class='ocrx_word' id='word_1_291' title='bbox 504 1523 620 1553; x_wconf 85' lang='lat' dir='ltr'><strong>Francia</strong></span> <span class='ocrx_word' id='word_1_292' title='bbox 648 1525 681 1553; x_wconf 82' lang='lat' dir='ltr'><strong>ad</strong></span> <span class='ocrx_word' id='word_1_293' title='bbox 705 1525 770 1553; x_wconf 80' lang='lat' dir='ltr'><strong>talia</strong></span> <span class='ocrx_word' id='word_1_294' title='bbox 796 1524 982 1560; x_wconf 83' lang='lat' dir='ltr'><strong>potissimum</strong></span> <span class='ocrx_word' id='word_1_295' title='bbox 1006 1523 1121 1560; x_wconf 82' lang='lat' dir='ltr'><strong>negotia</strong></span> <span class='ocrx_word' id='word_1_296' title='bbox 1145 1524 1264 1560; x_wconf 83' lang='lat' dir='ltr'><strong>gerenda</strong></span> <span class='ocrx_word' id='word_1_297' title='bbox 1286 1522 1468 1552; x_wconf 79' lang='lat' dir='ltr'><strong>Absentibus</strong></span> <span class='ocrx_word' id='word_1_298' title='bbox 1490 1524 1598 1553; x_wconf 80' lang='lat' dir='ltr'><strong>daban·</strong></span> 
     </span>
     <span class='ocr_line' id='line_1_27' title="bbox 80 1572 1607 1611; baseline 0.003 -12"><span class='ocrx_word' id='word_1_299' title='bbox 80 1577 128 1600; x_wconf 82' lang='lat' dir='ltr'><strong>tur</strong></span> <span class='ocrx_word' id='word_1_300' title='bbox 151 1572 325 1608; x_wconf 86' lang='lat' dir='ltr'><strong>Curatores;</strong></span> <span class='ocrx_word' id='word_1_301' title='bbox 347 1575 397 1602; x_wconf 85' lang='lat' dir='ltr'><strong>sed</strong></span> <span class='ocrx_word' id='word_1_302' title='bbox 425 1582 514 1610; x_wconf 88' lang='lat' dir='ltr'><strong>quum</strong></span> <span class='ocrx_word' id='word_1_303' title='bbox 540 1576 712 1611; x_wconf 78' lang='lat' dir='ltr'><strong>experientia</strong></span> <span class='ocrx_word' id='word_1_304' title='bbox 736 1576 851 1611; x_wconf 85' lang='lat' dir='ltr'><strong>saepius</strong></span> <span class='ocrx_word' id='word_1_305' title='bbox 875 1576 1040 1609; x_wconf 77' lang='lat' dir='ltr'><strong>docuisset,</strong></span> <span class='ocrx_word' id='word_1_306' title='bbox 1061 1573 1197 1602; x_wconf 82' lang='lat' dir='ltr'><strong>facillime</strong></span> <span class='ocrx_word' id='word_1_307' title='bbox 1219 1582 1269 1603; x_wconf 87' lang='lat' dir='ltr'><strong>eos</strong></span> <span class='ocrx_word' id='word_1_308' title='bbox 1292 1575 1456 1610; x_wconf 81' lang='lat' dir='ltr'><strong>corrumpi,</strong></span> <span class='ocrx_word' id='word_1_309' title='bbox 1478 1581 1505 1603; x_wconf 87' lang='lat' dir='ltr'><strong>et</strong></span> <span class='ocrx_word' id='word_1_310' title='bbox 1530 1584 1607 1610; x_wconf 53' lang='lat' dir='ltr'><strong>prof</strong></span> 
     </span>
     <span class='ocr_line' id='line_1_28' title="bbox 80 1619 1593 1664; baseline 0.003 -14"><span class='ocrx_word' id='word_1_311' title='bbox 80 1629 144 1659; x_wconf 81' lang='lat' dir='ltr'><strong>pter</strong></span> <span class='ocrx_word' id='word_1_312' title='bbox 159 1619 335 1659; x_wconf 77' lang='lat' dir='ltr'><strong>&#39;imperitiam</strong></span> <span class='ocrx_word' id='word_1_313' title='bbox 351 1631 401 1652; x_wconf 87' lang='lat' dir='ltr'><strong>aut</strong></span> <span class='ocrx_word' id='word_1_314' title='bbox 423 1625 623 1662; x_wconf 80' lang='lat' dir='ltr'><strong>negligentiam</strong></span> <span class='ocrx_word' id='word_1_315' title='bbox 650 1626 828 1655; x_wconf 80' lang='lat' dir='ltr'><strong>Absentibns</strong></span> <span class='ocrx_word' id='word_1_316' title='bbox 848 1626 1019 1661; x_wconf 84' lang='lat' dir='ltr'><strong>plerumque</strong></span> <span class='ocrx_word' id='word_1_317' title='bbox 1034 1633 1094 1653; x_wconf 90' lang='lat' dir='ltr'><strong>non</strong></span> <span class='ocrx_word' id='word_1_318' title='bbox 1126 1625 1195 1653; x_wconf 82' lang='lat' dir='ltr'><strong>satis</strong></span> <span class='ocrx_word' id='word_1_319' title='bbox 1219 1625 1403 1661; x_wconf 83' lang='lat' dir='ltr'><strong>prospicere,</strong></span> <span class='ocrx_word' id='word_1_320' title='bbox 1424 1634 1499 1656; x_wconf 87' lang='lat' dir='ltr'><strong>anno</strong></span> <span class='ocrx_word' id='word_1_321' title='bbox 1520 1634 1593 1664; x_wconf 84' lang='lat'>1791</span> 
     </span>
     <span class='ocr_line' id='line_1_29' title="bbox 79 1674 1601 1712; baseline 0.003 -10"><span class='ocrx_word' id='word_1_322' title='bbox 79 1674 200 1710; x_wconf 74' lang='lat' dir='ltr'><strong>generali</strong></span> <span class='ocrx_word' id='word_1_323' title='bbox 216 1674 276 1710; x_wconf 85' lang='lat' dir='ltr'><strong>lege</strong></span> <span class='ocrx_word' id='word_1_324' title='bbox 293 1683 406 1704; x_wconf 86' lang='lat' dir='ltr'><strong>cautum</strong></span> <span class='ocrx_word' id='word_1_325' title='bbox 423 1684 486 1712; x_wconf 83' lang='lat' dir='ltr'><strong>est,</strong></span> <span class='ocrx_word' id='word_1_326' title='bbox 507 1683 540 1705; x_wconf 89' lang='lat' dir='ltr'><strong>ut</strong></span> <span class='ocrx_word' id='word_1_327' title='bbox 556 1678 590 1706; x_wconf 86' lang='lat' dir='ltr'><strong>ad</strong></span> <span class='ocrx_word' id='word_1_328' title='bbox 610 1685 640 1706; x_wconf 86' lang='lat' dir='ltr'><strong>ea</strong></span> <span class='ocrx_word' id='word_1_329' title='bbox 657 1677 814 1706; x_wconf 78' lang='lat' dir='ltr'><strong>ordinanda</strong></span> <span class='ocrx_word' id='word_1_330' title='bbox 831 1677 967 1704; x_wconf 82' lang='lat' dir='ltr'><strong>notarius</strong></span> <span class='ocrx_word' id='word_1_331' title='bbox 986 1675 1203 1705; x_wconf 47' lang='lat' dir='ltr'><strong>nominaretur«</strong></span> <span class='ocrx_word' id='word_1_332' title='bbox 1240 1676 1305 1704; x_wconf 87' lang='lat' dir='ltr'><strong>Hoc</strong></span> <span class='ocrx_word' id='word_1_333' title='bbox 1322 1676 1420 1712; x_wconf 81' lang='lat' dir='ltr'><strong>itaque</strong></span> <span class='ocrx_word' id='word_1_334' title='bbox 1439 1677 1468 1706; x_wconf 86' lang='lat' dir='ltr'><strong>in</strong></span> <span class='ocrx_word' id='word_1_335' title='bbox 1487 1678 1601 1708; x_wconf 78' lang='lat' dir='ltr'><strong>hodier-</strong></span> 
     </span>
     <span class='ocr_line' id='line_1_30' title="bbox 79 1724 1601 1764; baseline 0.004 -12"><span class='ocrx_word' id='word_1_336' title='bbox 79 1731 147 1753; x_wconf 78' lang='lat' dir='ltr'><strong>num</strong></span> <span class='ocrx_word' id='word_1_337' title='bbox 173 1724 311 1754; x_wconf 81' lang='lat' dir='ltr'><strong>Codicem</strong></span> <span class='ocrx_word' id='word_1_338' title='bbox 340 1726 496 1763; x_wconf 69' lang='lat' dir='ltr'><strong>migravit,</strong></span> <span class='ocrx_word' id='word_1_339' title='bbox 521 1735 567 1764; x_wconf 85' lang='lat' dir='ltr'><strong>et,</strong></span> <span class='ocrx_word' id='word_1_340' title='bbox 597 1728 664 1757; x_wconf 88' lang='lat' dir='ltr'><strong>licet</strong></span> <span class='ocrx_word' id='word_1_341' title='bbox 695 1729 723 1757; x_wconf 90' lang='lat' dir='ltr'><strong>in</strong></span> <span class='ocrx_word' id='word_1_342' title='bbox 751 1728 871 1763; x_wconf 78' lang='lat' dir='ltr'><strong>reliquis</strong></span> <span class='ocrx_word' id='word_1_343' title='bbox 894 1726 1021 1763; x_wconf 69' lang='lat' dir='ltr'><strong>judicum</strong></span> <span class='ocrx_word' id='word_1_344' title='bbox 1049 1726 1216 1762; x_wconf 72' lang='lat' dir='ltr'><strong>prudentiae</strong></span> <span class='ocrx_word' id='word_1_345' title='bbox 1242 1727 1313 1756; x_wconf 85' lang='lat' dir='ltr'><strong>satis</strong></span> <span class='ocrx_word' id='word_1_346' title='bbox 1343 1728 1474 1757; x_wconf 83' lang='lat' dir='ltr'><strong>confisus</strong></span> <span class='ocrx_word' id='word_1_347' title='bbox 1497 1729 1536 1758; x_wconf 83' lang='lat' dir='ltr'><strong>sit</strong></span> <span class='ocrx_word' id='word_1_348' title='bbox 1559 1729 1601 1758; x_wconf 87' lang='lat' dir='ltr'><strong>le·</strong></span> 
     </span>
     <span class='ocr_line' id='line_1_31' title="bbox 78 1774 1599 1817; baseline 0.003 -13"><span class='ocrx_word' id='word_1_349' title='bbox 78 1774 217 1812; x_wconf 69' lang='lat' dir='ltr'><strong>gislator,</strong></span> <span class='ocrx_word' id='word_1_350' title='bbox 240 1776 378 1812; x_wconf 75' lang='lat' dir='ltr'><strong>quoniam</strong></span> <span class='ocrx_word' id='word_1_351' title='bbox 403 1777 432 1806; x_wconf 89' lang='lat' dir='ltr'><strong>in</strong></span> <span class='ocrx_word' id='word_1_352' title='bbox 458 1779 503 1808; x_wconf 86' lang='lat' dir='ltr'><strong>his</strong></span> <span class='ocrx_word' id='word_1_353' title='bbox 526 1787 559 1809; x_wconf 76' lang='lat' dir='ltr'><strong>ex</strong></span> <span class='ocrx_word' id='word_1_354' title='bbox 575 1780 716 1816; x_wconf 81' lang='lat' dir='ltr'><strong>praesenti</strong></span> <span class='ocrx_word' id='word_1_355' title='bbox 741 1786 834 1808; x_wconf 81' lang='lat' dir='ltr'><strong>rerum</strong></span> <span class='ocrx_word' id='word_1_356' title='bbox 859 1784 937 1807; x_wconf 81' lang='lat' dir='ltr'><strong>statu</strong></span> <span class='ocrx_word' id='word_1_357' title='bbox 959 1784 986 1806; x_wconf 87' lang='lat' dir='ltr'><strong>et</strong></span> <span class='ocrx_word' id='word_1_358' title='bbox 1006 1785 1152 1808; x_wconf 81' lang='lat' dir='ltr'><strong>momento</strong></span> <span class='ocrx_word' id='word_1_359' title='bbox 1178 1778 1286 1816; x_wconf 87' lang='lat' dir='ltr'><strong>optime</strong></span> <span class='ocrx_word' id='word_1_360' title='bbox 1306 1779 1435 1817; x_wconf 68' lang='lat' dir='ltr'><strong>⁸iudicare</strong></span> <span class='ocrx_word' id='word_1_361' title='bbox 1455 1787 1599 1817; x_wconf 64' lang='lat' dir='ltr'><strong>possent„</strong></span> 
     </span>
    </p>

    <p class='ocr_par' dir='ltr' id='par_1_7' title="bbox 1530 1832 1599 1868">
     <span class='ocr_line' id='line_1_32' title="bbox 1530 1832 1599 1868; baseline 0.014 -8"><span class='ocrx_word' id='word_1_362' title='bbox 1530 1832 1599 1868; x_wconf 85' lang='lat' dir='ltr'><strong>quid</strong></span> 
     </span>
    </p>
   </div>
   <div class='ocr_carea' id='block_1_5' title="bbox 107 1912 1340 2029">
    <p class='ocr_par' dir='ltr' id='par_1_8' title="bbox 107 1912 1340 2029">
     <span class='ocr_line' id='line_1_33' title="bbox 107 1912 1100 1946; baseline 0.013 -12"><span class='ocrx_word' id='word_1_363' title='bbox 107 1912 176 1941; x_wconf 60' lang='lat' dir='ltr'><strong>(aa)</strong></span> <span class='ocrx_word' id='word_1_364' title='bbox 192 1913 260 1938; x_wconf 72' lang='lat' dir='ltr'><strong>vum.</strong></span> <span class='ocrx_word' id='word_1_365' title='bbox 284 1915 383 1944; x_wconf 61' lang='lat' dir='ltr'><strong>Mum,</strong></span> <span class='ocrx_word' id='word_1_366' title='bbox 398 1919 463 1941; x_wconf 74' lang='lat' dir='ltr'><strong>rom.</strong></span> <span class='ocrx_word' id='word_1_367' title='bbox 477 1918 504 1940; x_wconf 78' lang='grc' dir='ltr'><strong>Π.</strong></span> <span class='ocrx_word' id='word_1_368' title='bbox 522 1926 545 1946; x_wconf 81' lang='grc' dir='ltr'><strong>ρ.</strong></span> <span class='ocrx_word' id='word_1_369' title='bbox 562 1924 609 1942; x_wconf 82' lang='lat' dir='ltr'><strong>m.</strong></span> <span class='ocrx_word' id='word_1_370' title='bbox 640 1918 790 1946; x_wconf 50' lang='lat' dir='ltr'><strong>cvnfxmqe,</strong></span> <span class='ocrx_word' id='word_1_371' title='bbox 811 1919 879 1941; x_wconf 59' lang='lat' dir='ltr'><strong>T&#39;om.</strong></span> <span class='ocrx_word' id='word_1_372' title='bbox 894 1918 911 1940; x_wconf 67' lang='grc' dir='ltr'><strong>Υ.</strong></span> <span class='ocrx_word' id='word_1_373' title='bbox 929 1921 1100 1946; x_wconf 38' lang='grc' dir='ltr'><strong>»παπ-308·</strong></span> 
     </span>
     <span class='ocr_line' id='line_1_34' title="bbox 108 1953 1340 1989; baseline 0.003 -10"><span class='ocrx_word' id='word_1_374' title='bbox 108 1953 173 1981; x_wconf 82' lang='grc'><strong>(11)</strong></span> <span class='ocrx_word' id='word_1_375' title='bbox 191 1955 240 1977; x_wconf 69' lang='grc' dir='ltr'><strong>γἰᾶ-</strong></span> <span class='ocrx_word' id='word_1_376' title='bbox 261 1956 371 1985; x_wconf 71' lang='lat' dir='ltr'><strong>Pailh&#39;et,</strong></span> <span class='ocrx_word' id='word_1_377' title='bbox 388 1959 481 1978; x_wconf 75' lang='lat' dir='ltr'><strong>Manml</strong></span> <span class='ocrx_word' id='word_1_378' title='bbox 501 1959 526 1979; x_wconf 79' lang='lat' dir='ltr'><strong>de</strong></span> <span class='ocrx_word' id='word_1_379' title='bbox 549 1960 616 1980; x_wconf 77' lang='lat' dir='ltr'><strong>Droit</strong></span> <span class='ocrx_word' id='word_1_380' title='bbox 637 1961 760 1988; x_wconf 69' lang='lat' dir='ltr'><strong>l&#39;raufais,</strong></span> <span class='ocrx_word' id='word_1_381' title='bbox 773 1962 800 1983; x_wconf 80' lang='lat' dir='ltr'><strong>ad</strong></span> <span class='ocrx_word' id='word_1_382' title='bbox 817 1966 856 1983; x_wconf 74' lang='lat' dir='ltr'><strong>m.</strong></span> <span class='ocrx_word' id='word_1_383' title='bbox 873 1965 921 1983; x_wconf 77' lang='lat'>112.</span> <span class='ocrx_word' id='word_1_384' title='bbox 936 1961 1021 1984; x_wconf 68' lang='lat' dir='ltr'><strong>innox.</strong></span> <span class='ocrx_word' id='word_1_385' title='bbox 1042 1968 1065 1989; x_wconf 85' lang='lat' dir='ltr'><strong>p.</strong></span> <span class='ocrx_word' id='word_1_386' title='bbox 1080 1960 1117 1983; x_wconf 85' lang='lat'><strong>66.</strong></span> <span class='ocrx_word' id='word_1_387' title='bbox 1139 1959 1194 1983; x_wconf 83' lang='lat' dir='ltr'><strong>edit.</strong></span> <span class='ocrx_word' id='word_1_388' title='bbox 1207 1959 1295 1985; x_wconf 64' lang='lat' dir='ltr'><strong>tertiae}</strong></span> <span class='ocrx_word' id='word_1_389' title='bbox 1333 1963 1340 1968; x_wconf 74' lang='grc'><em>“</em></span> 
     </span>
     <span class='ocr_line' id='line_1_35' title="bbox 108 1993 530 2029; baseline 0.014 -12"><span class='ocrx_word' id='word_1_390' title='bbox 108 1993 178 2022; x_wconf 31' lang='lat'><strong>(⁴¹8)</strong></span> <span class='ocrx_word' id='word_1_391' title='bbox 192 1996 244 2018; x_wconf 69' lang='lat' dir='ltr'><strong>Vid.</strong></span> <span class='ocrx_word' id='word_1_392' title='bbox 258 1996 371 2025; x_wconf 69' lang='lat' dir='ltr'><strong>Pafum,</strong></span> <span class='ocrx_word' id='word_1_393' title='bbox 387 2000 408 2022; x_wconf 81' lang='lat' dir='ltr'><strong>d.</strong></span> <span class='ocrx_word' id='word_1_394' title='bbox 424 2002 440 2024; x_wconf 76' lang='lat' dir='ltr'><strong>l.</strong></span> <span class='ocrx_word' id='word_1_395' title='bbox 457 2003 530 2029; x_wconf 63' lang='lat' dir='ltr'><strong>vas·</strong></span> 
     </span>
    </p>
   </div>
  </div>
 </body>
</html>
