1913 2417
271 169 306 204 38
608 163 1455 202 P.J.UYLEN13ROEK

277 257 358 281 sunt.
408 246 554 278 Nimirum
589 254 672 285 negat
705 255 835 283 aquam,
871 256 943 283 quae
988 248 1113 285 lagenam
1147 256 1235 284 aquae
1264 248 1422 276 immersam
1457 248 1563 283 intrat,
1591 255 1654 277 esse
1676 256 1792 279 causam

280 303 435 332 descensus
468 301 604 337 lagenae,
642 307 674 328 ut
708 300 790 327 ceteri
822 300 984 328 statuebant
1017 299 1146 336 Physici.
1201 299 1335 334 Inprimis
1366 298 1479 328 Nolleti
1508 299 1688 328 ratiocinatio
1715 300 1790 336 fuit,

287 362 359 390 quae
382 353 478 390 ipsum
501 351 716 386 Hesselingium
744 351 778 379 ad
801 351 1039 387 conclusionem,
1069 359 1140 387 quae
1161 359 1195 379 ex
1217 350 1270 379 illo
1293 351 1485 386 experimento
1509 351 1610 379 deduci
1635 350 1726 385 solet,
1754 357 1794 379 at-

284 411 395 434 tentum
420 401 552 431 reddidit.
603 401 741 430 Nolletus
773 402 881 438 quippe
912 403 976 440 (1)
1015 404 1056 431 sic
1086 401 1292 431 ratiocinatur:
1331 402 1451 430 duorum
1480 410 1634 438 corporum
1661 410 1676 430 e
1699 401 1792 430 bilan-

289 456 315 485 ci
342 453 522 491 pendentium
556 453 627 481 iilud
655 453 771 490 gravius
797 451 920 488 dicitur,
951 455 1030 489 quod
1060 454 1178 482 alterum
1212 452 1289 480 tollit
1318 459 1345 480 et
1367 453 1537 482 adscendere
1567 452 1647 481 facit.
1684 452 1744 489 Jam
1767 451 1792 480 si

287 508 405 542 lagena,
428 504 477 533 ubi
505 511 577 540 aqua
603 511 645 533 est
664 505 798 539 impleta,
828 505 945 533 alterum
969 505 1091 534 bilancis
1115 504 1281 539 brachium,
1310 504 1389 539 quod
1412 504 1612 539 aequilibrium
1635 505 1794 532 constitue-

287 559 358 593 bat,
386 556 515 591 attollit,
545 555 624 584 nulla
651 555 740 592 hujus
768 555 806 584 rei
831 556 884 584 alia
909 562 1006 591 potest
1031 563 1093 583 esse
1120 562 1224 589 causa,
1250 554 1307 582 nisi
1329 563 1419 589 aqua,
1446 563 1517 590 quae
1540 555 1665 591 lagenam
1685 556 1796 590 gravio-

287 617 344 638 rem
370 608 461 637 reddit
494 615 578 642 quam
607 612 686 635 antea
713 606 817 637 fuerat.
858 606 946 635 Porro
973 613 1005 634 ut
1029 605 1186 642 probetur,
1217 606 1286 634 illud
1313 605 1448 642 ponderis
1472 613 1676 642 augmentum,
1706 614 1794 642 aquae

287 660 420 694 intranti,
444 659 563 696 ejusque
590 657 709 694 ponderi
733 665 795 686 esse
821 658 1023 693 tribuendum,
1053 656 1255 692 aequilibrium
1279 657 1468 692 restituatur,
1497 657 1736 693 conti-apondium
1763 656 1796 685 in

283 711 369 739 altera
384 711 463 738 lance
479 709 622 746 ponendo.
664 708 728 737 Iloc
747 709 863 744 pondus
877 709 1004 737 additum
1019 717 1139 744 prorsus
1156 708 1272 743 aequale
1294 707 1347 736 erit
1374 708 1494 744 ponderi
1515 716 1624 743 aquae,
1646 707 1676 736 in
1696 708 1794 744 lagena

290 768 464 797 contentae,
488 761 513 789 si
539 769 588 796 per
611 768 642 789 se
667 767 693 788 et
717 761 835 790 seorsim
859 768 873 788 a
896 768 1008 796 massa,
1035 761 1119 797 cujus
1143 766 1251 795 partem
1274 759 1487 794 constituebat,
1517 760 1632 795 pondus
1662 759 1724 796 ejus
1747 767 1795 787 ex-

284 814 424 849 ploretur.
467 811 543 840 Hinc
571 811 744 847 unicuique,
766 811 790 840 si
816 811 891 840 forte
913 811 1006 839 adhuc
1026 811 1091 846 quis
1115 811 1246 845 dubitet,
1274 809 1402 846 patebit,
1433 810 1513 838 fluidi
1539 811 1725 845 quantitatem
1746 810 1796 838 de·

284 863 459 891 terminatam
489 871 601 898 semper
625 871 704 892 suam
729 863 889 891 absolutam
916 862 1060 898 propriam
1088 861 1254 896 gravitatem
1287 860 1426 896 retinere,
1456 861 1516 890 sive
1547 861 1587 889 sit
1611 869 1676 896 pars
1700 851 1792 890 multo

284 914 398 951 majoris
425 922 554 949 massae,
576 914 637 943 sive
661 923 711 949 per
729 922 761 943 se
782 920 809 942 et
832 913 950 941 seorsim
974 912 1181 941 consideretur.

322 965 398 994 Haec
423 965 534 994 Nolleti
559 965 760 1000 ratiocinatio,
782 973 815 994 ex
838 963 1011 998 Hesselingii
1038 963 1192 998 sententia,
1220 962 1324 992 falsam
1348 971 1411 992 esse
1440 964 1654 992 conclusionem
1679 964 1798 992 demon«

287 1022 370 1044 strat.
419 1016 534 1044 Etenim
563 1016 588 1044 si
613 1024 709 1044 verum
738 1022 800 1050 est,
831 1015 911 1050 quod
942 1014 1072 1050 perhibet
1097 1013 1260 1050 Nollctus,
1291 1023 1392 1050 aquam
1425 1014 1536 1043 scilicet
1562 1015 1592 1043 in
1623 1023 1695 1050 aqua
1723 1023 1798 1051 pon-

286 1067 430 1102 deratam,
455 1067 621 1102 gravitatem
649 1075 727 1095 suam
754 1066 914 1094 absolutam
941 1065 1078 1099 retinere,
1099 1072 1188 1099 aeque
1211 1073 1242 1093 ac
1266 1065 1295 1093 in
1319 1065 1400 1100 aEre,
1430 1071 1490 1092 tuin
1516 1065 1595 1093 cadat
1617 1073 1732 1095 necesse
1754 1071 1799 1094 est

290 1118 335 1146 lex
359 1117 585 1153 Hydrostatica‚
605 1127 689 1154 quae
712 1118 815 1152 docet,
843 1117 1071 1152 unumquodque
1102 1124 1209 1152 corpus
1239 1117 1330 1145 fluido
1357 1117 1520 1144 immersum
1552 1116 1686 1152 ponderis
1704 1117 1800 1154 jactu-

286 1177 344 1197 ram
370 1168 448 1205 pati‚
478 1177 550 1205 quae
577 1175 623 1198 est
651 1169 680 1197 in
705 1169 814 1198 ratione
839 1167 989 1197 densitatis
1012 1167 1104 1203 ipsius
1127 1166 1218 1196 fluidi.
1259 1168 1372 1204 Aquam
1395 1168 1468 1197 enim
1490 1167 1519 1196 in
1543 1176 1614 1203 aqua
1641 1168 1802 1197 secundum

290 1219 363 1248 hanc
387 1221 498 1257 legem,
528 1221 636 1257 quippe
659 1220 687 1249 in
711 1220 800 1248 fluido
829 1220 951 1256 ejusdem
972 1218 1142 1253 densitatis,
1164 1225 1255 1248 totum
1275 1228 1360 1248 suum
1386 1220 1501 1255 pondus
1520 1218 1649 1247 amittere
1669 1223 1799 1254 oportet.

292 1270 369 1300 Hinc
391 1272 446 1308 jam
476 1272 583 1300 confici
608 1277 726 1308 potest,
757 1272 928 1300 descensum
956 1270 1071 1306 lagenae
1091 1271 1251 1300 necessario
1284 1272 1332 1300 alii
1363 1279 1481 1302 causae,
1510 1278 1594 1306 quam
1621 1268 1803 1306 gravitavioni

290 1330 380 1357 aquae
406 1331 468 1351 esse
490 1323 685 1351 tribuendum.
727 1322 761 1350 In
786 1322 861 1350 illam
887 1321 987 1356 itaque
1011 1329 1123 1348 causam
1151 1321 1351 1357 Hesselingitts
1382 1321 1523 1356 inquirit,
1545 1320 1679 1355 illamque
1703 1328 1734 1348 se
1756 1319 1803 1349 in-

290 1373 403 1401 venisse
427 1373 528 1401 statuit
551 1373 580 1401 in
609 1373 730 1402 diluet-sis
753 1372 942 1401 densitatibus
972 1372 1093 1400 duorum
1122 1379 1275 1406 corporum
1293 1392 1304 1407 ,
1338 1380 1409 1407 quae
1442 1372 1472 1399 in
1496 1378 1569 1406 aqua
1593 1371 1801 1406 ponderantur.

289 1423 425 1452 Alterum
444 1423 553 1452 scilicet
571 1432 677 1459 corpus
695 1430 736 1452 est
758 1425 879 1461 lagena,
907 1423 988 1459 (ai-ire
1009 1421 1116 1457 vacua‘,
1144 1423 1300 1450 secundum
1323 1423 1482 1458 Boyleum,
1508 1423 1598 1450 aerem
1623 1422 1798 1458 continens,

294 1474 451 1502 secundum
482 1473 656 1513 Nolletum)
683 1476 802 1503 alterum
834 1481 942 1509 corpus
966 1480 1010 1501 est
1043 1473 1147 1509 lagena
1183 1483 1289 1510 aquam
1319 1473 1475 1501 continens.
1526 1473 1661 1501 Densitas
1691 1479 1804 1507 semper

290 1524 393 1560 pendet
416 1532 431 1551 a
457 1532 549 1553 massa
573 1531 600 1554 et
631 1526 779 1554 volumine
796 1545 807 1559 ‚
837 1531 864 1552 et
897 1524 1030 1559 quidem,
1060 1530 1092 1550 ut
1115 1522 1312 1552 Mathematici
1343 1523 1464 1558 dicunt,
1492 1529 1534 1551 est
1567 1522 1596 1551 in
1625 1523 1735 1552 ratione
1758 1523 1802 1552 di-

290 1593 366 1615 recta
393 1595 530 1623 massae,
561 1594 589 1616 et
616 1588 727 1617 inversa
750 1587 927 1621 voluminis,
954 1587 1016 1615 sive
1038 1586 1064 1614 D
1091 1596 1126 1613 z
1147 1561 1190 1637 {71²
1227 1586 1287 1623 Jam
1316 1587 1345 1616 in
1375 1587 1467 1623 primo
1497 1594 1565 1614 casu
1583 1607 1594 1621 ‚
1623 1586 1673 1615 ubi
1703 1588 1801 1624 lagena

291 1660 355 1680 cum
374 1651 416 1679 vel
440 1651 502 1679 sine
527 1651 586 1679 aei-e
602 1652 791 1687 ponderatur,
814 1658 934 1679 massam
961 1649 1116 1678 coustituit
1139 1650 1243 1678 vitrum
1267 1658 1322 1678 una
1342 1658 1405 1678 etun
1427 1650 1486 1678 aere
1512 1649 1647 1682 incluso,
1668 1642 1797 1677 vcl'sine

290 1710 344 1738 eo3
369 1702 501 1731 volumen
524 1710 592 1731 vero
616 1703 733 1738 aequale
759 1709 804 1731 est
826 1701 941 1737 spatio,
970 1701 1048 1736 quod
1075 1701 1173 1736 lagena
1191 1699 1301 1736 implet.
1351 1700 1396 1728 Sit
1417 1709 1446 1728 v.
1466 1707 1495 1736 g.
1520 1706 1612 1727 massa
1631 1707 1667 1725 =
1687 1699 1723 1733 8,
1751 1707 1804 1728 vo-

1761 1751 1805 1778 lu-

296 1816 421 1838 cultoribus
439 1816 626 1844 communicavit,
650 1823 674 1839 ut
693 1817 726 1839 sic
746 1823 825 1839 eorum
847 1819 874 1839 de
893 1822 922 1838 eo
945 1815 1077 1838 sententiam
1096 1814 1247 1843 intelligerem
1268 1821 1311 1838 nce
1330 1820 1386 1837 vero
1409 1814 1464 1836 iliud
1492 1812 1579 1842 publici
1603 1812 1659 1837 iuris
1678 1813 1741 1836 fecit.
1770 1815 1799 1836 At

297 1863 352 1879 vtro
373 1859 437 1879 noct.
464 1864 504 1879 van
525 1860 614 1881 Marum
641 1859 662 1880 in
690 1859 734 1881 hoc
761 1858 894 1887 opusculum
916 1857 1121 1880 animadversiones
1141 1864 1205 1883 suas,
1230 1857 1282 1880 dein
1302 1857 1471 1882 memorandas,
1493 1854 1513 1876 in
1529 1853 1626 1881 epistola
1647 1855 1674 1877 ad
1695 1856 1730 1878 ci,
1746 1855 1805 1878 Hes·

291 1901 407 1924 scingium
426 1900 497 1921 edidit
516 1906 573 1921 anno
595 1901 662 1922 1206:
686 1899 764 1926 quibuz
788 1899 1019 1926 animadversionibus
1039 1906 1084 1921 nou
1112 1901 1140 1922 de
1165 1899 1273 1921 industria
1299 1899 1415 1923 respondit
1444 1897 1596 1924 Hessclingiua
1609 1911 1618 1923 ‚
1638 1897 1681 1918 nid
1700 1896 1803 1923 ‹equend

292 1945 365 1964 nuno,
389 1946 433 1966 quo
451 1940 529 1961 iterum
551 1941 639 1967 'telgica
661 1942 733 1968 lingua
757 1943 889 1969 opusculum
909 1947 972 1964 suum
998 1942 1020 1964 in
1037 1940 1113 1963 lucem
1136 1941 1224 1964 emisit,
1247 1941 1287 1961 sub
1305 1939 1385 1961 titulo:
1411 1940 1594 1965 Hydreum-<che
1621 1937 1802 1966 Verhnndelin1‚

293 1981 430 2002 behelzendc
457 1982 628 2008 aanmcrkingcu
648 1988 678 2010 op
699 1984 727 2005 de
746 1984 850 2010 muling,
873 1981 1016 2005 vloeistoffeu
1037 1988 1117 2010 wegen
1138 1982 1160 2005 in
1178 1981 1347 2009 gelijksoortige
1367 1981 1529 2007 vloeistoffen»
1554 1985 1602 2002 “⁰-

322 2021 372 2049 (ι)
394 2023 408 2043 1.
433 2028 454 2044 c.
