1913 2417
383 145 889 179 commnnrarto
949 148 1304 177 ΒοΤΑΝΙοΑ.
1567 126 1604 183 5}

87 233 224 263 tuendum
250 238 304 261 est.
345 231 419 260 Nam
442 240 493 261 nec
510 232 588 266 olea,
611 240 663 260 nec
684 232 784 265 acida,
806 239 858 259 nec
875 231 1043 265 sacharum,
1066 238 1118 259 nec
1134 229 1240 258 resinas
1254 250 1263 264 ‚
1287 238 1300 257 a
1323 229 1430 265 plantis
1451 238 1484 258 ex
1513 230 1602 259 humo

89 285 186 312 aci-eve
209 283 288 312 intus
319 283 454 319 suscipi,
484 291 574 318 neque
599 282 634 310 ad
662 282 851 310 immediatam
885 282 1010 318 ipsarum
1043 281 1231 310 nutritionem
1256 281 1357 309 idonea
1383 288 1465 316 esse,
1498 280 1598 310 exinde

81 336 137 373 jam
164 341 263 371 patet,
287 335 366 370 quod
389 342 483 370 neque
501 334 608 362 semina
632 333 659 361 in
684 333 777 368 oleis,
799 334 843 362 vel
864 333 951 362 acidis
975 332 1206 370 vegetabilibus,
1237 331 1481 367 mineralibusque
1514 331 1599 368 (nisi

81 395 156 422 aqua
179 386 299 414 maxime
314 385 462 422 dilutis),
487 384 667 421 germinent,
697 392 789 420 neque
809 384 943 420 plantae,
968 384 1114 413 radicibus
1132 383 1193 413 suis
1212 383 1240 412 in
1259 384 1368 412 easdem
1387 383 1517 411 materias
1539 382 1601 410 col-

81 438 207 472 locatae,
237 444 286 465 aut
311 437 346 465 iis
371 436 476 473 largius
503 436 702 470 humectatae,
727 441 857 472 vegetare
880 442 998 472 pergant
1021 436 1084 472 (27
1094 436 1121 472 ).
1162 435 1402 464 Concludendum
1431 433 1520 471 igitur
1536 440 1597 468 est,

82 489 133 516 has
162 489 291 517 materias
325 488 485 524 singulares
516 495 531 515 e
559 487 800 515 nutrimentorum
831 487 990 515 secretione
1019 488 1103 523 (quii
1132 485 1283 515 functione
1321 486 1350 514 in
1383 484 1598 522 Physiologicis

81 539 154 569 nihil
177 548 239 568 esse
269 539 443 573 obscurius,
474 547 532 567 non
556 538 697 566 immerito
720 546 840 573 questus
861 544 904 566 est
929 537 1115 573 Hallerus),
1140 545 1154 566 e
1176 545 1225 574 gas
1248 537 1419 574 hydrogenii
1446 535 1601 572 inprimiS,

82 597 110 619 et
135 599 184 627 gas
207 591 282 619 acidi
305 590 450 619 carbonici
472 590 621 618 connubio
641 590 700 626 (28
713 590 727 626 )
740 609 750 624 ‚
777 589 855 625 gigni
871 610 880 625 ,
905 596 932 619 et
947 599 1000 626 pro
1017 589 1117 618 leviori
1136 589 1296 625 graviorive
1313 587 1472 616 mutatione
1494 592 1522 614 et
1539 594 1605 615 mo·

85 641 270 678 dificatione‚
300 650 372 677 quas
396 641 463 669 haec
490 641 632 676 principia
665 640 694 668 in
718 639 854 668 foliorum
879 641 996 678 organis
1017 640 1180 670 secretoriis
1211 639 1380 676 patiantur,
1402 637 1526 667 differre.

120 692 218 730 Quum
244 693 272 720 hi
297 693 431 720 humores
462 690 665 720 excrementitii
697 691 882 727 singulares,
913 699 992 721 tanta
1016 692 1050 720 ab
1080 693 1136 720 una
1160 698 1239 727 parte
1263 691 1397 719 varietate
1423 690 1536 724 ludere,
1565 688 1606 717 ab'

83 744 170 772 altera
195 752 263 772 vcro
288 744 368 772 tanta
393 742 527 771 affinitate
550 742 671 770 invicem
695 742 779 777 quasi
804 743 950 772 confluere
964 743 1132 779 videantur,
1157 751 1237 777 non,
1265 741 1320 769 nisi
1339 742 1374 769 ad
1389 740 1509 769 maxime
1531 738 1609 768 arbi=

82 795 181 823 trarias
209 796 335 830 classes,
362 794 477 822 eosdem
510 793 634 829 redigere
668 793 762 829 licet;
790 793 820 822 in
849 795 1018 823 universum
1053 802 1123 824 vero
1151 794 1186 822 ad
1215 791 1362 828 sequentia
1394 790 1492 819 reduci
1517 797 1606 826 posse

80 845 228 875 videntur.

125 905 150 926 1.
181 897 206 924 A
228 896 433 925 nonnullorum
460 894 662 926 vegetabilium
690 893 771 922 foliis
805 895 932 930 gummi,
955 895 989 923 ab
1018 895 1103 931 aliis,
1130 902 1162 923 ut
1185 903 1200 923 a
1223 892 1379 922 Mai-tiniae
1400 891 1487 928 (29)
1519 889 1608 919 folio-

83 956 144 976 rum
173 947 270 984 pube,
301 947 399 982 liquor
422 946 576 979 viscosus,
599 945 633 973 ab
660 945 723 972 aliis
755 946 881 982 resinae,
909 954 940 974 nt
967 955 981 975 a
1012 947 1187 975 Fraxinellae
1211 944 1297 973 foliis*
1332 944 1430 978 (quae
1453 943 1549 978 planta
1576 941 1609 970 in

82 999 145 1027 aere
169 998 347 1033 tranquillo,
368 1003 395 1025 et
417 997 499 1024 valde
522 996 636 1030 calido,
660 996 870 1031 Atmospliaera
887 997 1082 1026 inssammabili
1098 997 1175 1032 cingi
1192 995 1325 1031 fernir),
1353 994 1387 1022 ab
1405 993 1469 1021 aliis
1485 993 1598 1021 demum

82 1058 164 1078 cerae
186 1054 396 1082 excernuntur,
419 1047 527 1082 quibus
554 1045 623 1074 folia
649 1047 732 1081 quasi
753 1047 927 1076 illiniuntur.
970 1049 1008 1076 Hi
1027 1050 1110 1077 succi
1132 1045 1281 1082 inspissati
1298 1045 1466 1081 plerumque
1489 1043 1604 1079 quidem

83 1101 185 1137 magna
206 1108 221 1128 e
242 1098 324 1128 toliis
348 1104 451 1127 exeunt
474 1098 580 1135 copia,
610 1098 645 1126 de
665 1106 763 1126 eorum
788 1106 853 1127 vero
884 1099 1104 1136 transpiratione
1131 1105 1192 1127 non
1217 1096 1256 1125 ita
1286 1095 1322 1124 acl
1345 1095 1482 1130 oculum,
1513 1101 1600 1130 quam

82 1152 117 1181 de
137 1159 227 1186 aquae
251 1150 450 1184 exhalatione,
470 1154 597 1178 constat.

125 1211 154 1230 2.
184 1200 370 1237 Camphora,
398 1208 506 1235 corpus
531 1199 601 1227 illud
624 1199 654 1227 in
686 1199 908 1235 Atmosphaerae
939 1207 1128 1237 temperatura
1156 1199 1292 1234 volatile,
1321 1195 1430 1226 coloris
1463 1194 1601 1231 candidi,

83 1253 204 1290 proprio
227 1252 383 1286 validoque
407 1251 522 1286 pollens
546 1250 655 1285 odore,
677 1249 707 1278 in
730 1251 881 1279 nonnullis
905 1250 1012 1286 plantis
1041 1249 1195 1279 odoriferis
1221 1255 1301 1278 tanta
1331 1248 1410 1276 adest
1435 1245 1539 1282 copia,
1566 1252 1601 1274 ut

85 1311 100 1332 e
122 1303 212 1332 Lauri
241 1301 443 1337 Camphorae‚
472 1301 563 1329 Lauri
586 1301 794 1336 Cinnamomi‚
817 1301 987 1337 arborisque
1012 1299 1248 1337 Camphoriferae
1270 1298 1487 1332 Sumatrensis,
1519 1295 1599 1324 foliis

84 1355 204 1384 exsudet
220 1352 328 1391 (30),
346 1359 373 1380 et
388 1352 423 1380 ad
437 1351 542 1388 pubem
558 1351 696 1381 foliorum
711 1351 827 1381 Madiae
843 1352 992 1388 viscosae,
1013 1359 1042 1381 et
1057 1351 1172 1380 Hibisci
1187 1349 1376 1380 Abelmoschi
1395 1349 1410 1386 (
1419 1349 1477 1386 31)
1499 1348 1606 1384 magna

80 1414 166 1443 saepe
190 1404 416 1441 deprehendatur
440 1404 535 1439 copia.

131 1466 160 1494 3.
189 1455 356 1484 Nonnullae
378 1455 568 1484 inveniuntur
592 1455 725 1490 plantae,
755 1462 874 1490 quarum
899 1454 974 1483 folia
994 1454 1121 1483 diversae
1153 1451 1259 1482 indolis
1282 1456 1437 1481 excernunt
1460 1449 1543 1479 olea:
1564 1447 1607 1478 sic

84 1517 116 1538 v.
134 1516 163 1536 c.
185 1506 257 1548 Mali
277 1506 411 1534 Aurantii
427 1512 453 1535 et
471 1505 600 1534 Limonii
617 1505 685 1533 folia
703 1506 843 1533 materiem
864 1506 897 1534 de
920 1513 950 1533 se
968 1505 1110 1533 dimittere
1131 1504 1195 1532 oleo
1218 1502 1338 1531 similem
1357 1503 1415 1538 jam
1439 1499 1606 1529 observavit

83 1558 270 1596 Malpr'ghius
303 1557 400 1593 (32).
446 1556 595 1585 Dictamni
621 1555 679 1584 albi
708 1555 797 1591 folia,
828 1564 900 1592 quae
932 1555 1159 1591 Atmosphaerae
1191 1553 1367 1590 principium
1401 1551 1606 1580 inflammabile
1635 1570 1641 1575 -,

87 1611 231 1644 reddunt,
252 1615 311 1637 non
333 1616 382 1643 gas
405 1607 613 1644 hytlrogenmm
641 1606 793 1643 exhalant,
822 1608 872 1636 sed
895 1608 990 1636 oleum
1018 1605 1165 1647 quoddam
1189 1603 1325 1639 volatile,
1348 1603 1434 1640 cujus
1462 1603 1605 1639 hydr-oge-

83 1661 163 1692 nium
176 1680 188 1696 ,
209 1668 275 1688 cum
291 1658 519 1695 Atmosphaerae
535 1666 584 1696 gas
602 1657 745 1696 oxygenio
765 1659 953 1696 conjunctum
965 1679 976 1694 ‚
992 1656 1077 1686 facile
1091 1655 1208 1686 accendi
1232 1660 1329 1692 potest
1347 1655 1411 1695 §33
1420 1654 1449 1691 J.
1491 1652 1607 1688 Liquo-

1547 1710 1608 1733 rem

108 1777 175 1808 (27)
194 1776 248 1799 Vid.
266 1776 348 1797 Harlts
365 1776 382 1799 Ι,
403 1782 423 1800 ι’,
442 1782 493 1804 pgg.
510 1782 557 1802 ¹3⁴.

111 1819 179 1848 (ιδ)
198 1819 250 1840 Vid.
265 1817 290 1842 J.
304 1818 338 1839 M.
354 1818 431 1844 Wyl,
449 1817 593 1839 Ditsernm‘o
613 1818 637 1838 da
656 1817 768 1839 nonnulii·
785 1823 826 1844 gn:
839 1814 943 1843 oxygem‘r'
956 1814 1155 1843 proprietatibus,
1177 1819 1230 1841 pag.
1246 1814 1284 1840 46.
1310 1813 1384 1839 Lugd,
1397 1813 1445 1835 Bato
1462 1813 1525 1840 ¹798.

108 1859 176 1889 (29)
197 1859 250 1882 vid.
272 1858 393 1879 smnehier
412 1859 427 1881 Ι,
448 1864 459 1878 c
490 1859 611 1882 Tom,1v‚
629 1866 681 1888 pag,
696 1861 731 1886 ⁸⁵·

112 1903 177 1930 (80)
202 1899 254 1922 Vld·
269 1898 371 1925 Jsswln
392 1900 407 1922 Ι,
427 1906 446 1922 c.
469 1900 508 1922 vol
532 1902 559 1924 Η,
577 1908 626 1928 pag.
640 1907 674 1929 27.
849 1899 913 1926 (ει)
935 1896 1076 1924 Malplgbs‘us
1094 1896 1110 1920 1,
1130 1901 1149 1920 c.
1175 1901 1226 1923 pag.
1240 1900 1277 1922 4²·

110 1942 179 1970 (3³)
201 1939 321 1967 Sprengel,
343 1940 397 1960 fiber
417 1940 458 1960 dan
476 1942 526 1962 Bau
544 1946 587 1964 etc,
608 1942 624 1964 Ι,
640 1947 659 1964 c,
679 1948 728 1969 pag,
748 1947 798 1968 5¹9-
826 1941 879 1963 νῆά.
898 1939 992 1966 Κίειιν,
1014 1938 1127 1959 Elementa
1141 1936 1181 1957 der
1195 1935 1337 1962 Phytanomle
1350 1939 1393 1955 ew.
1411 1934 1458 1958 1.1.
1484 1939 1534 1962 pag.
1550 1935 1604 1956 16ῐὸ

107 1983 174 2012 (³³)
191 1982 214 2004 F:
233 1981 263 2003 A.
284 1986 325 2001 van
344 1981 476 2012 limbum,
497 1983 643 2010 Apliorumm
662 1989 703 2006 aus
724 1982 764 2004 der
784 1981 922 2004 clumtsclun
947 1979 1086 2007 Physr'ologfe
1107 1978 1149 2000 der
1169 1977 1298 2005 Pstanm,
1319 1982 1360 1998 auu
1376 1975 1423 1997 du»
1442 1973 1605 1997 Lauinium»

80 2028 124 2047 un
141 2023 169 2048 G.
185 2022 305 2050 nucha,
326 2028 376 2050 pag.
391 2024 441 2048 11⁶.
