1913 2417
219 169 503 202 RESPONSIO
530 179 579 201 An
608 168 979 208 QUAESTIONEM
1005 165 1456 200 HYDROSTATICAM.
1557 167 1595 193 Π

86 254 222 294 Quatuor
247 263 316 284 vero
344 247 485 291 ejusmodi
511 253 675 290 pressiones
703 259 773 310 sunt
794 253 823 281 in
847 260 974 288 quatuor
1001 253 1087 282 latera
1111 251 1208 288 vasis;
1235 259 1302 289 ergo
1333 248 1445 287 poessio
1466 248 1496 276 in
1518 246 1587 274 haec

85 320 170 349 latera
185 320 273 349 simul
298 326 392 348 sumta
408 320 485 354 erit,
509 318 530 347 P
550 326 586 345 =
605 325 622 354 4
645 317 677 350 ><
699 292 742 363 Ξὲ-
761 327 797 344 =
817 317 894 353 2A3,
918 318 992 347 unde
1019 317 1121 346 iterum
1144 315 1256 352 liquet,
1278 313 1459 352 pressionem
1481 310 1512 340 in
1533 316 1596 338 om-

84 384 134 414 nia
156 385 242 414 latera
265 384 452 413 horisontalia
475 382 565 418 duplo
589 382 722 418 majorem
746 389 808 409 esse
829 382 978 417 pressione
993 382 1023 410 in
1041 382 1175 410 fundum.
1215 380 1292 409 Hinc
1316 378 1427 408 tandem
1442 373 1593 411 sequitur>

232 443 299 464 cum
324 435 438 464 Pressio
467 434 497 463 in
521 433 609 462 latera
631 440 674 463 est
692 433 727 461 ad
743 433 922 462 Pressionetn
946 433 976 462 in
1000 433 1121 462 fundum
1142 443 1178 460 Ξ
1199 441 1216 462 2
1238 441 1246 461 ι
1271 440 1284 461 1

81 486 167 515 etiam

83 536 261 567 Pressionem
277 536 308 565 in
325 537 409 565 latera
425 543 479 565 una
491 543 555 564 cum
572 536 722 565 Pressione
738 536 767 566 in
779 535 902 565 fundum
916 536 1020 565 essead
1029 535 1208 565 Pressionem
1225 534 1254 563 in
1263 530 1506 568 fundu1n=2÷
1517 537 1528 559 1
1540 536 1549 557 z
1560 536 1588 558 1.

85 589 106 618 i.
128 597 154 618 e.
177 588 352 625 pressionem
379 587 408 616 in
443 593 535 616 totum
561 595 609 615 vas
633 595 696 615 esse
727 588 761 616 ad
785 588 962 624 pressionem
988 588 1017 616 in
1044 587 1166 615 fundum
1188 587 1283 615 solum
1309 595 1346 612 τ..-
1367 593 1382 621 3
1405 593 1414 613 :
1442 591 1466 613 1.
1506 579 1592 609 Unde

85 645 183 676 patet,
203 647 311 676 corpus
326 639 473 674 solidum,
498 639 523 667 si
548 639 713 674 imponatur
729 639 789 667 vasi
814 639 939 675 cubico,
961 646 989 667 et
1012 639 1077 667 dein
1094 639 1122 667 in
1147 638 1267 666 fluidum
1287 641 1494 667 convertatur,
1515 639 1593 668 pres·

87 691 199 719 sionem
222 691 252 720 in
283 698 378 720 totum
406 698 456 719 vas
479 698 607 718 exserere
634 690 749 727 triplam
773 689 872 726 illius,
900 699 984 726 quam
1016 690 1088 720 idem
1111 697 1240 726 corpus,
1272 689 1340 717 dum
1365 685 1494 716 solidum
1519 690 1597 717 erato

84 741 230 770 exserebat
256 743 330 779 (1).

121 792 200 821 Haec
217 793 275 830 jam
296 792 452 822 sufficiant.
489 791 642 821 Videamus
664 800 751 828 porro
774 792 807 820 de
830 785 932 822 ceteris
955 792 1169 829 pressionibus-

792 872 822 907 §-
863 877 891 900 α.

217 944 372 983 Quaenam
394 951 436 974 est
452 946 562 984 pressio
587 955 682 985 aquae
704 948 736 975 in
756 949 886 986 parietes
908 953 1040 976 externos
1061 948 1155 981 vasis,
1177 944 1274 974 clausa
1289 940 1467 979 foramine?

122 1022 237 1052 Pressio
266 1031 356 1058 aquae
380 1023 585 1051 circumdantis
609 1023 639 1052 in
670 1024 791 1059 parietes
821 1031 952 1053 externos
985 1023 1065 1052 vasis
1090 1022 1228 1060 efghiklm
1261 1020 1410 1049 maximam
1434 1021 1541 1054 partem
1567 1022 1601 1042 ex

83 1073 184 1104 iisdem
201 1074 258 1111 jam
281 1073 387 1110 positis
409 1080 437 1102 et
459 1073 640 1103 confirmatis
659 1075 774 1111 legibus
795 1076 892 1104 eodem
917 1076 1003 1103 modo
1026 1083 1057 1103 ac
1080 1082 1171 1110 supra
1193 1072 1358 1101 deducitur.
1399 1070 1499 1105 Itaque
1515 1067 1599 1095 dico:

130 1125 172 1156 ιο.
201 1124 384 1154 Pressionem
397 1125 427 1153 in
445 1125 612 1161 operculum
632 1125 708 1154 vasis
724 1126 798 1163 efgm
815 1135 877 1155 esse
894 1126 1041 1162 aequalem
1060 1124 1182 1162 ponderi
1206 1124 1360 1153 columnae
1377 1127 1485 1156 aquae,
1514 1118 1600 1155 cujus

83 1176 164 1206 basis
186 1183 231 1205 est
251 1184 313 1204 area
337 1178 412 1214 csgm
438 1177 531 1212 ipsius
554 1177 704 1212 operculi,
726 1177 850 1207 altitudo
871 1186 962 1214 vero,
983 1178 1108 1207 altitudo
1129 1183 1221 1212 aquae
1248 1183 1300 1213 eq,
1320 1173 1388 1202 inde
1412 1180 1429 1201 a
1451 1168 1605 1207 superficie

84 1228 214 1266 operculi
234 1235 328 1264 usque
347 1228 381 1257 ad
406 1236 546 1257 summam
567 1238 658 1266 aquae
678 1230 827 1259 exterioris
850 1229 1045 1266 superficiem.

125 1278 170 1308 20.
196 1278 376 1309 Pressionem
400 1279 430 1307 in
447 1280 522 1308 latus
535 1281 609 1318 fghi
632 1290 695 1310 esse
717 1283 861 1317 aequalem
882 1281 1004 1318 ponderi
1026 1287 1117 1315 aquae
1140 1282 1291 1307 contentae
1306 1276 1336 1304 in
1354 1273 1490 1311 prismate
1510 1271 1601 1300 trian-

84 1329 203 1367 gulari,
232 1331 317 1367 cujus
344 1329 468 1359 altitudo
504 1338 549 1360 est
590 1332 714 1361 altitudo
746 1341 836 1368 aquae
867 1334 923 1368 in,
953 1331 1031 1360 basis
1061 1338 1128 1358 vero
1159 1335 1276 1357 constat
1309 1326 1573 1362 parallelogrammo
1592 1343 1605 1359 ,

82 1381 166 1418 cujus
199 1389 288 1410 unum
320 1382 395 1410 latus
419 1388 465 1410 est
490 1382 581 1412 eidem
613 1383 758 1413 altitudini
788 1392 878 1420 aquae
907 1385 938 1412 in
955 1403 967 1419 ‚
995 1383 1115 1411 alterum
1146 1381 1221 1409 latus
1255 1377 1434 1416 longitudini
1460 1376 1540 1406 vasis
1570 1376 1601 1404 ih

78 1431 209 1467 aequale.

125 1481 168 1518 30.
195 1481 373 1510 Pressionem
397 1490 513 1511 sursum
539 1482 567 1511 in
591 1482 712 1512 fundum
733 1487 796 1514 ΗΜ
813 1494 877 1515 esse
898 1486 1043 1521 aequalem
1069 1483 1189 1520 ponderi
1212 1482 1367 1511 columnae
1391 1489 1499 1516 aquae,
1521 1480 1606 1518 cujus

87 1532 167 1561 basis
190 1538 234 1560 est
256 1533 382 1567 aequalis
406 1533 466 1562 basi
490 1534 535 1562 vel
557 1533 650 1563 fundo
675 1536 776 1570 vasis,
798 1537 921 1565 altitudo
943 1544 1012 1564 vero
1037 1535 1166 1570 aequalis
1188 1533 1338 1561 altitudini
1362 1540 1452 1567 aquae
1476 1532 1518 1561 in.

131 1583 233 1611 Trium
257 1583 357 1612 harum
383 1584 508 1613 thesium
537 1585 746 1615 demonstratio
765 1594 799 1614 ex
822 1586 974 1624 principiis
1003 1593 1092 1623 supra
1116 1583 1223 1622 positis
1253 1583 1339 1612 facile
1371 1589 1399 1612 et
1417 1582 1520 1619 paucis
1541 1589 1612 1610 con-

89 1634 190 1664 stabit.

123 1684 251 1714 Primum
278 1686 390 1722 quidem
417 1687 494 1717 vasis
519 1688 658 1725 operculo
682 1686 825 1718 incumbit
849 1689 987 1719 columna
1021 1695 1113 1725 aquae
1139 1687 1266 1725 ejusdem
1296 1691 1383 1720 atque
1407 1681 1535 1720 operculi
1558 1682 1608 1710 ba-

87 1744 172 1773 seos,
193 1737 355 1766 altitudinis
375 1746 441 1767 vero
462 1739 542 1776 ejus,
564 1747 622 1776 qua
644 1739 738 1775 ipsum
756 1741 928 1776 operculum
945 1738 1220 1777 perpendiculariter
1241 1744 1258 1765 a
1285 1743 1396 1765 summa
1420 1742 1510 1770 aquae
1535 1739 1611 1761 exte-

87 1787 172 1817 rioris
193 1796 242 1817 ora
265 1788 314 1817 AB
341 1788 439 1818 distat.
480 1791 520 1819 At
540 1789 626 1820 fluida
657 1798 792 1827 premunt
815 1791 844 1820 in
873 1791 984 1821 ratione
1011 1790 1175 1827 composita
1211 1788 1247 1816 ba
1259 1787 1334 1816 sium
1359 1793 1385 1815 et
1412 1786 1608 1815 altitudinum.

87 1838 164 1869 Hinc
187 1839 407 1876 multiplicando
438 1841 515 1870 illam
548 1840 730 1871 altitudinem
759 1843 792 1871 in
823 1850 890 1872 cum
923 1843 981 1872 basi
1003 1843 1100 1882 efgm,
1132 1842 1272 1872 habemus
1306 1840 1484 1877 pressionem
1511 1837 1540 1867 5¹1
1566 1837 1612 1873 ip·

80 1898 151 1920 sum
171 1891 337 1928 operculum
360 1893 505 1929 aequalem
532 1893 685 1924 columnae
708 1901 801 1930 aquae
823 1893 990 1933 cfgmponq.

1532 1940 1611 1969 Pres-

111 2014 163 2046 (ι)
188 2016 240 2040 Vid-
263 2024 306 2040 vnn
326 2019 432 2043 swfnden
452 2020 507 2044 ibid·
529 2020 550 2048 §.
571 2027 610 2049 29·
