1913 2417
273 188 311 226 τί.
777 183 1236 218 MEMORIA

311 282 428 313 Nonne
463 279 516 312 ille
555 279 674 312 auxilio
707 285 738 311 et
776 278 911 311 consilio
946 289 1004 311 vos
1039 288 1150 310 rursus
1183 278 1330 321 adjuvit,
1364 290 1429 323 quo
1465 278 1621 323 Legatum
1661 280 1742 313 illud

271 346 679 372 mowntxnovmnum
713 335 752 366 ad
786 336 990 367 illustriorem
1028 335 1115 368 orbis
1152 336 1272 367 eruditi
1304 338 1408 367 omnis
1446 334 1560 366 samam
1591 347 1742 379 pervene-

271 395 333 426 rit?
377 395 490 425 Nonne
524 393 614 423 illum
645 392 813 435 praecipue
845 391 999 429 laudabo,
1032 393 1106 435 qui,
1136 400 1305 436 postquam
1334 392 1518 423 hermarum
1541 392 1740 435 disquisitio,

272 462 311 483 ex
336 449 499 481 voluntate
523 449 591 481 Viri
619 447 779 485 defuncti,
804 449 930 491 saepius
951 455 1046 492 atque
1067 449 1192 492 saepius
1220 449 1358 491 agitata,
1390 448 1510 488 decisa,
1533 450 1613 491 quin
1642 457 1673 482 et
1700 450 1740 482 ad

272 507 434 538 veritatem
471 505 535 537 fere
567 504 742 546 dijudicata
775 503 860 543 fuit,
890 516 967 536 mox
999 515 1140 536 summas
1176 505 1310 547 hujusce
1341 505 1478 536 instituti
1522 505 1672 538 utilitates
1702 498 1749 538 ad*

274 573 403 595 omnem
435 569 534 593 artem
561 561 776 604 chirurgicam
813 561 947 593 retulit?
992 564 1073 603 Quis
1097 569 1238 595 vestrum
1274 564 1310 593 A.
1330 564 1362 593 A.
1390 563 1533 604 ignorat,
1557 562 1645 605 quod
1671 562 1744 602 ille,

272 619 358 651 velut
385 625 495 650 auctor
524 625 555 649 et
579 628 709 657 suasor,
735 618 776 650 de
801 618 993 652 resorbendo
1016 630 1186 652 nervorum
1199 617 1314 661 fluido
1338 626 1399 659 per
1429 629 1503 648 vasa
1531 619 1747 660 lynzplzaeiccz3

271 682 325 707 aut
350 674 389 706 ad
412 674 648 718 investigandas
664 675 804 707 chemice
819 682 930 717 partes
955 683 1093 707 naturae
1119 676 1356 712 constitutivas,
1378 684 1462 716 quae
1479 697 1487 711 ‚
1517 676 1571 706 sub
1595 677 1745 707 nervino-

270 743 341 763 mm
361 732 510 770 nomine,
535 739 689 775 tanquam
722 733 770 765 vet
795 740 930 764 eoelerna
957 733 1012 764 vel
1037 732 1196 776 simplicia
1232 731 1289 763 vel
1319 731 1494 773 composita
1528 729 1746 764 medicamina

271 788 429 820 salutaria
453 788 609 828 valerent,
633 789 673 820 ad
695 789 957 833 disceptationem
979 790 1140 832 publicam
1166 789 1332 821 evocavit?
1352 780 1355 783 ¹
1375 788 1455 827 Quis
1479 784 1632 819 nostrum¹
1653 799 1741 830 prae-

276 845 357 877 olara
385 847 429 876 rei
457 845 596 876 medicae
621 848 737 889 pariter
769 853 798 877 et
824 847 1023 888 cltirurgicae
1053 847 1248 878 incrementa
1271 856 1310 877 ex
1335 844 1463 876 duobus
1489 843 1551 875 illis
1584 846 1746 886 responsis

276 912 344 933 non
376 900 557 944 probaverit
585 901 715 941 solum,
748 903 800 934 sed
836 904 931 934 etiam
965 903 1167 944 laudaverit,
1199 913 1340 946 quorum
1374 902 1538 945 primum,
1572 911 1680 944 paucis
1703 901 1744 932 ab

277 957 354 989 hinc
387 958 480 989 annis
507 958 651 996 editum,
683 958 773 990 valde
797 970 871 990 eum
898 959 1086 1002 delectavit,
1115 961 1249 992 alterum
1282 970 1359 991 vero
1384 968 1593 995 ΚΕΛΰεειι,
1617 957 1747 999 Lugdu·

277 1014 402 1051 nensis,
428 1014 498 1045 Viri
526 1014 711 1054 clarissimi,
737 1026 818 1058 opus
844 1017 998 1047 eximium
1025 1028 1101 1048 mox
1125 1019 1158 1048 in
1187 1017 1289 1047 lucem
1316 1014 1482 1060 prodibit?
1527 1012 1652 1045 Ambae
1670 1024 1745 1056 pro-

277 1071 358 1102 fecto
382 1070 613 1112 disputationes
641 1071 711 1102 illae
737 1082 805 1102 non
832 1079 959 1103 tantum
982 1073 1016 1103 in
1040 1073 1249 1115 scriptoribus
1278 1082 1387 1103 rerum
1424 1080 1612 1112 magnarum
1642 1071 1746 1100 scien-

279 1128 371 1166 tiam,
403 1125 460 1158 sed
488 1133 520 1157 et
551 1127 585 1157 in
616 1134 763 1170 rogatore
795 1135 826 1159 et
859 1129 1021 1160 hortatore
1048 1139 1213 1160 summum
1244 1127 1324 1158 illud
1351 1129 1426 1157 artis
1449 1126 1581 1168 verique
1603 1124 1747 1156 studium

276 1190 457 1221 testantur,
491 1183 581 1226 quod
606 1183 645 1214 ad
672 1195 779 1216 rerum
812 1184 1010 1215 occultarum
1040 1186 1258 1227 coguitionem
1290 1182 1547 1226 amplificandam
1572 1188 1603 1212 et
1626 1191 1748 1224 augen-

278 1239 335 1272 das
369 1241 486 1283 pariter
523 1240 605 1271 vitae
637 1240 789 1271 utilitates
823 1240 947 1272 faceret.
1007 1243 1116 1283 Atque
1151 1240 1213 1270 hoc
1246 1240 1276 1271 ei
1307 1240 1349 1269 ita
1381 1238 1441 1270 fuit
1474 1239 1664 1281 proprium,
1694 1243 1749 1276 ut,

279 1297 427 1341 quamvis
459 1296 723 1339 occupationibus
760 1296 987 1339 laboribusque
1019 1296 1161 1327 molestis
1193 1295 1371 1338 implicatus
1389 1316 1399 1330 .‚
1432 1300 1518 1324 totus
1549 1300 1654 1324 tamen
1683 1299 1750 1324 stu-

280 1352 343 1384 diis
365 1353 457 1396 quasi
481 1359 625 1391 vacaret,
649 1360 681 1384 et
704 1354 852 1396 quamvis
885 1353 972 1384 nulla
1003 1364 1109 1384 rerum
1136 1363 1291 1383 novarum
1323 1351 1455 1381 libidine
1483 1349 1655 1392 abreptus,
1679 1349 1749 1380 illas

280 1415 387 1441 tamen
419 1408 577 1441 industrie
618 1411 661 1441 ita
699 1409 892 1448 elaboraret,
922 1416 958 1441 ut
986 1420 1045 1441 nec
1069 1409 1263 1452 relinqueret
1290 1417 1434 1450 unquam
1461 1417 1520 1438 nec
1545 1405 1750 1444 admitteret,

282 1466 344 1498 nisi
366 1472 536 1509 postquam
557 1466 693 1509 penitus
719 1467 913 1510 penitusque
948 1473 1127 1509 perspectas
1158 1464 1331 1496 habuisset.

325 1522 422 1563 Quod
447 1529 552 1554 autem
581 1534 732 1555 aonnn
770 1525 871 1554 nostri
898 1524 1041 1554 animum
1076 1525 1107 1554 in
1142 1522 1202 1553 hoc
1229 1532 1325 1563 opere
1352 1519 1482 1551 salutari
1508 1525 1545 1551 ut
1572 1518 1750 1563 plurimum

281 1579 510 1618 confirmaret,
542 1579 742 1611 cousuetudo
770 1579 832 1611 fuit
857 1580 1029 1622 singularis
1061 1590 1135 1611 cum
1157 1589 1318 1610 {acono
1349 1586 1499 1613 novio,
1530 1577 1750 1619 expertissimo

286 1635 384 1678 hujus
407 1637 544 1667 civitatis
573 1636 717 1674 Medico,
751 1648 847 1680 quem
875 1637 1012 1667 amicitia
1051 1644 1083 1668 et
1120 1638 1246 1667 caritate
1281 1634 1580 1675 conjunctissimum
1604 1633 1667 1664 sibi
1694 1633 1749 1664 ha-

285 1690 365 1723 buit.
412 1692 469 1723 Hic
499 1693 585 1723 enim
621 1694 671 1724 vir
696 1694 841 1725 eruditus
869 1704 1000 1724 manum
1033 1693 1247 1734 chirurgicam
1284 1701 1376 1733 saepe
1400 1689 1440 1720 ad
1465 1689 1612 1720 oxnnium
1638 1688 1748 1720 oculos

287 1748 455 1779 admovere
482 1748 601 1780 solebat
627 1757 721 1793 atque
754 1751 851 1793 igitur
886 1756 970 1781 totus
996 1751 1030 1780 in
1052 1749 1239 1791 colligendis
1267 1747 1410 1791 partibus
1435 1747 1579 1789 corporis
1596 1744 1748 1783 humani,

288 1809 357 1835 tum
393 1806 528 1836 maxime
562 1807 700 1845 ossium,
732 1807 906 1845 morbosis,
936 1806 1138 1849 cupientibus
1168 1805 1319 1837 omuibus
1353 1811 1448 1846 atque
1479 1802 1666 1845 optantibus
1693 1802 1758 1833 otii*

289 1861 427 1892 fructum
445 1862 569 1903 publice
590 1864 851 1906 conspiciendum
870 1863 1020 1894 exhibere
1031 1862 1142 1894 voluit.
1172 1865 1237 1893 Hoc
1256 1863 1352 1905 igitur
1371 1861 1478 1891 animo
1489 1869 1642 1902 maguum
1663 1857 1751 1890 illum

291 1917 473 1948 thesaurum
493 1917 626 1959 colli-gio
642 1920 703 1949 cliii
715 1931 864 1962 iugorum
885 1921 914 1951 in
928 1930 1059 1950 manum
1078 1919 1205 1951 tradidit
1221 1926 1313 1961 atque
1334 1918 1470 1948 liietiam
1483 1940 1492 1954 ‚
1510 1916 1585 1946 artis
1601 1915 1752 1946 amantis*

290 1975 380 2010 siim,
406 1984 475 2004 mox
495 1974 568 2004 alias
590 1975 684 2017 biju>
706 1977 827 2018 generis·
845 1988 892 2007 res
914 1987 1011 2008 novas
1029 1976 1239 2019 conquirendi
1259 1976 1402 2006 animuin
1422 1973 1624 2006 addiderunt,
1655 1970 1751 2011 Quod

1700 2038 1756 2058 au·
