1913 2417
392 88 899 124 COMMENTATIO
960 87 1311 118 BOTANICA.
1591 92 1611 124 5

385 436 837 503 SE'CTIO
927 457 1319 500 PRIMA,

632 582 680 602 DE
712 582 823 602 ORTU
855 578 1082 600 FOL10RUM.

131 673 302 734 Multum
325 703 381 741 jam
402 711 452 739 per
470 702 584 738 aliquot
607 701 722 730 saecula
746 700 833 729 torsit
854 699 1100 735 Physiologorum
1119 703 1241 726 mentem
1265 702 1293 725 et
1318 697 1489 726 industriam
1517 700 1610 728 varia-

93 764 178 791 rum,
201 754 310 791 quibus
336 754 505 791 vegetabilia
526 759 687 788 constant,
718 752 839 788 partium
863 750 1041 779 evolutionis
1066 748 1231 786 indagatio,
1260 748 1425 777 difficillima
1450 750 1605 780 admodum

94 806 262 842 explicatu,
290 806 375 843 qu'us
404 804 480 834 forte
504 805 600 840 aliqua
629 810 773 832 momenta
800 811 853 831 nos
880 802 967 829 latere
997 801 1092 829 voluit
1125 800 1237 829 infinita
1267 800 1374 830 summi
1394 800 1540 830 Creator-is
1567 810 1611 830 sa-

92 857 213 894 pientia.

131 909 213 937 Utile
235 908 302 937 hinc
327 914 371 937 est
395 914 422 937 et
442 908 622 945 jucundum,
652 906 685 935 ad
709 906 813 935 summi
842 906 970 935 Limmei
996 904 1059 940 (ι)
1090 903 1271 939 exemplum,
1303 903 1332 932 1'n
1361 903 1522 939 plantarum
1547 903 1614 932 Me·

92 959 315 995 tamorphosin,
340 959 386 988 vel
405 960 540 994 modum,
562 967 622 994 quo
639 966 733 986 earum
755 963 851 993 partes
866 956 952 984 altera
966 963 999 983 ex
1018 956 1103 984 altera
1119 955 1313 990 evolvantur,
1335 954 1499 991 inquirereg,
1521 955 1609 990 idque

95 1010 230 1046 inprimis
253 1018 312 1045 quo
332 1011 367 1038 ad
390 1010 525 1038 foliorum
551 1015 646 1038 ortum
671 1009 783 1044 valere,
811 1007 936 1043 quisque
965 1007 1118 1035 concedet.
1160 1005 1268 1034 Nonne
1289 1005 1363 1034 enim
1387 1005 1475 1041 folia,
1504 1014 1613 1042 organa

94 1060 146 1088 illa
170 1059 570 1097 fasciculoso-glandulosa,
599 1060 713 1097 egregio
742 1059 842 1088 ordine
860 1064 888 1086 et
911 1057 1096 1094 symmetria,
1127 1057 1157 1085 in
1182 1057 1344 1092 plantarum
1378 1057 1458 1085 caule
1482 1058 1605 1094 eiusque

95 1111 182 1140 ramis
206 1111 370 1147 disposita,
398 1120 457 1140 non
480 1117 590 1140 tantum
613 1112 648 1140 ad
673 1116 824 1145 ornatum,
853 1118 951 1139 verum
980 1109 1062 1138 etiam
1089 1109 1124 1137 ad
1147 1114 1192 1137 tot
1212 1114 1382 1144 tantasque,
1415 1114 1448 1136 ut
1473 1107 1548 1136 infra
1566 1107 1611 1136 vi-

99 1162 253 1198 debimus,
274 1162 441 1191 functiones
464 1163 621 1199 destinata,
643 1170 710 1199 prae
734 1162 852 1198 reIIquis
876 1167 1021 1190 merentur
1046 1159 1197 1196 partibus,
1221 1165 1253 1188 ut
1276 1160 1305 1188 in
1330 1167 1428 1188 eorum
1451 1165 1545 1188 ortum
1565 1158 1612 1187 in-

93 1213 265 1250 quiramus?

137 1265 186 1292 Ad
208 1264 346 1292 foliorum
370 1270 462 1292 autem
482 1271 578 1293 ortum
603 1264 657 1293 rite
680 1263 901 1300 explicandum,
930 1262 969 1290 ita
989 1261 1201 1298 procedendum
1226 1269 1289 1290 esse
1317 1260 1388 1289 mihi
1408 1259 1528 1295 videor,
1557 1266 1609 1297 ut,

95 1313 196 1343 missis
221 1313 309 1342 variis
339 1321 488 1343 auctorum
519 1316 554 1344 de
577 1321 644 1345 ortu
675 1315 814 1344 foliorum
847 1313 996 1342 sententiis
1023 1313 1091 1349 (2)
1119 1313 1242 1349 primum
1275 1311 1436 1347 inquiram,
1464 1313 1614 1348 quomodo

95 1365 159 1401 ipse
180 1363 307 1400 petiolus
338 1372 473 1394 nascatur
496 1373 522 1394 et
554 1375 588 1396 ex
611 1367 667 1395 hoc
694 1366 797 1394 iterum
831 1365 933 1394 folium
956 1364 1125 1399 evolvatur,
1154 1363 1219 1392 dein
1244 1369 1335 1391 autem
1353 1383 1363 1397 ‚
1394 1362 1472 1398 quali
1501 1363 1611 1392 ratione

94 1414 167 1443 folia
192 1415 311 1450 gemmis
341 1416 525 1443 invoivantur
543 1434 553 1450 ‚
582 1420 610 1442 et
634 1414 757 1449 denique
786 1422 846 1450 quo
876 1414 963 1443 modo
985 1421 1012 1443 et
1040 1423 1098 1450 quo
1128 1420 1254 1450 tempore
1278 1413 1326 1442 illa
1344 1421 1378 1441 ex
1404 1412 1449 1442 his
1476 1414 1611 1443 evolvan-

96 1471 168 1502 tur,
189 1472 342 1502 exponam.

1518 1592 1550 1628 S.
1582 1603 1610 1623 1.

123 1679 172 1706 (ι)
188 1676 241 1698 Vid.
264 1675 380 1703 Limnes,
401 1676 570 1703 Metamorphos.
583 1676 714 1704 plantarum
737 1677 761 1696 r‘n
781 1676 871 1699 Amocn.
893 1676 966 1699 Acad.
990 1676 1043 1698 Vol.
1057 1675 1095 1698 1v.

126 1718 176 1745 (ι)
195 1718 313 1742 cognosci
342 1723 437 1744 possunt
466 1718 519 1739 inae
539 1720 575 1740 'cx
600 1718 704 1738 Andreae
734 1718 861 1745 Caesalpini
885 1717 910 1737 de
930 1717 1021 1738 Plauti:
1049 1715 1117 1736 libris
1137 1716 1195 1739 Χνῐ,
1216 1720 1265 1742 pag.
1280 1721 1306 1741 7,
1324 1717 1345 1737 Ι.
1374 1715 1518 1739 florentinae
1539 1717 1612 1744 15833

93 1757 130 1780 M,
150 1757 290 1785 Mulpt'ghin',
309 1757 419 1777 Anaeome
434 1758 564 1784 plantarum
585 1759 672 1779 inserta
697 1761 763 1782 Tom,
777 1761 794 1781 l,
823 1760 916 1786 Operum
945 1758 1037 1777 omnium
1059 1757 1164 1779 Botam'co
1178 1768 1188 1774 -
1200 1756 1288 1776 Medic·
1302 1769 1311 1774 -
1324 1756 1520 1786 alamannicorum,
1540 1759 1613 1785 Lnga,

94 1799 173 1821 But-v.
187 1798 254 1824 1687,
275 1804 377 1825 pag-32,
394 1805 429 1825 50.
459 1799 482 1821 F.
502 1799 590 1828 ΨοηῙζ,
613 1800 709 1820 Theoria
733 1800 906 1827 Gmerationix,
927 1805 1024 1827 pag.52.
1053 1799 1130 1821 Conff.
1153 1797 1310 1818 commentarii
1331 1797 1356 1818 de
1378 1798 1442 1819 rebus
1462 1799 1487 1818 iu
1507 1799 1611 1820 Sciemi.

95 1838 209 1860 Naturali
228 1844 273 1861 etc.
293 1839 359 1861 Tem.
374 1841 399 1862 X.
419 1846 468 1868 pag.
482 1847 532 1868 209.
564 1842 607 1864 Vid
635 1847 658 1864 et
679 1841 830 1869 Thummr’gfi,
851 1841 1023 1862 Observationes
1047 1844 1069 1860 ee
1095 1839 1247 1866 experimenta
1271 1845 1327 1859 nava
1356 1839 1380 1859 dc
1401 1839 1524 1860 ,anatomia
1540 1840 1610 1866 filia-

95 1886 159 1907 rum,
181 1880 205 1899 in
224 1879 291 1899 Acels
311 1880 474 1910 Erudhorum,
495 1888 638 1911 anno1722,
656 1889 707 1911 pag.
718 1885 753 1906 ιε.
778 1884 803 1908 J,
816 1883 846 1905 H.
862 1883 894 1906 D.
908 1881 1089 1910 Maldmhawur‚
1113 1879 1255 1904 Dissertatio
1271 1881 1407 1902 anatomia»
1426 1881 1450 1902 da
1468 1881 1529 1903 νιυΙε
1543 1882 1612 1908 plau.

94 1924 168 1943 nrum
188 1926 230 1943 uc,
251 1926 303 1948 pag.
318 1926 346 1949 7²
365 1927 412 1949 seq.

900 1965 965 2001 ΛΞ

1545 2023 1575 2030 ψη
1581 2018 1607 2029 Au*
