1913 2417
306 166 344 194 40
574 155 807 194 JACOBI
864 153 1171 185 HERMANI
1229 153 1541 184 PHILIPSE

313 244 401 267 mater
422 239 593 268 decessisset
618 246 685 276 post
703 239 869 267 declaratam
893 236 1060 266 Absentiam
1073 256 1083 272 ,
1104 242 1130 265 et
1157 236 1224 266 huic
1247 236 1344 265 sensui
1368 237 1456 274 magis
1474 236 1660 266 convenirent
1681 236 1823 274 ejusmodi

310 289 413 319 verba:
445 292 470 318 si
493 290 545 318 elle
569 294 644 321 victi:
665 292 683 318 ὰ
706 288 822 318 decem
844 293 935 317 avant
961 297 1013 325 que
1037 296 1077 316 scs
1102 287 1205 323 enfans
1227 290 1317 316 soient
1343 287 1484 323 majeurs.

349 341 426 369 Hinc
453 340 541 377 igitur
570 346 707 377 apparet,
742 338 883 367 Absentia
909 339 1036 367 nondum
1060 337 1198 366 declarata
1223 339 1339 367 tutelam
1364 338 1516 375 legitimam
1542 346 1636 374 gerere
1657 345 1715 366 non
1737 346 1826 374 posse

312 392 537 426 adscendentes,
560 399 653 426 neque
679 390 707 418 in
731 395 792 418 art.
814 398 876 424 ¹42·
895 388 984 425 magis
1006 396 1090 424 quam
1116 387 1145 416 in
1168 389 1316 425 superiore
1338 390 1372 418 de
1394 389 1482 417 tutela
1509 389 1635 425 legitima
1660 396 1824 418 sermonem

313 451 394 477 esse,
415 449 512 470 verum
529 447 661 475 tantum,
683 441 772 469 donec
795 446 874 475 pater
906 438 1076 474 revertitur,
1098 446 1194 466 curam
1222 439 1418 476 temporariam
1440 440 1475 468 iis
1502 440 1661 468 demandari
1687 448 1703 468 a
1725 440 1824 468 conci-

313 493 354 521 lio
384 491 525 520 familiae:
558 492 642 527 cujus
670 497 697 519 et
727 491 777 518 hic
800 489 923 518 fortasse
949 489 1104 526 requiritur
1126 490 1305 525 auctoritas,
1337 497 1371 519 ut
1392 491 1596 520 adscendentes
1623 499 1688 519 cum
1715 490 1825 526 reliqua

312 542 453 572 Absentis
480 541 588 570 familia
607 541 727 570 consilia
752 541 866 574 ineant,
888 548 944 576 qua
965 540 1076 569 ratione
1097 548 1128 569 se
1151 548 1204 576 pro
1221 540 1260 568 rei
1278 546 1423 569 momento
1442 541 1472 569 in
1499 541 1550 570 hac
1575 541 1823 571 adminIstratione

319 594 428 629 optime
450 599 546 630 gerant
563 600 656 628 usque
669 592 703 620 ad
719 591 872 628 legitimam
895 591 1110 620 declarationem
1130 590 1304 626 Absentiae‚
1326 599 1381 626 qua
1400 593 1590 626 pronunciata
1605 591 1716 621 demum
1739 593 1827 621 tutela

313 645 439 681 legitima
468 643 596 680 incipiet.
644 642 707 671 Nec
740 648 887 678 tantopere
916 641 983 670 huic
1017 641 1175 670 sententiae
1204 641 1301 670 obstat
1331 640 1431 669 ultima
1454 642 1578 670 articuli
1603 651 1688 678 pars,
1716 643 1746 672 in
1771 652 1829 678 qua

314 695 423 724 mentio
440 695 472 723 fit
492 694 599 723 tutoris
622 693 804 730 temporarii:
825 694 882 722 hoc
907 693 980 721 enim
1003 701 1068 721 cum
1095 691 1295 729 superioribus
1317 691 1356 720 ita
1376 692 1661 728 recteconciliabis,
1683 693 1708 722 si
1730 694 1827 730 dicas,

314 753 403 775 matre
430 752 457 774 et
482 745 725 775 adscendentibus
750 743 949 773 deficientibus
972 743 1164 780 legislatorem
1188 741 1294 772 nemini
1319 750 1353 770 ex
1376 741 1487 771 familia
1505 743 1616 779 plenam
1638 742 1715 772 illam
1731 750 1829 780 potes-

309 803 394 825 tatem
419 796 542 832 fecisse,
571 802 604 824 ut
628 795 772 830 viderent,
799 803 834 823 ne
874 794 945 829 quid
969 802 1012 823 res
1039 795 1218 830 pupillorum
1249 793 1409 822 detrImenti
1441 800 1554 829 caperet
1579 802 1672 830 usque
1695 792 1732 823 ad
1754 795 1827 823 illud

312 854 445 883 ternpus,
468 855 526 882 quo
554 847 660 875 tutelae
684 847 767 874 locus
794 853 855 874 esse
884 845 997 881 possit;
1027 845 1154 880 adeoque
1182 845 1235 873 hac
1260 843 1289 872 in
1310 852 1412 872 caussa
1437 845 1555 873 tutelam
1583 844 1760 873 constituere
1781 845 1829 874 de-

313 897 433 932 buisse,
454 906 489 926 nc
511 897 592 925 liberi
609 897 685 925 omni
708 896 848 932 praesidio
871 902 1009 924 carerent:
1033 902 1081 924 aut
1107 895 1181 923 forte
1199 894 1344 931 legislator
1362 894 1429 930 plus
1451 893 1542 930 dixit,
1565 903 1651 930 quam
1668 895 1827 932 intellexit,

314 949 383 977 adeo
404 955 456 983 ut,
485 949 550 977 licet
583 949 612 977 in
637 947 836 983 superioribus
859 946 967 975 tutelae
993 953 1021 974 et
1046 947 1155 974 tutoris
1180 944 1329 974 vocabulis
1354 944 1545 982 abstinuerit,
1578 946 1656 975 nulla
1682 946 1736 975 alia
1763 947 1827 983 eJ'us

313 999 401 1028 fuerit
422 1008 524 1033 mens,
547 1007 631 1034 quam
650 1005 681 1026 ut
708 986 822 1026 eundem
848 1005 943 1025 curam
970 996 1082 1025 interim
1104 995 1189 1024 alicui
1216 995 1415 1030 demandaret,
1438 997 1507 1032 qui,
1528 997 1552 1025 si
1577 997 1611 1025 de
1631 997 1720 1025 tutela
1737 1005 1832 1034 agere-

314 1055 378 1084 tur,
403 1049 549 1077 deficiente
571 1055 660 1077 matre
685 1054 712 1076 et
735 1048 997 1082 adscendentibus,
1025 1056 1039 1074 a
1063 1046 1190 1075 concilio
1216 1045 1341 1074 familiae
1366 1052 1447 1074 tutor
1468 1046 1609 1075 constitui
1636 1054 1746 1083 posset.

354 1099 443 1136 Quod
473 1107 541 1128 vero
571 1099 640 1127 huic
680 1097 834 1126 liberorum
865 1105 949 1125 curae
978 1098 1060 1126 locus
1092 1105 1152 1125 non
1177 1102 1220 1123 est
1241 1095 1299 1124 nisi
1327 1102 1396 1132 post
1421 1104 1469 1124 sex
1490 1105 1600 1126 menses
1621 1107 1637 1127 a
1661 1098 1750 1134 patris
1773 1098 1832 1127 dis.

319 1159 404 1179 cessu
436 1150 667 1186 computandos,
699 1149 771 1177 illud
794 1147 938 1185 probabili
969 1147 1078 1176 ratione
1111 1147 1230 1181 nititur,
1258 1154 1323 1174 cum
1355 1146 1490 1183 profectu
1518 1148 1707 1184 incongruum
1738 1147 1832 1184 foret,

317 1201 476 1238 postridie,
497 1208 580 1237 quarn
598 1200 702 1228 abierat
719 1206 819 1236 pater,
844 1199 905 1235 ejus
923 1198 1039 1227 domum
1062 1198 1166 1227 intrare
1185 1203 1212 1225 et
1234 1205 1334 1225 arcana
1354 1198 1546 1233 perscrutari,
1567 1207 1632 1226 cum
1654 1199 1750 1234 aliqua
1777 1197 1832 1226 sal-

320 1260 376 1281 tem
405 1251 572 1287 suspicione
606 1259 681 1286 opus
711 1249 840 1278 videatur
866 1248 1023 1277 Absentem
1059 1248 1152 1276 reditu
1176 1247 1341 1284 prohiberi,
1364 1254 1395 1275 ut
1417 1248 1551 1284 cquuain
1577 1248 1606 1277 in
1631 1249 1747 1278 domum
1771 1249 1832 1278 Ab·

320 1303 411 1332 sentis
435 1309 526 1338 pateat
545 1301 639 1330 aditus
661 1300 742 1337 (4).
783 1299 845 1335 Ipsi
867 1307 933 1328 vero
954 1299 1036 1327 liberi
1060 1299 1172 1327 interim
1197 1307 1211 1326 a
1236 1298 1362 1333 familia,
1383 1298 1504 1334 vicinis,
1527 1300 1571 1327 vel
1595 1300 1695 1328 amicis
1718 1300 1831 1328 Absen-

321 1353 362 1381 tis
392 1353 572 1388 nutrientur3
607 1352 684 1387 quod
715 1351 740 1380 si
776 1358 834 1378 non
862 1349 928 1384 fiat,
961 1350 1161 1378 Procuratoris
1185 1348 1268 1385 Regii
1301 1349 1371 1383 erit,
1410 1357 1506 1377 eorum
1539 1358 1633 1378 curam
1666 1338 1831 1386 suscipere,

323 1403 439 1439 iisque,
463 1404 557 1438 quoad
580 1404 641 1440 ejus
666 1401 725 1430 ficri
750 1401 863 1437 possit,
887 1401 1052 1437 prospicere
1074 1400 1231 1428 secundum
1249 1405 1312 1427 art.
1333 1408 1418 1436 114.;
1441 1408 1526 1437 quam
1545 1401 1582 1430 ob
1609 1408 1666 1430 rem
1686 1407 1713 1430 et
1735 1400 1833 1430 subsi-

321 1454 367 1483 dia
389 1454 552 1490 pecuniaria
574 1462 589 1482 e
610 1452 695 1483 bonis
717 1452 856 1482 Absentis
883 1460 897 1480 a
919 1451 1072 1480 Tribunali
1092 1457 1185 1487 petere
1206 1450 1273 1479 licet
1295 1450 1375 1487 (5).

1034 1531 1065 1566 §-
1104 1538 1136 1565 4·

320 1608 327 1619 '
360 1607 438 1638 Haec
462 1608 496 1637 de
520 1607 617 1636 liberis
643 1615 657 1636 e
678 1606 825 1636 communi
859 1606 1041 1635 matrimonio
1067 1604 1154 1634 natis.
1209 1604 1240 1633 Si
1269 1612 1336 1632 vero
1367 1604 1481 1631 Absens
1514 1603 1619 1632 liberos
1645 1601 1790 1639 reliquerit
1819 1611 1835 1632 e

322 1660 419 1697 priore
445 1658 648 1692 matrimonio,
670 1666 735 1686 cum
763 1664 869 1693 sponte
892 1663 1044 1694 appareat,
1065 1655 1215 1691 conjugem
1241 1654 1425 1690 superstitem
1451 1654 1552 1682 horum
1575 1662 1670 1682 curam
1690 1660 1739 1682 aut
1762 1660 1840 1682 tute-

325 1712 381 1739 lam
411 1710 563 1747 legitimam
593 1717 686 1746 gerere
716 1717 775 1738 non
798 1717 903 1744 posse,
932 1708 1084 1744 prudenter
1109 1705 1301 1734 constitutum
1325 1711 1388 1740 est,
1419 1704 1498 1733 hisce
1521 1713 1535 1733 a
1558 1705 1685 1734 concilio
1713 1703 1837 1733 familiae

327 1767 513 1796 prospectum
534 1760 588 1795 iri,
612 1765 672 1788 art.
696 1768 759 1796 143.
801 1758 891 1796 Quod
914 1758 1014 1787 attinet
1031 1764 1204 1785 consensum
1229 1755 1462 1785 adscendentium
1482 1755 1510 1783 in
1529 1754 1644 1791 nuptias
1663 1754 1837 1790 liberorum,

328 1810 355 1838 si
379 1816 508 1845 parentes
531 1810 688 1845 deficiunt,
716 1815 766 1838 aut
788 1810 966 1838 voluntatem
990 1809 1130 1837 declarare
1158 1816 1218 1837 non
1246 1812 1393 1844 possunt,
1422 1805 1495 1835 illud
1525 1805 1594 1835 satis
1613 1806 1767 1844 perspicue
1794 1812 1842 1834 ex·

329 1860 450 1897 ponitur
472 1866 548 1888 aret.
574 1870 626 1898 150
646 1867 673 1889 et
697 1868 760 1897 155.

1758 1904 1850 1935 SEC.

357 1961 409 1987 (4)
427 1961 479 1984 Vld.
497 1961 581 1987 Lacn',
599 1960 644 1984 1,1.
660 1967 684 1988 p,
698 1966 756 1988 517,
773 1965 807 1988 sq,

357 1999 412 2029 (s)
428 2003 494 2025 viad.
510 2001 641 2028 Malu-illc,
660 2002 811 2029 Spangmberg
827 2008 848 2024 et
867 2002 1015 2026 Dulyfncourt
1032 2003 1059 2025 ad
1076 2007 1116 2026 nrt.
1130 2005 1180 2029 1420
