1913 2417
389 125 657 157 RES'PONSIO
685 135 733 157 AD
754 125 1132 165 'QUAESTIONEM
1159 127 1488 164 LITERARIAM.

1655 144 1689 175 33

177 217 318 238 novorum
337 209 446 238 civium
465 211 637 239 vicinitatem
649 230 660 245 ‚
685 219 759 246 quos
778 212 940 248 κληρούχους
957 213 1072 241 nomine
1088 213 1276 243 Athenienses
1289 235 1299 249 ,
1319 222 1351 243 ut
1372 217 1496 245 vidimus
1509 238 1518 252 ,
1542 218 1570 247 in
1591 219 1686 254 plures

177 261 308 297 regiones
332 262 497 290 mittebant:
526 270 597 297 quae
620 269 663 290 res
691 262 827 290 credibile
851 271 910 291 non
933 270 996 299 est,
1026 271 1165 300 quantum
1195 266 1229 294 ad
1262 266 1457 296 stabiliendam
1481 269 1611 305 ipsorum
1631 278 1687 306 po-

174 313 292 341 tentiam
317 314 485 342 contulerit.

211 372 242 400 5.
264 363 398 399 Denique
422 370 536 392 constat
563 363 712 392 hominum
736 364 849 394 animos
877 365 1026 395 servitutis
1050 365 1240 396 diuturnitate
1267 367 1304 396 ita
1329 369 1363 397 ad
1391 370 1578 400 adulationem
1595 372 1687 401 domi-

178 421 281 443 norum
307 415 589 450 adsentationemque
618 414 765 443 informari
790 422 821 443 ut
851 416 991 445 libertatis
1015 426 1094 446 amor
1124 419 1181 447 nisi
1202 419 1421 456 exstinguatur,
1452 427 1479 448 at
1503 429 1578 450 certe
1606 423 1686 451 valde

176 466 324 494 minuatur
344 473 372 495 et
393 466 466 495 nihil
489 466 546 495 nisi
569 466 734 502 abiectum,
766 467 840 495 nihil
856 467 913 496 nisi
937 468 1048 497 humile
1070 468 1200 498 homines
1223 470 1373 508 cogitent,
1401 477 1433 500 ut
1457 472 1574 502 omnino
1598 474 1688 505 veriss

173 515 280 546 simum
305 517 435 547 videatur
454 517 638 546 Homericum
661 518 733 547 illud
754 518 793 554 (1
806 519 840 555 )‚

435 612 546 648 ’Ἡμισυ
566 614 620 650 γάρ
646 612 674 643 τ’
698 615 794 650 ἀρετῆς
820 615 986 646 ἀποαίνυται
1007 615 1124 653 maon
1146 619 1213 651 Ζεὺς

445 665 568 702 Ἀνέρος,
591 664 648 696 εὖτ’
677 666 712 696 ἄν
727 677 779 702 μιν
801 668 878 697 κατὰ
898 668 1000 699 δούλιον
1019 667 1091 707 ἦμαρ
1115 668 1216 707 ἕλῃσιν-

485 971 875 1007 'SECTIO
979 976 1370 1012 TERTIA.

278 1090 328 1116 ‘DE
358 1093 427 1121 v1,
457 1094 570 1123 QUAM
598 1090 884 1117 PRINCIPATUS
914 1093 1245 1120 Α’ΤΗΕΝΙΕΝειυΜ
1270 1092 1356 1120 ὀυΜ
1384 1098 1427 1118 ΙΝ
1454 1096 1574 1120 Ipsos

344 1142 663 1175 ATHENIENSES,
694 1146 782 1168 TUM
811 1147 1096 1171 lucana-Eleos
1128 1151 1314 1172 GRAECOS
1344 1149 1510 1171 annum.

164 1235 326 1304 Restat,
356 1275 407 1304 ut,
439 1274 590 1305 quamnam
612 1270 673 1300 vim
697 1270 878 1307 principatus
909 1270 1129 1299 Atheniensium
1158 1279 1224 1300 cum
1251 1270 1282 1300 in
1307 1271 1389 1307 ipsos
1413 1275 1474 1298 tum
1500 1268 1530 1297 in
1557 1272 1683 1296 caeteros

164 1318 301 1348 Graeciae
325 1321 453 1356 populos
480 1321 630 1356 habuerit,
653 1322 776 1350 breviter
800 1330 989 1358 exponamus,

202 1369 299 1396 Nobis
321 1371 434 1403 quidem
459 1379 518 1399 non
540 1373 627 1400 modo
654 1372 784 1404 potentia
807 1373 1003 1406 Athenarum,
1032 1378 1065 1398 ut
1088 1380 1139 1406 per
1162 1381 1193 1400 se
1218 1378 1316 1407 patet,
1351 1378 1448 1398 verum
1476 1368 1559 1397 etiam
1585 1366 1685 1403 magna

165 1427 199 1448 ex
237 1425 317 1455 parte
357 1426 450 1446 carum
485 1418 513 1446 in
554 1419 665 1446 artibus
703 1419 901 1455 doctrinisque
936 1420 1098 1448 excellentia
1140 1421 1206 1449 inde
1246 1421 1396 1457 repetenda
1433 1420 1557 1449 videtur.
1619 1422 1680 1446 An-

164 1477 208 1499 tea
231 1469 407 1498 narravimus
431 1469 599 1504 quomodo,
634 1475 753 1506 accepto
780 1470 964 1506 principatu,
1003 1471 1115 1499 sensim*
1137 1480 1171 1500 eo
1201 1472 1393 1501 Athenienses
1426 1469 1621 1507 pervenerint,
1652 1471 1686 1494 ut

163 1522 351 1558 plurimarum
375 1520 532 1549 insularum
561 1527 593 1548 et
621 1521 698 1549 mille
728 1521 924 1557 oppidorum,
954 1522 983 1550 id
1008 1528 1069 1557 est,
1106 1522 1242 1552 Graeciae
1274 1523 1341 1560 pius
1367 1530 1451 1558 quam
1474 1520 1615 1565 dimidiae*
1633 1518 1686 1546 do-

163 1573 234 1602 mini
257 1577 362 1601 essent.
411 1570 519 1599 Verum
551 1571 575 1599 si
606 1578 656 1600 aut
684 1572 800 1600 barbara
830 1580 918 1608 gens,
947 1578 996 1600 aut
1021 1573 1225 1612 plerorumque
1257 1575 1432 1610 populorum
1467 1573 1548 1601 etiam
1579 1569 1685 1598 cultio-

165 1632 227 1653 rum
251 1622 375 1651 fuissent
402 1622 529 1657 similes,
561 1623 685 1652 dubitari
716 1623 765 1652 vix
784 1629 904 1658 -potest,
933 1623 1023 1659 quin,
1050 1625 1214 1653 dominandi
1249 1625 1405 1661 cupiditate
1437 1622 1568 1659 abrepti,
1597 1620 1682 1649 unice

164 1677 198 1705 de
224 1674 331 1703 finibus
354 1673 465 1708 imperii
490 1674 576 1709 longe
608 1675 722 1710 lateque
748 1674 963 1711 propagandis,
992 1676 1146 1711 cogitaturi
1179 1676 1318 1705 fuissent.
1361 1678 1401 1704 At
1432 1675 1538 1718 majore
1568 1669 1683 1708 pulchri

165 1726 339 1760 honestique
363 1732 449 1752 sensu
468 1724 587 1760 praediti
609 1731 707 1760 erant,
738 1733 820 1760 quam
847 1732 877 1753 ut
894 1725 970 1753 bello
995 1731 1105 1754 tantum
1133 1728 1267 1755 excellere
1291 1727 1405 1755 vellent.
1448 1724 1557 1755 Urbem
1575 1730 1654 1752 suam
1671 1741 1683 1757 ,

165 1785 236 1812 quae
256 1776 366 1804 viribus
390 1780 417 1803 et
437 1775 523 1803 armis
546 1782 669 1804 caeteras
696 1777 871 1812 superabat,
899 1776 1059 1812 omnibus,
1088 1785 1161 1812 quae
1188 1777 1283 1806 urbem
1306 1785 1407 1814 augere
1435 1783 1522 1812 atque
1546 1781 1682 1803 exornare

163 1833 303 1864 possent,
331 1827 450 1862 primam
473 1834 535 1855 esse
558 1826 734 1863 cupiebant,
754 1827 911 1864 aedificiis,
941 1829 1078 1865 templis,
1108 1829 1185 1857 ludis
1210 1829 1357 1866 publicis,
1388 1829 1489 1858 multis
1516 1826 1590 1856 aliis.
1630 1824 1684 1853 So·

1625 1882 1688 1905 cto.

191 1941 244 1971 (ι)
264 1941 317 1966 vid.
338 1942 427 1965 Homer.
446 1943 529 1970 oens.
541 1953 566 1975 p,
588 1949 612 1970 v.
629 1949 678 1972 323.
