1913 2417
251 177 291 206 (ο
547 166 589 199 G.
633 164 659 197 J,
725 174 825 197 VAN
872 173 964 194 nita
1007 162 1164 194 B'OON
1207 162 1414 195 MESCH

252 263 298 296 rei
324 267 488 294 momento
516 259 703 295 detraham,
727 264 780 289 aut
808 256 904 288 nimis
929 254 1055 298 prolixo
1083 265 1233 286 sermone
1251 254 1403 285 molestus
1422 253 1510 285 siam.
1554 254 1625 284 Non
1647 263 1721 296 pos·

252 325 456 352 ‘sum‘tamen
481 327 546 348 nou
575 325 642 346 uuo
673 314 782 345 saltem
808 311 953 353 exemplo
979 311 1141 348 indicare,
1173 317 1331 354 quantum
1363 311 1405 340 sit
1430 309 1468 340 ad
1493 309 1552 342 soli
1572 309 1722 341 emenda·-

250 376 371 407 tiszuem
393 384 409 404 a
433 372 590 404 Clieniiois
617 369 823 414 sperandum.
871 367 981 398 Tristis
1011 378 1070 398 nos
1092 367 1200 398 docuit
1224 367 1436 409 experientia,
1471 377 1557 397 mare
1578 365 1727 409 quando?

252 442 316 473 que
341 431 406 461 suis
429 428 576 460 claustris
591 427 726 458 effractis
743 424 892 455 invadere
907 434 999 465 agros
1010 446 1020 462 ,
1038 434 1262 466 magnumque
1277 424 1325 454 rei
1343 425 1481 454 rusticae·
1492 422 1723 454 detrimentum

253 486 381 518 inferre.
428 474 535 515 Multo
564 494 664 525 major
686 481 724 512 fii
748 479 906 522 ejusmodi
934 479 1112 516 calamitas,
1136 481 1162 510 si
1189 486 1319 522 propter
1344 479 1404 510 loci
1425 486 1570 510 naturam
1599 477 1721 509 diutius

252 547 377 584 stagnet
414 550 494 585 aqua
526 542 669 576 marina,
694 544 788 579 atque
819 534 858 566 'in
887 536 996 567 solum.
1015 543 1017 546 ’
1037 534 1229 578 profundius
1271 542 1424 578 penetret.
1480 535 1599 567 Abacta
1635 535 1724 565 enim

251 608 333 640 aqua
358 597 462 628 solum
490 601 632 637 superest
665 592 789 630 sterile,
820 591 908 635 quod
937 591 1035 634 longo
1065 592 1217 634 temporis
1240 592 1406 623 intervallo
1431 592 1553 635 indiget
1580 591 1620 622 ad
1647 593 1724 634 pris-

252 656 350 685 tinam
381 651 622 682 faecunditatem
663 649 921 692 recuperandam.
968 647 1060 679 Unde
1094 647 1176 678 hoc?
1216 648 1362 679 sterilitas
1396 648 1448 678 illa
1472 659 1538 679 non
1568 647 1685 690 pendet
1708 658 1726 679 a

253 710 386 741 muriate
415 707 509 739 sodae
533 708 598 738 sive
626 706 688 737 sale
712 706 865 743 culinari,
902 704 954 735 hic
985 707 1072 735 enim
1095 705 1286 746 vegetationi
1314 704 1423 746 potius
1452 703 1600 746 prodesse
1629 713 1732 746 quamv

252 765 362 796 obesse
393 764 538 800 videtur,
571 762 625 793 sed
651 762 690 793 ab
725 761 779 792 illo
807 761 983 805 principio,
1015 760 1104 803 quod
1122 771 1221 802 aquae
1240 761 1380 791 marinae
1406 770 1591 791 nauseosam
1610 759 1724 790 amari-

253 821 398 852 tudinem
422 819 591 857 conciliat,
623 829 641 849 a
669 818 804 849 muriate
845 817 1026 859 magnesiae
1051 817 1125 848 sive
1157 827 1317 859 magnesia
1350 817 1458 855 salita3
1490 817 1566 847 haec
1590 816 1728 859 pessime

256 885 367 915 nocet,
399 885 591 917 omnemque
618 878 852 916 vegetationem
877 873 1023 917 impedit.
1069 873 1106 904 ln
1130 872 1289 904 chemicis
1312 879 1361 904 est
1388 872 1564 904 auxilium..
1604 874 1730 904 Murias

259 934 439 975 magnesiae
465 932 584 974 adjecta
609 930 692 961 calce
723 930 916 969 resolvitur,
957 930 1083 962 acidum
1108 930 1311 960 muriaticum
1334 929 1442 971 jungit
1469 939 1502 959 se
1524 939 1598 959 cum
1623 929 1727 968 calce,

256 996 350 1031 atque
379 989 439 1019 hoc
466 988 564 1019 modo
579 987 738 1018 enascitur
757 986 1003 1023 muriascalcis,
1029 998 1064 1018 ac
1086 987 1245 1028 magnesia
1260 985 1352 1016 acido
1370 986 1538 1016 muriatico
1562 988 1706 1028 privatur
1715 1008 1732 1024 ‚.

256 1056 336 1087 quae
362 1055 428 1075 non
461 1044 599 1086 amplius
620 1050 750 1075 nocent.
794 1043 908 1074 Minus
935 1044 1033 1086 igitur
1062 1042 1282 1086 periclitantur
1297 1041 1385 1083 agri,
1408 1042 1466 1084 qui
1483 1041 1601 1072 calcem
1622 1043 1726 1073 conti·

256 1107 356 1139 nent,
387 1101 579 1143 caeterisque
603 1099 803 1131 medebimur
830 1099 913 1130 calce
937 1106 991 1130 aut
1017 1098 1187 1130 ruderibus
1215 1098 1361 1129 contritis
1376 1096 1571 1138 adjiciendis„

305 1161 348 1189 At
376 1168 442 1188 non
466 1167 590 1200 semper
615 1155 697 1186 male
727 1155 815 1186 audit
840 1156 960 1186 murias
994 1155 1172 1198 magnesiae
1189 1154 1224 1185 in
1242 1153 1438 1184 Oeconomia
1457 1152 1566 1184 rurali.
1609 1153 1734 1186 Eadem

257 1213 312 1250 vi,
337 1223 399 1256 qua
419 1213 649 1256 vegetationem
679 1211 844 1254 prohibet,
869 1211 1032 1254 putredini
1061 1221 1192 1254 quoque
1211 1210 1347 1240 obsistit.
1393 1209 1442 1240 Ab
1460 1209 1646 1242 inhaerente
1665 1211 1730 1243 hoc

258 1268 321 1299 sale
346 1270 411 1301 vim
438 1280 528 1300 snam
554 1268 772 1311 antisepticam
793 1267 980 1311 adipiscitur
997 1267 1043 1299 sal
1059 1267 1232 1304 culinaris,
1256 1276 1353 1308 quem
1372 1265 1454 1296 lianc
1478 1265 1522 1296 ob
1539 1276 1665 1297 causam
1686 1266 1734 1298 ad.

258 1324 365 1367 butyri
391 1326 664 1357 conservationem
690 1323 844 1355 adhibent
873 1324 1049 1363 ruricolae,
1071 1335 1112 1355 eo
1145 1322 1298 1361 consilio,
1321 1328 1358 1353 ut
1389 1323 1469 1353 aeris
1483 1322 1730 1365 annosphaerici

262 1387 403 1412 arceatur
428 1382 550 1421 aditus,
573 1388 669 1424 atque
697 1392 779 1423 aqua
804 1380 989 1412 inhaerente
1013 1381 1158 1423 privetur
1183 1380 1346 1421 butyrum.
1392 1379 1466 1410 Sine
1490 1389 1572 1420 aqua
1595 1390 1681 1410 enim
1696 1385 1729 1411 et

260 1438 330 1466 aete
353 1436 440 1468 nulla
468 1438 574 1480 butyri
602 1439 784 1480 corruptio,
808 1437 917 1481 nullus
930 1447 1053 1468 rancor.
1100 1437 1225 1468 Murias
1244 1436 1423 1478 magnesiae
1439 1437 1558 1478 insigni
1576 1446 1635 1467 sua
1656 1434 1729 1466 affi-

261 1494 358 1524 nitate
381 1493 420 1524 ad
447 1505 480 1525 se
506 1494 601 1526 trahit
625 1494 735 1536 butyri
764 1505 902 1537 aquam,
926 1482 1136 1536 deliquescit,
1160 1492 1304 1535 factaque
1325 1492 1400 1524 salis
1425 1492 1576 1524 culinaris
1591 1491 1730 1532 solutio,

260 1547 337 1579 dum
364 1550 404 1581 ab
427 1552 516 1582 omni
539 1557 626 1593 parte
642 1550 796 1593 butyrum
815 1550 916 1581 ambit
939 1557 1033 1593 atque
1052 1551 1088 1581 in
1110 1551 1218 1581 omnia
1237 1551 1331 1592 hujus
1347 1554 1443 1580 strata
1465 1550 1548 1591 agit,
1573 1547 1730 1591 impedit,

262 1615 328 1645 quo
357 1607 464 1636 minus
492 1610 544 1638 aer
573 1607 844 1650 atmosphaericus
869 1607 904 1637 in
935 1605 1015 1637 illud
1039 1617 1130 1649 agere
1160 1607 1270 1649 possit.
1317 1604 1432 1636 Elucet
1460 1604 1535 1635 inde
1560 1614 1732 1648 nunquam

263 1658 381 1702 butyro
416 1661 624 1703 adjiciendam
656 1673 722 1695 esse
747 1663 821 1694 salis
841 1661 994 1694 culinaris
1021 1662 1232 1700 solutionem,
1267 1662 1313 1693 sic
1336 1661 1423 1692 enim
1449 1667 1574 1692 arcetur
1597 1660 1730 1704 quidem

262 1718 345 1747 neiis
366 1715 484 1753 aditus,
514 1719 570 1749 sed
595 1721 710 1752 intacta
730 1720 923 1762 relinquitur
946 1720 1055 1761 butyri
1075 1729 1173 1762 aqua..
1213 1720 1298 1750 Patet
1324 1729 1391 1749 non
1419 1716 1639 1749 adhibendum
1660 1725 1730 1747 esse

271 1772 367 1802 salem
395 1772 568 1806 culinarem
602 1777 721 1819 optime
748 1776 960 1822 depuratum,
983 1776 1040 1818 qui
1065 1775 1191 1806 modica
1220 1774 1408 1806 ebullitione
1436 1773 1607 1814 colligitur.
1671 1772 1731 1804 Hic

265 1828 351 1857 enim
375 1828 428 1859 vix
456 1831 630 1874 quidquam
655 1833 798 1864 muriatis
814 1833 993 1875 magnesiae
1009 1833 1175 1870 continet,
1196 1841 1309 1874 sapore
1323 1829 1454 1873 quidem
1467 1828 1732 1869 commendatur,

264 1882 323 1915 sed
353 1884 483 1916 minime
507 1888 591 1919 valet
609 1888 649 1919 ad
673 1890 874 1931 putredinem
893 1888 1071 1920 arcendam.
1119 1891 1251 1931 Propter
1264 1886 1397 1918 eandem
1420 1893 1577 1917 rationem
1591 1897 1658 1917 non
1676 1885 1732 1917 ad-

266 1937 430 1971 hibendus
446 1945 494 1972 est
508 1941 553 1972 sai
566 1950 758 1985 montanus5
770 1953 865 1989 atque
880 1945 954 1980 inde
967 1944 1088 1981 famum
1105 1951 1154 1980 est
1166 1967 1187 1987 2.
1201 1951 1239 1978 ut
1255 1950 1329 1978 ante
1347 1943 1470 1988 aliquot
1482 1951 1604 1983 annos,
1625 1951 1733 1986 quum

1633 2009 1733 2043 9²02·
