<?xml version="1.0" encoding="UTF-8"?>
<!DOCTYPE html PUBLIC "-//W3C//DTD XHTML 1.0 Transitional//EN"
    "http://www.w3.org/TR/xhtml1/DTD/xhtml1-transitional.dtd">
<html xmlns="http://www.w3.org/1999/xhtml" xml:lang="en" lang="en">
 <head>
  <title>
</title>
<meta http-equiv="Content-Type" content="text/html;charset=utf-8" />
  <meta name='ocr-system' content='tesseract 3.04.00' />
  <meta name='ocr-capabilities' content='ocr_page ocr_carea ocr_par ocr_line ocrx_word'/>
</head>
<body>
  <div class='ocr_page' id='page_1' title='image "annalesacademiae19rijk_0300.png"; bbox 0 0 1913 2417; ppageno 0'>
   <div class='ocr_carea' id='block_1_1' title="bbox 320 165 1563 211">
    <p class='ocr_par' dir='ltr' id='par_1_1' title="bbox 320 165 1563 211">
     <span class='ocr_line' id='line_1_1' title="bbox 320 165 1563 211; baseline -0.005 -9"><span class='ocrx_word' id='word_1_1' title='bbox 320 180 357 211; x_wconf 83' lang='lat'>50</span> <span class='ocrx_word' id='word_1_2' title='bbox 589 166 1190 209; x_wconf 82' lang='lat' dir='ltr'>JACO-131HERMAN1</span> <span class='ocrx_word' id='word_1_3' title='bbox 1246 165 1563 198; x_wconf 70' lang='lat' dir='ltr'>PHILIPSE</span> 
     </span>
    </p>
   </div>
   <div class='ocr_carea' id='block_1_2' title="bbox 306 249 1913 2021">
    <p class='ocr_par' dir='ltr' id='par_1_2' title="bbox 306 249 1913 2021">
     <span class='ocr_line' id='line_1_2' title="bbox 315 249 1834 292; baseline -0.003 -8"><span class='ocrx_word' id='word_1_4' title='bbox 315 255 393 292; x_wconf 80' lang='lat' dir='ltr'>apud</span> <span class='ocrx_word' id='word_1_5' title='bbox 414 253 632 288; x_wconf 74' lang='lat' dir='ltr'>Proudhonum,</span> <span class='ocrx_word' id='word_1_6' title='bbox 655 262 686 289; x_wconf 87' lang='lat' dir='ltr'>p.</span> <span class='ocrx_word' id='word_1_7' title='bbox 706 260 769 287; x_wconf 83' lang='lat'>192.</span> <span class='ocrx_word' id='word_1_8' title='bbox 792 259 881 287; x_wconf 81' lang='lat' dir='ltr'>sqq.‚</span> <span class='ocrx_word' id='word_1_9' title='bbox 904 257 931 279; x_wconf 92' lang='lat' dir='ltr'>et</span> <span class='ocrx_word' id='word_1_10' title='bbox 953 249 1210 286; x_wconf 58' lang='lat' dir='ltr'>Dehinc-unitam,</span> <span class='ocrx_word' id='word_1_11' title='bbox 1247 258 1277 286; x_wconf 86' lang='lat' dir='ltr'>p.</span> <span class='ocrx_word' id='word_1_12' title='bbox 1299 250 1369 287; x_wconf 64' lang='lat'>356.&gt;</span> <span class='ocrx_word' id='word_1_13' title='bbox 1389 258 1477 286; x_wconf 59' lang='lat' dir='ltr'>sqq„</span> <span class='ocrx_word' id='word_1_14' title='bbox 1508 249 1654 279; x_wconf 84' lang='lat' dir='ltr'>monuisse</span> <span class='ocrx_word' id='word_1_15' title='bbox 1678 250 1834 286; x_wconf 35' lang='lat' dir='ltr'>sufficiat-,ff</span> 
     </span>
     <span class='ocr_line' id='line_1_3' title="bbox 306 301 1830 340; baseline -0.004 -5"><span class='ocrx_word' id='word_1_16' title='bbox 306 313 345 335; x_wconf 89' lang='lat' dir='ltr'>·et</span> <span class='ocrx_word' id='word_1_17' title='bbox 369 306 421 334; x_wconf 87' lang='lat' dir='ltr'>hac</span> <span class='ocrx_word' id='word_1_18' title='bbox 445 305 475 334; x_wconf 90' lang='lat' dir='ltr'>in</span> <span class='ocrx_word' id='word_1_19' title='bbox 497 313 526 333; x_wconf 89' lang='lat' dir='ltr'>re</span> <span class='ocrx_word' id='word_1_20' title='bbox 546 304 736 340; x_wconf 80' lang='lat' dir='ltr'>legislatorem</span> <span class='ocrx_word' id='word_1_21' title='bbox 762 311 822 331; x_wconf 84' lang='lat' dir='ltr'>nou</span> <span class='ocrx_word' id='word_1_22' title='bbox 848 303 1000 332; x_wconf 79' lang='lat' dir='ltr'>recessisse</span> <span class='ocrx_word' id='word_1_23' title='bbox 1021 310 1036 330; x_wconf 89' lang='lat' dir='ltr'>a</span> <span class='ocrx_word' id='word_1_24' title='bbox 1062 301 1206 338; x_wconf 84' lang='lat' dir='ltr'>principio</span> <span class='ocrx_word' id='word_1_25' title='bbox 1237 302 1322 330; x_wconf 86' lang='lat' dir='ltr'>semel</span> <span class='ocrx_word' id='word_1_26' title='bbox 1354 302 1455 337; x_wconf 89' lang='lat' dir='ltr'>posito</span> <span class='ocrx_word' id='word_1_27' title='bbox 1486 302 1520 329; x_wconf 90' lang='lat' dir='ltr'>de</span> <span class='ocrx_word' id='word_1_28' title='bbox 1544 301 1649 330; x_wconf 84' lang='lat' dir='ltr'>incerta</span> <span class='ocrx_word' id='word_1_29' title='bbox 1679 301 1830 330; x_wconf 28' lang='lat' dir='ltr'>conditio-⁷</span> 
     </span>
     <span class='ocr_line' id='line_1_4' title="bbox 319 351 1827 393; baseline -0.005 -7"><span class='ocrx_word' id='word_1_30' title='bbox 319 365 372 393; x_wconf 89' lang='lat' dir='ltr'>ne,</span> <span class='ocrx_word' id='word_1_31' title='bbox 399 356 430 385; x_wconf 87' lang='lat' dir='ltr'>in</span> <span class='ocrx_word' id='word_1_32' title='bbox 455 363 512 391; x_wconf 87' lang='lat' dir='ltr'>qua</span> <span class='ocrx_word' id='word_1_33' title='bbox 535 360 666 383; x_wconf 88' lang='lat' dir='ltr'>versatur</span> <span class='ocrx_word' id='word_1_34' title='bbox 684 354 803 389; x_wconf 87' lang='lat' dir='ltr'>absens;</span> <span class='ocrx_word' id='word_1_35' title='bbox 834 353 961 389; x_wconf 85' lang='lat' dir='ltr'>adeoque</span> <span class='ocrx_word' id='word_1_36' title='bbox 992 353 1176 389; x_wconf 89' lang='lat' dir='ltr'>perspicuum</span> <span class='ocrx_word' id='word_1_37' title='bbox 1201 360 1263 381; x_wconf 87' lang='lat' dir='ltr'>esse</span> <span class='ocrx_word' id='word_1_38' title='bbox 1294 360 1419 381; x_wconf 79' lang='lat' dir='ltr'>errorem</span> <span class='ocrx_word' id='word_1_39' title='bbox 1442 352 1663 387; x_wconf 64' lang='lat' dir='ltr'>Delvincartitt,</span> <span class='ocrx_word' id='word_1_40' title='bbox 1694 352 1744 387; x_wconf 84' lang='lat' dir='ltr'>qui</span> <span class='ocrx_word' id='word_1_41' title='bbox 1767 351 1827 380; x_wconf 85' lang='lat' dir='ltr'>Ab·</span> 
     </span>
     <span class='ocr_line' id='line_1_5' title="bbox 318 403 1830 440; baseline -0.005 -3"><span class='ocrx_word' id='word_1_42' title='bbox 318 414 426 437; x_wconf 87' lang='lat' dir='ltr'>sentem</span> <span class='ocrx_word' id='word_1_43' title='bbox 450 412 593 435; x_wconf 86' lang='lat' dir='ltr'>mortuum</span> <span class='ocrx_word' id='word_1_44' title='bbox 617 404 734 438; x_wconf 77' lang='lat' dir='ltr'>haberi,</span> <span class='ocrx_word' id='word_1_45' title='bbox 761 404 847 439; x_wconf 84' lang='lat' dir='ltr'>idque</span> <span class='ocrx_word' id='word_1_46' title='bbox 871 404 990 440; x_wconf 79' lang='lat' dir='ltr'>probari</span> <span class='ocrx_word' id='word_1_47' title='bbox 1009 403 1126 432; x_wconf 78' lang='lat' dir='ltr'>affirmat</span> <span class='ocrx_word' id='word_1_48' title='bbox 1147 412 1181 432; x_wconf 83' lang='lat' dir='ltr'>ex</span> <span class='ocrx_word' id='word_1_49' title='bbox 1205 409 1267 432; x_wconf 79' lang='lat' dir='ltr'>art.</span> <span class='ocrx_word' id='word_1_50' title='bbox 1297 411 1383 440; x_wconf 55' lang='lat'>135„</span> <span class='ocrx_word' id='word_1_51' title='bbox 1412 403 1441 433; x_wconf 90' lang='lat' dir='ltr'>in</span> <span class='ocrx_word' id='word_1_52' title='bbox 1468 412 1534 440; x_wconf 48' lang='lat' dir='ltr'>quo,</span> <span class='ocrx_word' id='word_1_53' title='bbox 1556 403 1598 432; x_wconf 79' lang='lat' dir='ltr'>ilii</span> <span class='ocrx_word' id='word_1_54' title='bbox 1629 408 1741 432; x_wconf 84' lang='lat' dir='ltr'>tantum</span> <span class='ocrx_word' id='word_1_55' title='bbox 1762 410 1830 438; x_wconf 87' lang='lat' dir='ltr'>pro-</span> 
     </span>
     <span class='ocr_line' id='line_1_6' title="bbox 319 453 1837 494; baseline -0.004 -6"><span class='ocrx_word' id='word_1_56' title='bbox 319 458 406 488; x_wconf 88' lang='lat' dir='ltr'>bandi</span> <span class='ocrx_word' id='word_1_57' title='bbox 437 456 597 494; x_wconf 79' lang='lat' dir='ltr'>injungitur</span> <span class='ocrx_word' id='word_1_58' title='bbox 626 454 806 491; x_wconf 71' lang='lat' dir='ltr'>necessitas,</span> <span class='ocrx_word' id='word_1_59' title='bbox 831 455 883 491; x_wconf 90' lang='lat' dir='ltr'>qui</span> <span class='ocrx_word' id='word_1_60' title='bbox 916 455 974 485; x_wconf 83' lang='lat' dir='ltr'>sibi</span> <span class='ocrx_word' id='word_1_61' title='bbox 1006 455 1125 491; x_wconf 83' lang='lat' dir='ltr'>aliquod</span> <span class='ocrx_word' id='word_1_62' title='bbox 1155 455 1202 491; x_wconf 82' lang='lat' dir='ltr'>jus</span> <span class='ocrx_word' id='word_1_63' title='bbox 1234 455 1378 483; x_wconf 88' lang='lat' dir='ltr'>vindicare</span> <span class='ocrx_word' id='word_1_64' title='bbox 1410 461 1512 491; x_wconf 84' lang='lat' dir='ltr'>posset</span> <span class='ocrx_word' id='word_1_65' title='bbox 1529 475 1541 490; x_wconf 82' lang='lat'>,</span> <span class='ocrx_word' id='word_1_66' title='bbox 1569 453 1683 490; x_wconf 86' lang='lat' dir='ltr'>quando</span> <span class='ocrx_word' id='word_1_67' title='bbox 1716 453 1837 482; x_wconf 22' lang='lat' dir='ltr'>Absens*</span> 
     </span>
     <span class='ocr_line' id='line_1_7' title="bbox 318 500 1895 543; baseline -0.004 -4"><span class='ocrx_word' id='word_1_68' title='bbox 318 510 439 540; x_wconf 86' lang='lat' dir='ltr'>vixisset</span> <span class='ocrx_word' id='word_1_69' title='bbox 462 514 609 543; x_wconf 87' lang='lat' dir='ltr'>tempore,</span> <span class='ocrx_word' id='word_1_70' title='bbox 633 514 692 542; x_wconf 91' lang='lat' dir='ltr'>quo</span> <span class='ocrx_word' id='word_1_71' title='bbox 717 506 789 535; x_wconf 84' lang='lat' dir='ltr'>illud</span> <span class='ocrx_word' id='word_1_72' title='bbox 809 506 858 543; x_wconf 80' lang='lat' dir='ltr'>Jus</span> <span class='ocrx_word' id='word_1_73' title='bbox 880 507 1034 542; x_wconf 87' lang='lat' dir='ltr'>cessisset;</span> <span class='ocrx_word' id='word_1_74' title='bbox 1056 513 1134 534; x_wconf 90' lang='lat' dir='ltr'>certo</span> <span class='ocrx_word' id='word_1_75' title='bbox 1159 505 1286 541; x_wconf 86' lang='lat' dir='ltr'>indicio,</span> <span class='ocrx_word' id='word_1_76' title='bbox 1308 506 1397 541; x_wconf 77' lang='lat' dir='ltr'>illos,</span> <span class='ocrx_word' id='word_1_77' title='bbox 1415 513 1539 542; x_wconf 79' lang='lat' dir='ltr'>quot-uni</span> <span class='ocrx_word' id='word_1_78' title='bbox 1558 506 1607 542; x_wconf 82' lang='lat' dir='ltr'>J‘us</span> <span class='ocrx_word' id='word_1_79' title='bbox 1636 505 1746 534; x_wconf 85' lang='lat' dir='ltr'>nitatur</span> <span class='ocrx_word' id='word_1_80' title='bbox 1770 503 1841 533; x_wconf 55' lang='lat' dir='ltr'>obis</span> <span class='ocrx_word' id='word_1_81' title='bbox 1890 500 1895 505; x_wconf 81' lang='grc'><strong>’</strong></span> 
     </span>
     <span class='ocr_line' id='line_1_8' title="bbox 321 556 1841 593; baseline -0.005 -3"><span class='ocrx_word' id='word_1_82' title='bbox 321 568 355 589; x_wconf 87' lang='lat' dir='ltr'>tu</span> <span class='ocrx_word' id='word_1_83' title='bbox 376 558 536 593; x_wconf 88' lang='lat' dir='ltr'>Absentis‚</span> <span class='ocrx_word' id='word_1_84' title='bbox 565 557 641 586; x_wconf 87' lang='lat' dir='ltr'>idem</span> <span class='ocrx_word' id='word_1_85' title='bbox 665 556 810 586; x_wconf 76' lang='lat' dir='ltr'>vindicare</span> <span class='ocrx_word' id='word_1_86' title='bbox 836 565 923 593; x_wconf 87' lang='lat' dir='ltr'>posse</span> <span class='ocrx_word' id='word_1_87' title='bbox 953 557 1033 586; x_wconf 86' lang='lat' dir='ltr'>omni</span> <span class='ocrx_word' id='word_1_88' title='bbox 1059 556 1228 593; x_wconf 71' lang='lat' dir='ltr'>probatione</span> <span class='ocrx_word' id='word_1_89' title='bbox 1251 556 1387 585; x_wconf 73' lang='lat' dir='ltr'>remissa.</span> <span class='ocrx_word' id='word_1_90' title='bbox 1423 556 1488 586; x_wconf 89' lang='lat' dir='ltr'>Hoc</span> <span class='ocrx_word' id='word_1_91' title='bbox 1512 556 1592 585; x_wconf 86' lang='lat' dir='ltr'>enim.</span> <span class='ocrx_word' id='word_1_92' title='bbox 1612 562 1762 592; x_wconf 82' lang='lat' dir='ltr'>propterea</span> <span class='ocrx_word' id='word_1_93' title='bbox 1787 562 1841 583; x_wconf 87' lang='lat' dir='ltr'>ne·-</span> 
     </span>
     <span class='ocr_line' id='line_1_9' title="bbox 321 605 1834 650; baseline -0.005 -9"><span class='ocrx_word' id='word_1_94' title='bbox 321 612 445 650; x_wconf 82' lang='lat' dir='ltr'>gaudum</span> <span class='ocrx_word' id='word_1_95' title='bbox 469 610 600 644; x_wconf 85' lang='lat' dir='ltr'>videtur,</span> <span class='ocrx_word' id='word_1_96' title='bbox 623 608 702 644; x_wconf 76' lang='lat' dir='ltr'>quod</span> <span class='ocrx_word' id='word_1_97' title='bbox 723 607 801 637; x_wconf 32' lang='lat' dir='ltr'>hanc*</span> <span class='ocrx_word' id='word_1_98' title='bbox 819 608 979 637; x_wconf 85' lang='lat' dir='ltr'>doctrinam</span> <span class='ocrx_word' id='word_1_99' title='bbox 999 608 1077 645; x_wconf 87' lang='lat' dir='ltr'>Juris</span> <span class='ocrx_word' id='word_1_100' title='bbox 1102 607 1209 637; x_wconf 87' lang='lat' dir='ltr'>Civilis</span> <span class='ocrx_word' id='word_1_101' title='bbox 1233 608 1268 636; x_wconf 90' lang='lat' dir='ltr'>de</span> <span class='ocrx_word' id='word_1_102' title='bbox 1293 607 1478 637; x_wconf 84' lang='lat' dir='ltr'>Absentibus</span> <span class='ocrx_word' id='word_1_103' title='bbox 1505 606 1697 643; x_wconf 80' lang='lat' dir='ltr'>perscrutanti</span> <span class='ocrx_word' id='word_1_104' title='bbox 1719 605 1834 642; x_wconf 82' lang='lat' dir='ltr'>saepius</span> 
     </span>
     <span class='ocr_line' id='line_1_10' title="bbox 320 657 1843 700; baseline -0.003 -9"><span class='ocrx_word' id='word_1_105' title='bbox 320 669 453 700; x_wconf 82' lang='lat' dir='ltr'>apparet,</span> <span class='ocrx_word' id='word_1_106' title='bbox 481 660 671 697; x_wconf 73' lang='lat' dir='ltr'>legislatorem</span> <span class='ocrx_word' id='word_1_107' title='bbox 694 658 836 688; x_wconf 79' lang='lat' dir='ltr'>Absentis</span> <span class='ocrx_word' id='word_1_108' title='bbox 862 659 954 688; x_wconf 84' lang='lat' dir='ltr'>vitatu.</span> <span class='ocrx_word' id='word_1_109' title='bbox 975 665 1001 688; x_wconf 90' lang='lat' dir='ltr'>et</span> <span class='ocrx_word' id='word_1_110' title='bbox 1027 659 1139 688; x_wconf 89' lang='lat' dir='ltr'>obitum</span> <span class='ocrx_word' id='word_1_111' title='bbox 1161 666 1252 694; x_wconf 85' lang='lat' dir='ltr'>aeque</span> <span class='ocrx_word' id='word_1_112' title='bbox 1283 657 1428 687; x_wconf 83' lang='lat' dir='ltr'>incertum</span> <span class='ocrx_word' id='word_1_113' title='bbox 1448 657 1649 693; x_wconf 78' lang='lat' dir='ltr'>existimasse,</span> <span class='ocrx_word' id='word_1_114' title='bbox 1671 665 1764 693; x_wconf 83' lang='lat' dir='ltr'>neque</span> <span class='ocrx_word' id='word_1_115' title='bbox 1787 657 1843 686; x_wconf 80' lang='lat' dir='ltr'>iiic-</span> 
     </span>
     <span class='ocr_line' id='line_1_11' title="bbox 322 708 1837 749; baseline -0.005 -5"><span class='ocrx_word' id='word_1_116' title='bbox 322 715 416 744; x_wconf 82' lang='lat' dir='ltr'>eadem</span> <span class='ocrx_word' id='word_1_117' title='bbox 439 711 580 749; x_wconf 86' lang='lat' dir='ltr'>principia</span> <span class='ocrx_word' id='word_1_118' title='bbox 606 710 784 748; x_wconf 82' lang='lat' dir='ltr'>neglexisse:</span> <span class='ocrx_word' id='word_1_119' title='bbox 806 709 864 738; x_wconf 87' lang='lat' dir='ltr'>imo</span> <span class='ocrx_word' id='word_1_120' title='bbox 887 719 953 739; x_wconf 83' lang='lat' dir='ltr'>cum</span> <span class='ocrx_word' id='word_1_121' title='bbox 976 711 1038 748; x_wconf 87' lang='lat' dir='ltr'>ipse</span> <span class='ocrx_word' id='word_1_122' title='bbox 1057 710 1152 747; x_wconf 73' lang='lat' dir='ltr'>Jctus</span> <span class='ocrx_word' id='word_1_123' title='bbox 1177 709 1329 746; x_wconf 84' lang='lat' dir='ltr'>agnoverit</span> <span class='ocrx_word' id='word_1_124' title='bbox 1351 709 1441 738; x_wconf 89' lang='lat' dir='ltr'>hosce</span> <span class='ocrx_word' id='word_1_125' title='bbox 1466 713 1542 737; x_wconf 78' lang='lat' dir='ltr'>artt.</span> <span class='ocrx_word' id='word_1_126' title='bbox 1562 708 1750 744; x_wconf 86' lang='lat' dir='ltr'>applicandos</span> <span class='ocrx_word' id='word_1_127' title='bbox 1774 715 1837 736; x_wconf 89' lang='lat' dir='ltr'>esse</span> 
     </span>
     <span class='ocr_line' id='line_1_12' title="bbox 322 759 1840 797; baseline -0.005 -3"><span class='ocrx_word' id='word_1_128' title='bbox 322 767 357 794; x_wconf 84' lang='lat' dir='ltr'>ad</span> <span class='ocrx_word' id='word_1_129' title='bbox 379 765 535 793; x_wconf 86' lang='lat' dir='ltr'>Absentem</span> <span class='ocrx_word' id='word_1_130' title='bbox 559 762 642 791; x_wconf 86' lang='lat' dir='ltr'>etiam</span> <span class='ocrx_word' id='word_1_131' title='bbox 667 768 732 790; x_wconf 88' lang='lat' dir='ltr'>ante</span> <span class='ocrx_word' id='word_1_132' title='bbox 754 762 920 790; x_wconf 78' lang='lat' dir='ltr'>declaratam</span> <span class='ocrx_word' id='word_1_133' title='bbox 943 762 1134 797; x_wconf 84' lang='lat' dir='ltr'>Absentiam,</span> <span class='ocrx_word' id='word_1_134' title='bbox 1161 760 1244 789; x_wconf 84' lang='lat' dir='ltr'>facile</span> <span class='ocrx_word' id='word_1_135' title='bbox 1268 765 1409 796; x_wconf 84' lang='lat' dir='ltr'>apparet,</span> <span class='ocrx_word' id='word_1_136' title='bbox 1437 767 1528 795; x_wconf 67' lang='lat' dir='ltr'>quam:</span> <span class='ocrx_word' id='word_1_137' title='bbox 1547 767 1652 796; x_wconf 86' lang='lat' dir='ltr'>parum.</span> <span class='ocrx_word' id='word_1_138' title='bbox 1677 759 1745 788; x_wconf 88' lang='lat' dir='ltr'>haec</span> <span class='ocrx_word' id='word_1_139' title='bbox 1776 760 1840 796; x_wconf 86' lang='lat' dir='ltr'>ejus</span> 
     </span>
     <span class='ocr_line' id='line_1_13' title="bbox 320 810 1846 849; baseline -0.005 -4"><span class='ocrx_word' id='word_1_140' title='bbox 320 816 450 845; x_wconf 88' lang='lat' dir='ltr'>doctrina</span> <span class='ocrx_word' id='word_1_141' title='bbox 473 813 530 843; x_wconf 90' lang='lat' dir='ltr'>sibi</span> <span class='ocrx_word' id='word_1_142' title='bbox 552 819 694 849; x_wconf 79' lang='lat' dir='ltr'>constet,</span> <span class='ocrx_word' id='word_1_143' title='bbox 718 820 784 841; x_wconf 85' lang='lat' dir='ltr'>cum</span> <span class='ocrx_word' id='word_1_144' title='bbox 807 813 945 849; x_wconf 75' lang='lat' dir='ltr'>nemini,</span> <span class='ocrx_word' id='word_1_145' title='bbox 967 813 1066 842; x_wconf 85' lang='lat' dir='ltr'>saltem</span> <span class='ocrx_word' id='word_1_146' title='bbox 1092 820 1125 841; x_wconf 80' lang='lat' dir='ltr'>ex</span> <span class='ocrx_word' id='word_1_147' title='bbox 1147 811 1307 847; x_wconf 83' lang='lat' dir='ltr'>principiis-</span> <span class='ocrx_word' id='word_1_148' title='bbox 1322 810 1398 848; x_wconf 74' lang='lat' dir='ltr'>juris</span> <span class='ocrx_word' id='word_1_149' title='bbox 1428 818 1495 846; x_wconf 88' lang='lat' dir='ltr'>quo.</span> <span class='ocrx_word' id='word_1_150' title='bbox 1515 811 1602 840; x_wconf 73' lang='lat' dir='ltr'>hodie</span> <span class='ocrx_word' id='word_1_151' title='bbox 1623 810 1749 847; x_wconf 88' lang='lat' dir='ltr'>utimur,</span> <span class='ocrx_word' id='word_1_152' title='bbox 1776 817 1846 847; x_wconf 78' lang='lat' dir='ltr'>per·</span> 
     </span>
     <span class='ocr_line' id='line_1_14' title="bbox 324 861 1846 900; baseline -0.005 -5"><span class='ocrx_word' id='word_1_153' title='bbox 324 874 440 895; x_wconf 79' lang='lat' dir='ltr'>suasum</span> <span class='ocrx_word' id='word_1_154' title='bbox 464 873 526 893; x_wconf 90' lang='lat' dir='ltr'>esse</span> <span class='ocrx_word' id='word_1_155' title='bbox 549 864 663 900; x_wconf 82' lang='lat' dir='ltr'>possit,</span> <span class='ocrx_word' id='word_1_156' title='bbox 687 864 840 893; x_wconf 83' lang='lat' dir='ltr'>Absentem</span> <span class='ocrx_word' id='word_1_157' title='bbox 867 863 964 893; x_wconf 86' lang='lat' dir='ltr'>statim</span> <span class='ocrx_word' id='word_1_158' title='bbox 987 870 1057 900; x_wconf 86' lang='lat' dir='ltr'>post</span> <span class='ocrx_word' id='word_1_159' title='bbox 1079 863 1260 897; x_wconf 86' lang='lat' dir='ltr'>discessum,</span> <span class='ocrx_word' id='word_1_160' title='bbox 1281 867 1330 890; x_wconf 90' lang='lat' dir='ltr'>aut</span> <span class='ocrx_word' id='word_1_161' title='bbox 1355 861 1494 890; x_wconf 38' lang='lat' dir='ltr'>ultimum*</span> <span class='ocrx_word' id='word_1_162' title='bbox 1511 862 1647 891; x_wconf 85' lang='lat' dir='ltr'>nuntium</span> <span class='ocrx_word' id='word_1_163' title='bbox 1660 882 1679 898; x_wconf 86' lang='lat'>,.</span> <span class='ocrx_word' id='word_1_164' title='bbox 1694 868 1846 890; x_wconf 64' lang='lat' dir='ltr'>mortuum,</span> 
     </span>
     <span class='ocr_line' id='line_1_15' title="bbox 323 913 1844 952; baseline -0.005 -4"><span class='ocrx_word' id='word_1_165' title='bbox 323 917 497 952; x_wconf 67' lang='lat' dir='ltr'>existimarig.</span> <span class='ocrx_word' id='word_1_166' title='bbox 534 916 599 944; x_wconf 86' lang='lat' dir='ltr'>add.</span> <span class='ocrx_word' id='word_1_167' title='bbox 626 915 801 950; x_wconf 76' lang='lat' dir='ltr'>Proudlum,</span> <span class='ocrx_word' id='word_1_168' title='bbox 829 924 861 951; x_wconf 90' lang='lat' dir='ltr'>p.</span> <span class='ocrx_word' id='word_1_169' title='bbox 885 923 947 952; x_wconf 84' lang='lat'>195.</span> <span class='ocrx_word' id='word_1_170' title='bbox 993 914 1173 944; x_wconf 84' lang='lat' dir='ltr'>Praesumtio</span> <span class='ocrx_word' id='word_1_171' title='bbox 1201 913 1303 942; x_wconf 83' lang='lat' dir='ltr'>mortis</span> <span class='ocrx_word' id='word_1_172' title='bbox 1331 920 1424 949; x_wconf 89' lang='lat' dir='ltr'>neque</span> <span class='ocrx_word' id='word_1_173' title='bbox 1447 913 1536 950; x_wconf 79' lang='lat' dir='ltr'>magIs</span> <span class='ocrx_word' id='word_1_174' title='bbox 1568 913 1636 942; x_wconf 84' lang='lat' dir='ltr'>inde</span> <span class='ocrx_word' id='word_1_175' title='bbox 1665 913 1844 949; x_wconf 85' lang='lat' dir='ltr'>praevaluis-</span> 
     </span>
     <span class='ocr_line' id='line_1_16' title="bbox 328 963 1903 1004; baseline -0.003 -6"><span class='ocrx_word' id='word_1_176' title='bbox 328 978 358 998; x_wconf 89' lang='lat' dir='ltr'>se</span> <span class='ocrx_word' id='word_1_177' title='bbox 386 969 546 1004; x_wconf 81' lang='lat' dir='ltr'>probatur,</span> <span class='ocrx_word' id='word_1_178' title='bbox 577 967 675 1002; x_wconf 84' lang='lat' dir='ltr'>quod,</span> <span class='ocrx_word' id='word_1_179' title='bbox 704 967 754 1002; x_wconf 91' lang='lat' dir='ltr'>qui</span> <span class='ocrx_word' id='word_1_180' title='bbox 781 972 904 995; x_wconf 85' lang='lat' dir='ltr'>mortuo</span> <span class='ocrx_word' id='word_1_181' title='bbox 921 966 1050 994; x_wconf 87' lang='lat' dir='ltr'>Absente</span> <span class='ocrx_word' id='word_1_182' title='bbox 1081 965 1252 994; x_wconf 83' lang='lat' dir='ltr'>succedendi</span> <span class='ocrx_word' id='word_1_183' title='bbox 1285 965 1334 1001; x_wconf 86' lang='lat' dir='ltr'>jus</span> <span class='ocrx_word' id='word_1_184' title='bbox 1363 963 1551 1000; x_wconf 85' lang='lat' dir='ltr'>habuissent,</span> <span class='ocrx_word' id='word_1_185' title='bbox 1576 971 1644 1000; x_wconf 80' lang='lat' dir='ltr'>post</span> <span class='ocrx_word' id='word_1_186' title='bbox 1674 964 1850 993; x_wconf 75' lang='lat' dir='ltr'>declaratam·</span> <span class='ocrx_word' id='word_1_187' title='bbox 1897 966 1903 994; x_wconf 62' lang='lat' dir='ltr'>i</span> 
     </span>
     <span class='ocr_line' id='line_1_17' title="bbox 326 966 1913 1053; baseline -0.004 -3"><span class='ocrx_word' id='word_1_188' title='bbox 326 1020 495 1050; x_wconf 81' lang='lat' dir='ltr'>Absentiam</span> <span class='ocrx_word' id='word_1_189' title='bbox 518 1018 594 1046; x_wconf 88' lang='lat' dir='ltr'>bona</span> <span class='ocrx_word' id='word_1_190' title='bbox 616 1018 752 1052; x_wconf 79' lang='lat' dir='ltr'>capiant,</span> <span class='ocrx_word' id='word_1_191' title='bbox 781 1023 808 1045; x_wconf 90' lang='lat' dir='ltr'>et</span> <span class='ocrx_word' id='word_1_192' title='bbox 828 1025 945 1052; x_wconf 90' lang='lat' dir='ltr'>omnes,</span> <span class='ocrx_word' id='word_1_193' title='bbox 972 1024 1097 1053; x_wconf 89' lang='lat' dir='ltr'>quorum</span> <span class='ocrx_word' id='word_1_194' title='bbox 1121 1016 1187 1053; x_wconf 85' lang='lat' dir='ltr'>jura</span> <span class='ocrx_word' id='word_1_195' title='bbox 1206 1023 1240 1044; x_wconf 83' lang='lat' dir='ltr'>ex</span> <span class='ocrx_word' id='word_1_196' title='bbox 1263 1013 1401 1043; x_wconf 86' lang='lat' dir='ltr'>Absentis</span> <span class='ocrx_word' id='word_1_197' title='bbox 1425 1021 1516 1043; x_wconf 89' lang='lat' dir='ltr'>morte</span> <span class='ocrx_word' id='word_1_198' title='bbox 1532 1015 1677 1050; x_wconf 88' lang='lat' dir='ltr'>pendent,</span> <span class='ocrx_word' id='word_1_199' title='bbox 1703 1015 1739 1044; x_wconf 88' lang='lat' dir='ltr'>ab</span> <span class='ocrx_word' id='word_1_200' title='bbox 1766 1016 1852 1044; x_wconf 64' lang='lat' dir='ltr'>here·v</span> <span class='ocrx_word' id='word_1_201' title='bbox 1895 966 1913 1048; x_wconf 45' lang='lat' dir='ltr'><em>s</em></span> 
     </span>
     <span class='ocr_line' id='line_1_18' title="bbox 331 1049 1911 1107; baseline -0.005 -7"><span class='ocrx_word' id='word_1_202' title='bbox 331 1072 416 1100; x_wconf 85' lang='lat' dir='ltr'>dibus</span> <span class='ocrx_word' id='word_1_203' title='bbox 448 1068 584 1106; x_wconf 86' lang='lat' dir='ltr'>legitimis</span> <span class='ocrx_word' id='word_1_204' title='bbox 607 1075 638 1095; x_wconf 86' lang='lat' dir='ltr'>ea</span> <span class='ocrx_word' id='word_1_205' title='bbox 666 1068 811 1095; x_wconf 87' lang='lat' dir='ltr'>vindicare</span> <span class='ocrx_word' id='word_1_206' title='bbox 841 1068 977 1103; x_wconf 79' lang='lat' dir='ltr'>possint3</span> <span class='ocrx_word' id='word_1_207' title='bbox 1008 1075 1072 1096; x_wconf 86' lang='lat' dir='ltr'>nam</span> <span class='ocrx_word' id='word_1_208' title='bbox 1101 1067 1169 1095; x_wconf 86' lang='lat' dir='ltr'>haec</span> <span class='ocrx_word' id='word_1_209' title='bbox 1199 1071 1311 1094; x_wconf 90' lang='lat' dir='ltr'>tantum</span> <span class='ocrx_word' id='word_1_210' title='bbox 1341 1071 1473 1101; x_wconf 87' lang='lat' dir='ltr'>spectant</span> <span class='ocrx_word' id='word_1_211' title='bbox 1502 1065 1577 1094; x_wconf 87' lang='lat' dir='ltr'>bona</span> <span class='ocrx_word' id='word_1_212' title='bbox 1602 1071 1629 1093; x_wconf 86' lang='lat' dir='ltr'>et</span> <span class='ocrx_word' id='word_1_213' title='bbox 1659 1067 1749 1102; x_wconf 78' lang='lat' dir='ltr'>jura,</span> <span class='ocrx_word' id='word_1_214' title='bbox 1773 1073 1854 1102; x_wconf 53' lang='lat' dir='ltr'>quae„</span> <span class='ocrx_word' id='word_1_215' title='bbox 1895 1049 1911 1107; x_wconf 50' lang='grc' dir='ltr'>ᾖ</span> 
     </span>
     <span class='ocr_line' id='line_1_19' title="bbox 328 1110 1913 1162; baseline -0.004 -11"><span class='ocrx_word' id='word_1_216' title='bbox 328 1123 444 1152; x_wconf 82' lang='lat' dir='ltr'>Absens</span> <span class='ocrx_word' id='word_1_217' title='bbox 462 1120 520 1157; x_wconf 86' lang='lat' dir='ltr'>jam</span> <span class='ocrx_word' id='word_1_218' title='bbox 548 1118 685 1147; x_wconf 86' lang='lat' dir='ltr'>habuerat</span> <span class='ocrx_word' id='word_1_219' title='bbox 708 1124 776 1146; x_wconf 90' lang='lat' dir='ltr'>ante</span> <span class='ocrx_word' id='word_1_220' title='bbox 799 1118 980 1154; x_wconf 85' lang='lat' dir='ltr'>discessum,</span> <span class='ocrx_word' id='word_1_221' title='bbox 1011 1125 1084 1154; x_wconf 88' lang='lat' dir='ltr'>quae</span> <span class='ocrx_word' id='word_1_222' title='bbox 1106 1117 1149 1146; x_wconf 93' lang='lat' dir='ltr'>sic</span> <span class='ocrx_word' id='word_1_223' title='bbox 1173 1116 1254 1144; x_wconf 88' lang='lat' dir='ltr'>illius</span> <span class='ocrx_word' id='word_1_224' title='bbox 1285 1116 1459 1151; x_wconf 83' lang='lat' dir='ltr'>patrimonio</span> <span class='ocrx_word' id='word_1_225' title='bbox 1489 1116 1666 1145; x_wconf 84' lang='lat' dir='ltr'>adnumerari</span> <span class='ocrx_word' id='word_1_226' title='bbox 1690 1122 1852 1153; x_wconf 49' lang='lat' dir='ltr'>poterant?</span> <span class='ocrx_word' id='word_1_227' title='bbox 1892 1110 1913 1162; x_wconf 51' lang='lat' dir='ltr'>f</span> 
     </span>
     <span class='ocr_line' id='line_1_20' title="bbox 329 1162 1905 1210; baseline -0.001 -12"><span class='ocrx_word' id='word_1_228' title='bbox 329 1173 427 1210; x_wconf 82' lang='lat' dir='ltr'>quod,</span> <span class='ocrx_word' id='word_1_229' title='bbox 456 1171 500 1199; x_wconf 89' lang='lat' dir='ltr'>uti</span> <span class='ocrx_word' id='word_1_230' title='bbox 528 1169 594 1198; x_wconf 87' lang='lat' dir='ltr'>dein</span> <span class='ocrx_word' id='word_1_231' title='bbox 617 1168 802 1204; x_wconf 82' lang='lat' dir='ltr'>videbimus,</span> <span class='ocrx_word' id='word_1_232' title='bbox 831 1169 984 1197; x_wconf 84' lang='lat' dir='ltr'>heredibus</span> <span class='ocrx_word' id='word_1_233' title='bbox 1016 1168 1051 1196; x_wconf 84' lang='lat' dir='ltr'>ab</span> <span class='ocrx_word' id='word_1_234' title='bbox 1079 1168 1222 1197; x_wconf 85' lang='lat' dir='ltr'>intestato</span> <span class='ocrx_word' id='word_1_235' title='bbox 1246 1173 1355 1195; x_wconf 86' lang='lat' dir='ltr'>tantum</span> <span class='ocrx_word' id='word_1_236' title='bbox 1381 1167 1640 1196; x_wconf 84' lang='lat' dir='ltr'>administrandum</span> <span class='ocrx_word' id='word_1_237' title='bbox 1674 1168 1852 1197; x_wconf 71' lang='lat' dir='ltr'>conceditur.</span> <span class='ocrx_word' id='word_1_238' title='bbox 1893 1162 1905 1193; x_wconf 45' lang='grc' dir='ltr'>’Β</span> 
     </span>
     <span class='ocr_line' id='line_1_21' title="bbox 333 1207 1913 1260; baseline -0.004 -7"><span class='ocrx_word' id='word_1_239' title='bbox 333 1231 470 1260; x_wconf 69' lang='lat' dir='ltr'>tanquam</span> <span class='ocrx_word' id='word_1_240' title='bbox 496 1220 681 1256; x_wconf 85' lang='lat' dir='ltr'>depositum,</span> <span class='ocrx_word' id='word_1_241' title='bbox 701 1228 767 1248; x_wconf 88' lang='lat' dir='ltr'>cum</span> <span class='ocrx_word' id='word_1_242' title='bbox 789 1219 818 1248; x_wconf 82' lang='lat' dir='ltr'>id</span> <span class='ocrx_word' id='word_1_243' title='bbox 843 1219 942 1248; x_wconf 88' lang='lat' dir='ltr'>saltem</span> <span class='ocrx_word' id='word_1_244' title='bbox 967 1220 1026 1248; x_wconf 84' lang='lat' dir='ltr'>fieri</span> <span class='ocrx_word' id='word_1_245' title='bbox 1048 1225 1227 1256; x_wconf 80' lang='lat' dir='ltr'>praestaret,</span> <span class='ocrx_word' id='word_1_246' title='bbox 1257 1226 1340 1254; x_wconf 83' lang='lat' dir='ltr'>quam</span> <span class='ocrx_word' id='word_1_247' title='bbox 1365 1224 1504 1254; x_wconf 85' lang='lat' dir='ltr'>perpetuo</span> <span class='ocrx_word' id='word_1_248' title='bbox 1530 1219 1639 1247; x_wconf 82' lang='lat' dir='ltr'>intacta</span> <span class='ocrx_word' id='word_1_249' title='bbox 1657 1219 1748 1255; x_wconf 77' lang='lat' dir='ltr'>Jacere</span> <span class='ocrx_word' id='word_1_250' title='bbox 1769 1220 1854 1249; x_wconf 61' lang='lat' dir='ltr'>boum</span> <span class='ocrx_word' id='word_1_251' title='bbox 1895 1207 1913 1258; x_wconf 55' lang='lat' dir='ltr'><strong>j</strong></span> 
     </span>
     <span class='ocr_line' id='line_1_22' title="bbox 335 1264 1913 1316; baseline -0.006 -11"><span class='ocrx_word' id='word_1_252' title='bbox 335 1276 443 1305; x_wconf 84' lang='lat' dir='ltr'>relicta.</span> <span class='ocrx_word' id='word_1_253' title='bbox 483 1273 524 1301; x_wconf 86' lang='lat' dir='ltr'>At</span> <span class='ocrx_word' id='word_1_254' title='bbox 548 1272 641 1300; x_wconf 84' lang='lat' dir='ltr'>eadem</span> <span class='ocrx_word' id='word_1_255' title='bbox 666 1270 822 1299; x_wconf 87' lang='lat' dir='ltr'>necessitas</span> <span class='ocrx_word' id='word_1_256' title='bbox 850 1279 910 1299; x_wconf 85' lang='lat' dir='ltr'>non</span> <span class='ocrx_word' id='word_1_257' title='bbox 936 1270 1035 1306; x_wconf 84' lang='lat' dir='ltr'>adest,</span> <span class='ocrx_word' id='word_1_258' title='bbox 1066 1271 1181 1306; x_wconf 88' lang='lat' dir='ltr'>quando</span> <span class='ocrx_word' id='word_1_259' title='bbox 1213 1271 1275 1306; x_wconf 88' lang='lat' dir='ltr'>jura</span> <span class='ocrx_word' id='word_1_260' title='bbox 1298 1269 1432 1306; x_wconf 86' lang='lat' dir='ltr'>quaedam</span> <span class='ocrx_word' id='word_1_261' title='bbox 1463 1269 1585 1299; x_wconf 85' lang='lat' dir='ltr'>Absenti</span> <span class='ocrx_word' id='word_1_262' title='bbox 1615 1269 1774 1299; x_wconf 85' lang='lat' dir='ltr'>obveniunt</span> <span class='ocrx_word' id='word_1_263' title='bbox 1794 1271 1855 1299; x_wconf 59' lang='lat' dir='ltr'>du*</span> <span class='ocrx_word' id='word_1_264' title='bbox 1885 1264 1913 1316; x_wconf 49' lang='lat' dir='ltr'>ii,</span> 
     </span>
     <span class='ocr_line' id='line_1_23' title="bbox 334 1320 1898 1357; baseline -0.003 -2"><span class='ocrx_word' id='word_1_265' title='bbox 334 1332 413 1355; x_wconf 84' lang='lat' dir='ltr'>rante</span> <span class='ocrx_word' id='word_1_266' title='bbox 436 1321 593 1357; x_wconf 83' lang='lat' dir='ltr'>Absentia3</span> <span class='ocrx_word' id='word_1_267' title='bbox 615 1322 683 1350; x_wconf 88' lang='lat' dir='ltr'>haec</span> <span class='ocrx_word' id='word_1_268' title='bbox 706 1321 781 1349; x_wconf 86' lang='lat' dir='ltr'>enim</span> <span class='ocrx_word' id='word_1_269' title='bbox 806 1320 899 1357; x_wconf 85' lang='lat' dir='ltr'>ipsius</span> <span class='ocrx_word' id='word_1_270' title='bbox 924 1321 1098 1357; x_wconf 81' lang='lat' dir='ltr'>patrimonio</span> <span class='ocrx_word' id='word_1_271' title='bbox 1124 1329 1183 1349; x_wconf 82' lang='lat' dir='ltr'>non</span> <span class='ocrx_word' id='word_1_272' title='bbox 1208 1321 1334 1354; x_wconf 67' lang='lat' dir='ltr'>celum,</span> <span class='ocrx_word' id='word_1_273' title='bbox 1357 1320 1490 1355; x_wconf 84' lang='lat' dir='ltr'>quoniam</span> <span class='ocrx_word' id='word_1_274' title='bbox 1508 1320 1653 1348; x_wconf 76' lang='lat' dir='ltr'>incertum</span> <span class='ocrx_word' id='word_1_275' title='bbox 1663 1326 1726 1356; x_wconf 87' lang='lat' dir='ltr'>est,</span> <span class='ocrx_word' id='word_1_276' title='bbox 1747 1327 1854 1351; x_wconf 86' lang='lat' dir='ltr'>utrum·</span> <span class='ocrx_word' id='word_1_277' title='bbox 1895 1328 1898 1341; x_wconf 88' lang='lat'>¹</span> 
     </span>
     <span class='ocr_line' id='line_1_24' title="bbox 336 1369 1858 1410; baseline -0.002 -5"><span class='ocrx_word' id='word_1_278' title='bbox 336 1376 458 1410; x_wconf 85' lang='lat' dir='ltr'>vixerit,</span> <span class='ocrx_word' id='word_1_279' title='bbox 480 1374 608 1408; x_wconf 85' lang='lat' dir='ltr'>adeoque</span> <span class='ocrx_word' id='word_1_280' title='bbox 629 1372 689 1409; x_wconf 82' lang='lat' dir='ltr'>juri</span> <span class='ocrx_word' id='word_1_281' title='bbox 716 1372 892 1408; x_wconf 89' lang='lat' dir='ltr'>acquirendo</span> <span class='ocrx_word' id='word_1_282' title='bbox 917 1371 1006 1400; x_wconf 90' lang='lat' dir='ltr'>fuerit</span> <span class='ocrx_word' id='word_1_283' title='bbox 1031 1372 1169 1400; x_wconf 83' lang='lat' dir='ltr'>idoneus:</span> <span class='ocrx_word' id='word_1_284' title='bbox 1192 1379 1258 1400; x_wconf 87' lang='lat' dir='ltr'>curn</span> <span class='ocrx_word' id='word_1_285' title='bbox 1281 1378 1348 1399; x_wconf 88' lang='lat' dir='ltr'>veto</span> <span class='ocrx_word' id='word_1_286' title='bbox 1370 1369 1404 1398; x_wconf 91' lang='lat' dir='ltr'>de</span> <span class='ocrx_word' id='word_1_287' title='bbox 1426 1377 1460 1398; x_wconf 88' lang='lat' dir='ltr'>eo</span> <span class='ocrx_word' id='word_1_288' title='bbox 1480 1369 1546 1406; x_wconf 86' lang='lat' dir='ltr'>ipso</span> <span class='ocrx_word' id='word_1_289' title='bbox 1569 1377 1629 1399; x_wconf 91' lang='lat' dir='ltr'>non</span> <span class='ocrx_word' id='word_1_290' title='bbox 1651 1377 1788 1408; x_wconf 86' lang='lat' dir='ltr'>constet,</span> <span class='ocrx_word' id='word_1_291' title='bbox 1809 1372 1858 1402; x_wconf 68' lang='lat' dir='ltr'>ob:</span> 
     </span>
     <span class='ocr_line' id='line_1_25' title="bbox 333 1421 1848 1460; baseline -0.003 -4"><span class='ocrx_word' id='word_1_292' title='bbox 333 1427 448 1456; x_wconf 86' lang='lat' dir='ltr'>eandem</span> <span class='ocrx_word' id='word_1_293' title='bbox 470 1425 607 1453; x_wconf 87' lang='lat' dir='ltr'>rationem</span> <span class='ocrx_word' id='word_1_294' title='bbox 627 1424 717 1459; x_wconf 84' lang='lat' dir='ltr'>latet,</span> <span class='ocrx_word' id='word_1_295' title='bbox 735 1431 771 1452; x_wconf 86' lang='lat' dir='ltr'>an</span> <span class='ocrx_word' id='word_1_296' title='bbox 794 1422 849 1459; x_wconf 83' lang='lat' dir='ltr'>ils,</span> <span class='ocrx_word' id='word_1_297' title='bbox 873 1423 924 1458; x_wconf 90' lang='lat' dir='ltr'>qui</span> <span class='ocrx_word' id='word_1_298' title='bbox 946 1424 1123 1458; x_wconf 81' lang='lat' dir='ltr'>Absentem,</span> <span class='ocrx_word' id='word_1_299' title='bbox 1147 1423 1174 1451; x_wconf 94' lang='lat' dir='ltr'>si</span> <span class='ocrx_word' id='word_1_300' title='bbox 1197 1423 1269 1450; x_wconf 84' lang='lat' dir='ltr'>diem</span> <span class='ocrx_word' id='word_1_301' title='bbox 1297 1429 1463 1457; x_wconf 85' lang='lat' dir='ltr'>supremum</span> <span class='ocrx_word' id='word_1_302' title='bbox 1487 1422 1544 1458; x_wconf 86' lang='lat' dir='ltr'>jam</span> <span class='ocrx_word' id='word_1_303' title='bbox 1567 1421 1709 1457; x_wconf 81' lang='lat' dir='ltr'>obiisset,</span> <span class='ocrx_word' id='word_1_304' title='bbox 1737 1430 1848 1460; x_wconf 84' lang='lat' dir='ltr'>reprae-</span> 
     </span>
     <span class='ocr_line' id='line_1_26' title="bbox 337 1471 1883 1512; baseline -0.005 -5"><span class='ocrx_word' id='word_1_305' title='bbox 337 1484 445 1507; x_wconf 85' lang='lat' dir='ltr'>sentare</span> <span class='ocrx_word' id='word_1_306' title='bbox 472 1482 614 1512; x_wconf 77' lang='lat' dir='ltr'>possent,</span> <span class='ocrx_word' id='word_1_307' title='bbox 645 1475 718 1503; x_wconf 87' lang='lat' dir='ltr'>illud</span> <span class='ocrx_word' id='word_1_308' title='bbox 750 1474 977 1509; x_wconf 87' lang='lat' dir='ltr'>repraesentandi</span> <span class='ocrx_word' id='word_1_309' title='bbox 1009 1476 1058 1511; x_wconf 88' lang='lat' dir='ltr'>jus</span> <span class='ocrx_word' id='word_1_310' title='bbox 1080 1473 1216 1509; x_wconf 85' lang='lat' dir='ltr'>cessetit;</span> <span class='ocrx_word' id='word_1_311' title='bbox 1246 1472 1380 1501; x_wconf 85' lang='lat' dir='ltr'>nimirum</span> <span class='ocrx_word' id='word_1_312' title='bbox 1408 1471 1476 1500; x_wconf 89' lang='lat' dir='ltr'>vivo</span> <span class='ocrx_word' id='word_1_313' title='bbox 1509 1471 1638 1501; x_wconf 85' lang='lat' dir='ltr'>Absente</span> <span class='ocrx_word' id='word_1_314' title='bbox 1667 1473 1780 1502; x_wconf 85' lang='lat' dir='ltr'>nullum</span> <span class='ocrx_word' id='word_1_315' title='bbox 1810 1473 1856 1504; x_wconf 83' lang='lat' dir='ltr'>iis.</span> <span class='ocrx_word' id='word_1_316' title='bbox 1882 1492 1883 1496; x_wconf 64' lang='lat'>,</span> 
     </span>
     <span class='ocr_line' id='line_1_27' title="bbox 338 1514 1906 1564; baseline -0.003 -6"><span class='ocrx_word' id='word_1_317' title='bbox 338 1528 476 1564; x_wconf 83' lang='lat' dir='ltr'>competit</span> <span class='ocrx_word' id='word_1_318' title='bbox 506 1527 554 1563; x_wconf 89' lang='lat' dir='ltr'>jus</span> <span class='ocrx_word' id='word_1_319' title='bbox 583 1524 875 1561; x_wconf 80' lang='lat' dir='ltr'>repraesentationis,</span> <span class='ocrx_word' id='word_1_320' title='bbox 903 1525 1050 1560; x_wconf 82' lang='lat' dir='ltr'>adeoque,</span> <span class='ocrx_word' id='word_1_321' title='bbox 1081 1533 1147 1552; x_wconf 85' lang='lat' dir='ltr'>curn</span> <span class='ocrx_word' id='word_1_322' title='bbox 1178 1530 1206 1552; x_wconf 91' lang='lat' dir='ltr'>et</span> <span class='ocrx_word' id='word_1_323' title='bbox 1231 1524 1265 1552; x_wconf 82' lang='lat' dir='ltr'>de</span> <span class='ocrx_word' id='word_1_324' title='bbox 1286 1523 1447 1558; x_wconf 84' lang='lat' dir='ltr'>Absentis,</span> <span class='ocrx_word' id='word_1_325' title='bbox 1474 1528 1503 1550; x_wconf 89' lang='lat' dir='ltr'>et</span> <span class='ocrx_word' id='word_1_326' title='bbox 1533 1523 1765 1553; x_wconf 84' lang='lat' dir='ltr'>descendentium</span> <span class='ocrx_word' id='word_1_327' title='bbox 1784 1525 1859 1562; x_wconf 66' lang='lat' dir='ltr'>jure</span> <span class='ocrx_word' id='word_1_328' title='bbox 1893 1514 1906 1557; x_wconf 61' lang='grc' dir='ltr'>ξ</span> 
     </span>
     <span class='ocr_line' id='line_1_28' title="bbox 338 1573 1852 1611; baseline -0.002 -3"><span class='ocrx_word' id='word_1_329' title='bbox 338 1580 411 1609; x_wconf 83' lang='lat' dir='ltr'>nihii</span> <span class='ocrx_word' id='word_1_330' title='bbox 434 1582 567 1611; x_wconf 78' lang='lat' dir='ltr'>constet,</span> <span class='ocrx_word' id='word_1_331' title='bbox 588 1576 730 1611; x_wconf 87' lang='lat' dir='ltr'>optimum</span> <span class='ocrx_word' id='word_1_332' title='bbox 757 1575 850 1603; x_wconf 89' lang='lat' dir='ltr'>visum</span> <span class='ocrx_word' id='word_1_333' title='bbox 878 1582 945 1610; x_wconf 84' lang='lat' dir='ltr'>est,</span> <span class='ocrx_word' id='word_1_334' title='bbox 965 1574 1079 1603; x_wconf 84' lang='lat' dir='ltr'>interitu</span> <span class='ocrx_word' id='word_1_335' title='bbox 1100 1575 1163 1611; x_wconf 86' lang='lat' dir='ltr'>jure</span> <span class='ocrx_word' id='word_1_336' title='bbox 1189 1573 1369 1603; x_wconf 85' lang='lat' dir='ltr'>accrescendi</span> <span class='ocrx_word' id='word_1_337' title='bbox 1399 1573 1561 1609; x_wconf 88' lang='lat' dir='ltr'>portionem</span> <span class='ocrx_word' id='word_1_338' title='bbox 1588 1574 1729 1604; x_wconf 82' lang='lat' dir='ltr'>Absentis</span> <span class='ocrx_word' id='word_1_339' title='bbox 1755 1576 1852 1607; x_wconf 81' lang='lat' dir='ltr'>cedere</span> 
     </span>
     <span class='ocr_line' id='line_1_29' title="bbox 338 1623 1893 1664; baseline -0.001 -6"><span class='ocrx_word' id='word_1_340' title='bbox 338 1629 491 1663; x_wconf 72' lang='lat' dir='ltr'>coheredi,</span> <span class='ocrx_word' id='word_1_341' title='bbox 520 1627 555 1655; x_wconf 87' lang='lat' dir='ltr'>de</span> <span class='ocrx_word' id='word_1_342' title='bbox 576 1627 662 1664; x_wconf 81' lang='lat' dir='ltr'>cujus</span> <span class='ocrx_word' id='word_1_343' title='bbox 688 1626 782 1655; x_wconf 90' lang='lat' dir='ltr'>solius</span> <span class='ocrx_word' id='word_1_344' title='bbox 802 1627 866 1663; x_wconf 72' lang='lat' dir='ltr'>iure</span> <span class='ocrx_word' id='word_1_345' title='bbox 896 1626 953 1655; x_wconf 88' lang='lat' dir='ltr'>huc</span> <span class='ocrx_word' id='word_1_346' title='bbox 977 1634 1072 1662; x_wconf 89' lang='lat' dir='ltr'>usque</span> <span class='ocrx_word' id='word_1_347' title='bbox 1104 1626 1183 1654; x_wconf 90' lang='lat' dir='ltr'>nulla</span> <span class='ocrx_word' id='word_1_348' title='bbox 1206 1624 1309 1653; x_wconf 81' lang='lat' dir='ltr'>exoriri</span> <span class='ocrx_word' id='word_1_349' title='bbox 1337 1629 1437 1660; x_wconf 87' lang='lat' dir='ltr'>potest</span> <span class='ocrx_word' id='word_1_350' title='bbox 1467 1623 1622 1653; x_wconf 86' lang='lat' dir='ltr'>dubitatio.</span> <span class='ocrx_word' id='word_1_351' title='bbox 1663 1623 1738 1654; x_wconf 86' lang='lat' dir='ltr'>Cum</span> <span class='ocrx_word' id='word_1_352' title='bbox 1765 1626 1862 1664; x_wconf 59' lang='lat' dir='ltr'>igitur</span> <span class='ocrx_word' id='word_1_353' title='bbox 1892 1647 1893 1650; x_wconf 64' lang='lat'>,</span> 
     </span>
     <span class='ocr_line' id='line_1_30' title="bbox 340 1675 1853 1718; baseline -0.001 -8"><span class='ocrx_word' id='word_1_354' title='bbox 340 1682 443 1718; x_wconf 86' lang='lat' dir='ltr'>pariter</span> <span class='ocrx_word' id='word_1_355' title='bbox 464 1679 572 1708; x_wconf 82' lang='lat' dir='ltr'>incerta</span> <span class='ocrx_word' id='word_1_356' title='bbox 595 1678 634 1706; x_wconf 86' lang='lat' dir='ltr'>sit</span> <span class='ocrx_word' id='word_1_357' title='bbox 658 1677 717 1706; x_wconf 90' lang='lat' dir='ltr'>vita</span> <span class='ocrx_word' id='word_1_358' title='bbox 737 1678 878 1706; x_wconf 83' lang='lat' dir='ltr'>Absentis</span> <span class='ocrx_word' id='word_1_359' title='bbox 900 1684 988 1713; x_wconf 81' lang='lat' dir='ltr'>atquc</span> <span class='ocrx_word' id='word_1_360' title='bbox 1008 1677 1070 1713; x_wconf 86' lang='lat' dir='ltr'>ejus</span> <span class='ocrx_word' id='word_1_361' title='bbox 1094 1676 1213 1712; x_wconf 76' lang='lat' dir='ltr'>obitus,</span> <span class='ocrx_word' id='word_1_362' title='bbox 1241 1684 1301 1705; x_wconf 89' lang='lat' dir='ltr'>non</span> <span class='ocrx_word' id='word_1_363' title='bbox 1324 1676 1427 1704; x_wconf 24' lang='lat' dir='ltr'>solum,</span> <span class='ocrx_word' id='word_1_364' title='bbox 1451 1676 1513 1712; x_wconf 87' lang='lat' dir='ltr'>ejus</span> <span class='ocrx_word' id='word_1_365' title='bbox 1544 1675 1805 1714; x_wconf 86' lang='lat' dir='ltr'>descendentibus,</span> <span class='ocrx_word' id='word_1_366' title='bbox 1826 1678 1853 1708; x_wconf 85' lang='lat' dir='ltr'>si</span> 
     </span>
     <span class='ocr_line' id='line_1_31' title="bbox 340 1727 1853 1764; baseline -0.001 -3"><span class='ocrx_word' id='word_1_367' title='bbox 340 1733 395 1761; x_wconf 83' lang='lat' dir='ltr'>sibi</span> <span class='ocrx_word' id='word_1_368' title='bbox 421 1729 564 1759; x_wconf 82' lang='lat' dir='ltr'>vindicare</span> <span class='ocrx_word' id='word_1_369' title='bbox 589 1728 679 1758; x_wconf 87' lang='lat' dir='ltr'>velint</span> <span class='ocrx_word' id='word_1_370' title='bbox 701 1728 862 1764; x_wconf 87' lang='lat' dir='ltr'>portionem</span> <span class='ocrx_word' id='word_1_371' title='bbox 882 1728 1080 1757; x_wconf 86' lang='lat' dir='ltr'>successionis</span> <span class='ocrx_word' id='word_1_372' title='bbox 1097 1728 1133 1756; x_wconf 90' lang='lat' dir='ltr'>ab</span> <span class='ocrx_word' id='word_1_373' title='bbox 1157 1727 1286 1756; x_wconf 88' lang='lat' dir='ltr'>Absente</span> <span class='ocrx_word' id='word_1_374' title='bbox 1305 1727 1334 1756; x_wconf 90' lang='lat' dir='ltr'>in</span> <span class='ocrx_word' id='word_1_375' title='bbox 1357 1735 1389 1756; x_wconf 88' lang='lat' dir='ltr'>se</span> <span class='ocrx_word' id='word_1_376' title='bbox 1410 1727 1594 1763; x_wconf 83' lang='lat' dir='ltr'>translatam,</span> <span class='ocrx_word' id='word_1_377' title='bbox 1618 1727 1758 1763; x_wconf 89' lang='lat' dir='ltr'>probandi</span> <span class='ocrx_word' id='word_1_378' title='bbox 1777 1737 1853 1760; x_wconf 80' lang='lat' dir='ltr'>onus</span> 
     </span>
     <span class='ocr_line' id='line_1_32' title="bbox 343 1776 1860 1817; baseline 0 -6"><span class='ocrx_word' id='word_1_379' title='bbox 343 1782 510 1816; x_wconf 84' lang='lat' dir='ltr'>incumbet,</span> <span class='ocrx_word' id='word_1_380' title='bbox 531 1788 564 1808; x_wconf 89' lang='lat' dir='ltr'>eo</span> <span class='ocrx_word' id='word_1_381' title='bbox 589 1786 717 1816; x_wconf 88' lang='lat' dir='ltr'>tempore</span> <span class='ocrx_word' id='word_1_382' title='bbox 741 1778 896 1808; x_wconf 84' lang='lat' dir='ltr'>Absentem</span> <span class='ocrx_word' id='word_1_383' title='bbox 923 1779 1047 1807; x_wconf 87' lang='lat' dir='ltr'>vixisse:</span> <span class='ocrx_word' id='word_1_384' title='bbox 1080 1779 1130 1807; x_wconf 83' lang='lat' dir='ltr'>sed</span> <span class='ocrx_word' id='word_1_385' title='bbox 1159 1778 1290 1807; x_wconf 87' lang='lat' dir='ltr'>similiter</span> <span class='ocrx_word' id='word_1_386' title='bbox 1319 1785 1369 1814; x_wconf 87' lang='lat' dir='ltr'>per</span> <span class='ocrx_word' id='word_1_387' title='bbox 1394 1776 1680 1813; x_wconf 82' lang='lat' dir='ltr'>repraesentationem</span> <span class='ocrx_word' id='word_1_388' title='bbox 1706 1779 1736 1809; x_wconf 90' lang='lat' dir='ltr'>in</span> <span class='ocrx_word' id='word_1_389' title='bbox 1761 1781 1860 1817; x_wconf 80' lang='lat' dir='ltr'>patris-</span> 
     </span>
     <span class='ocr_line' id='line_1_33' title="bbox 341 1828 1901 1867; baseline -0.001 -5"><span class='ocrx_word' id='word_1_390' title='bbox 341 1832 472 1862; x_wconf 73' lang='lat' dir='ltr'>defuncti</span> <span class='ocrx_word' id='word_1_391' title='bbox 495 1832 591 1859; x_wconf 88' lang='lat' dir='ltr'>locum</span> <span class='ocrx_word' id='word_1_392' title='bbox 616 1831 768 1859; x_wconf 87' lang='lat' dir='ltr'>succedere</span> <span class='ocrx_word' id='word_1_393' title='bbox 789 1838 848 1858; x_wconf 88' lang='lat' dir='ltr'>non</span> <span class='ocrx_word' id='word_1_394' title='bbox 878 1835 1034 1866; x_wconf 85' lang='lat' dir='ltr'>poterunt,</span> <span class='ocrx_word' id='word_1_395' title='bbox 1065 1830 1122 1858; x_wconf 90' lang='lat' dir='ltr'>nisi</span> <span class='ocrx_word' id='word_1_396' title='bbox 1143 1830 1206 1867; x_wconf 86' lang='lat' dir='ltr'>ejus</span> <span class='ocrx_word' id='word_1_397' title='bbox 1234 1830 1345 1859; x_wconf 84' lang='lat' dir='ltr'>obitum</span> <span class='ocrx_word' id='word_1_398' title='bbox 1373 1829 1530 1857; x_wconf 87' lang='lat' dir='ltr'>luculenter</span> <span class='ocrx_word' id='word_1_399' title='bbox 1552 1828 1758 1867; x_wconf 80' lang='lat' dir='ltr'>probaverint,</span> <span class='ocrx_word' id='word_1_400' title='bbox 1785 1840 1853 1862; x_wconf 86' lang='lat' dir='ltr'>nam</span> <span class='ocrx_word' id='word_1_401' title='bbox 1897 1845 1901 1851; x_wconf 61' lang='lat'><strong><em>⁴</em></strong></span> 
     </span>
     <span class='ocr_line' id='line_1_34' title="bbox 341 1880 1850 1921; baseline 0 -9"><span class='ocrx_word' id='word_1_402' title='bbox 341 1883 397 1921; x_wconf 72' lang='lat' dir='ltr'>iuri</span> <span class='ocrx_word' id='word_1_403' title='bbox 418 1881 686 1918; x_wconf 81' lang='lat' dir='ltr'>repraesentationis</span> <span class='ocrx_word' id='word_1_404' title='bbox 715 1882 798 1910; x_wconf 91' lang='lat' dir='ltr'>locus</span> <span class='ocrx_word' id='word_1_405' title='bbox 824 1889 883 1909; x_wconf 90' lang='lat' dir='ltr'>non</span> <span class='ocrx_word' id='word_1_406' title='bbox 907 1887 971 1916; x_wconf 83' lang='lat' dir='ltr'>est,</span> <span class='ocrx_word' id='word_1_407' title='bbox 998 1880 1054 1910; x_wconf 90' lang='lat' dir='ltr'>nisi</span> <span class='ocrx_word' id='word_1_408' title='bbox 1080 1888 1196 1910; x_wconf 86' lang='lat' dir='ltr'>mortuo</span> <span class='ocrx_word' id='word_1_409' title='bbox 1219 1890 1275 1916; x_wconf 88' lang='lat' dir='ltr'>eo,</span> <span class='ocrx_word' id='word_1_410' title='bbox 1299 1887 1381 1916; x_wconf 87' lang='lat' dir='ltr'>quem</span> <span class='ocrx_word' id='word_1_411' title='bbox 1405 1886 1612 1916; x_wconf 83' lang='lat' dir='ltr'>repraesentare</span> <span class='ocrx_word' id='word_1_412' title='bbox 1629 1880 1768 1918; x_wconf 87' lang='lat' dir='ltr'>velimus,</span> <span class='ocrx_word' id='word_1_413' title='bbox 1789 1889 1850 1914; x_wconf 81' lang='lat' dir='ltr'>art.</span> 
     </span>
     <span class='ocr_line' id='line_1_35' title="bbox 345 1930 1861 1970; baseline 0.001 -8"><span class='ocrx_word' id='word_1_414' title='bbox 345 1942 413 1970; x_wconf 80' lang='lat'>744.</span> <span class='ocrx_word' id='word_1_415' title='bbox 455 1932 575 1961; x_wconf 79' lang='lat' dir='ltr'>Nullam</span> <span class='ocrx_word' id='word_1_416' title='bbox 593 1931 688 1966; x_wconf 79' lang='lat' dir='ltr'>itaque</span> <span class='ocrx_word' id='word_1_417' title='bbox 711 1932 793 1960; x_wconf 83' lang='lat' dir='ltr'>aliam</span> <span class='ocrx_word' id='word_1_418' title='bbox 820 1932 858 1961; x_wconf 93' lang='lat' dir='ltr'>ob</span> <span class='ocrx_word' id='word_1_419' title='bbox 881 1939 1014 1962; x_wconf 87' lang='lat' dir='ltr'>caussam</span> <span class='ocrx_word' id='word_1_420' title='bbox 1041 1938 1169 1968; x_wconf 86' lang='lat' dir='ltr'>patruo,</span> <span class='ocrx_word' id='word_1_421' title='bbox 1191 1932 1316 1961; x_wconf 81' lang='lat' dir='ltr'>exclusis</span> <span class='ocrx_word' id='word_1_422' title='bbox 1342 1931 1438 1960; x_wconf 87' lang='lat' dir='ltr'>liberis</span> <span class='ocrx_word' id='word_1_423' title='bbox 1457 1930 1575 1966; x_wconf 82' lang='lat' dir='ltr'>fratris,</span> <span class='ocrx_word' id='word_1_424' title='bbox 1595 1932 1733 1961; x_wconf 79' lang='lat' dir='ltr'>accrescit</span> <span class='ocrx_word' id='word_1_425' title='bbox 1755 1934 1861 1970; x_wconf 86' lang='lat' dir='ltr'>portio-</span> 
     </span>
     <span class='ocr_line' id='line_1_36' title="bbox 340 1981 1853 2021; baseline 0 -8"><span class='ocrx_word' id='word_1_426' title='bbox 340 1983 440 2014; x_wconf 68' lang='lat' dir='ltr'>nauis</span> <span class='ocrx_word' id='word_1_427' title='bbox 463 1982 629 2017; x_wconf 84' lang='lat' dir='ltr'>coheredis,</span> <span class='ocrx_word' id='word_1_428' title='bbox 650 1981 728 2018; x_wconf 87' lang='lat' dir='ltr'>nisi,</span> <span class='ocrx_word' id='word_1_429' title='bbox 750 1982 827 2020; x_wconf 80' lang='lat' dir='ltr'>quod</span> <span class='ocrx_word' id='word_1_430' title='bbox 846 1983 895 2020; x_wconf 82' lang='lat' dir='ltr'>jus</span> <span class='ocrx_word' id='word_1_431' title='bbox 917 1981 1014 2013; x_wconf 82' lang='lat' dir='ltr'>fratris</span> <span class='ocrx_word' id='word_1_432' title='bbox 1037 1983 1158 2021; x_wconf 85' lang='lat' dir='ltr'>ejusque</span> <span class='ocrx_word' id='word_1_433' title='bbox 1180 1982 1413 2014; x_wconf 85' lang='lat' dir='ltr'>descendentium</span> <span class='ocrx_word' id='word_1_434' title='bbox 1445 1981 1502 2011; x_wconf 87' lang='lat' dir='ltr'>huc</span> <span class='ocrx_word' id='word_1_435' title='bbox 1529 1989 1622 2018; x_wconf 79' lang='lat' dir='ltr'>usque</span> <span class='ocrx_word' id='word_1_436' title='bbox 1649 1983 1734 2020; x_wconf 85' lang='lat' dir='ltr'>plane</span> <span class='ocrx_word' id='word_1_437' title='bbox 1762 1984 1853 2013; x_wconf 86' lang='lat' dir='ltr'>incer-</span> 
     </span>
    </p>
   </div>
   <div class='ocr_carea' id='block_1_3' title="bbox 1799 2041 1860 2067">
    <p class='ocr_par' dir='ltr' id='par_1_3' title="bbox 1799 2041 1860 2067">
     <span class='ocr_line' id='line_1_37' title="bbox 1799 2041 1860 2067; baseline 0.033 -2"><span class='ocrx_word' id='word_1_438' title='bbox 1799 2041 1860 2067; x_wconf 72' lang='lat' dir='ltr'>tum</span> 
     </span>
    </p>
   </div>
  </div>
 </body>
</html>
