1913 2417
290 185 663 235 COMMENTATm
692 192 738 213 Α»
767 180 1127 220 QUAESTIONEM
1150 181 1433 220 JURIDICAM.
1581 191 1619 220 45

108 277 172 314 §ura
200 274 263 303 aliis
284 273 430 309 (cedenda,
459 279 531 307 quae
560 268 616 297 sibi
646 266 789 295 vindicare
817 270 963 298 possunt,
991 264 1016 292 si
1045 271 1139 293 tamen
1172 265 1315 302 eiusmodi
1344 273 1429 294 casus
1461 265 1616 300 incideret,

107 325 372 356 commodissimum
397 329 510 357 tempus
534 318 677 356 repetendi
700 315 795 344 omnia
820 314 896 342 bona
921 315 1108 350 hereditaria,
1138 325 1210 352 quae
1238 317 1379 346 Absentis
1411 316 1614 353 patrimonium

105 382 258 409 auxerant,
280 374 341 402 fore
364 371 532 406 arbitrarer,
554 377 615 404 quo
633 366 775 396 Absentia
802 365 978 400 declaratur,
999 373 1026 394 et
1050 367 1190 395 Absentis
1216 367 1329 396 heredes
1354 367 1527 396 fiduciariam
1546 375 1615 402 pos-2

104 428 261 457 sessionem
282 424 500 453 nanciscuntur.
542 420 630 457 Quod
653 417 726 446 enim
754 415 905 444 coheredes
923 416 1078 445 Absentem
1101 418 1129 446 in
1153 417 1276 446 familiae
1298 417 1483 446 erciscundae
1505 416 1617 454 judicio

103 478 298 510 admiserunt,
318 475 347 502 id
363 481 422 502 non
439 473 509 500 adeo
524 470 650 500 donandi
664 469 757 498 animo
775 468 883 496 factum
903 469 991 498 videri
1012 471 1112 506 debet,
1135 479 1217 507 quam
1239 471 1405 508 profectum
1432 479 1494 500 esse
1518 478 1552 499 ex
1574 470 1618 498 in-

102 527 268 564 dulgentia,
300 530 327 553 et
343 525 372 552 in
391 523 492 559 primis
514 521 745 558 praesumtione,
774 520 808 547 de
832 518 960 548 Absente
989 521 1067 550 brevi
1094 522 1164 558 quid
1195 523 1394 551 renunciatum
1421 522 1475 551 iri:
1505 529 1615 556 porro,

102 587 168 608 cum
193 576 346 606 heredibus
365 573 504 604 Absentis
527 579 637 601 tantum
661 571 833 600 concedatur
857 572 1007 605 possessio
1031 573 1193 608 bonorum,
1216 582 1288 609 quae
1314 574 1408 609 ipsius
1436 572 1613 609 patrimonio

103 629 247 659 accenseri
264 632 397 664 poterant
414 632 559 661 tempore,
578 633 636 660 quo
653 624 742 658 abiit3
765 630 858 657 neque
882 629 960 651 certo
983 630 1116 658 constet,
1139 623 1295 653 Absentem
1313 632 1346 652 eo
1365 631 1530 658 momento,
1556 630 1616 658 quo

100 680 239 709 hereditas
254 677 312 714 ipsi
331 676 503 711 obvenerat,
525 675 616 704 adhuc
632 675 759 703 vixisse:
779 675 852 702 bona
869 683 902 703 ex
922 676 1075 703 hereditate
1099 676 1191 705 divisa
1208 675 1330 703 Absenti
1351 683 1430 704 cessa
1447 675 1528 703 nullo
1549 675 1612 710 jure

102 737 172 769 post
186 730 351 758 declaratam
365 726 531 756 AbsentIam
548 726 767 762 possessoribus
784 726 939 755 fidnciariis
951 727 1164 763 addicerentur-3
1187 728 1315 762 adeoque
1333 727 1404 754 nihil
1420 726 1610 754 coheredibus

101 783 215 812 obstare
233 781 364 814 videtur,
388 778 546 814 quominus
565 777 702 805 declarata
722 776 862 806 Absentia
880 778 975 805 omnia
991 778 1038 805 illa
1062 784 1211 813 repetant,
1231 786 1307 813 quae
1321 785 1471 813 perperam
1490 775 1614 805 Absenti

96 833 191 862 fuisse
224 839 381 865 concessa,
409 829 472 857 dein
499 834 610 856 tantum
640 834 778 862 apparere·
804 829 913 864 potuit.
961 830 1064 865 Neque
1090 839 1158 859 vero
1188 838 1319 858 caussam
1348 830 1416 858 satis
1444 828 1612 865 perspicio,

68 893 148 914 ,cur
168 885 279 913 demum
303 888 370 918 post
392 889 427 917 30
441 888 531 908 annos
556 888 570 907 a
595 878 731 907 missione
748 877 894 909 fiduciaria
914 881 1126 916 computandos
1142 901 1151 915 ,
1171 882 1217 909 vel
1246 889 1301 909 100
1325 887 1414 909 annos
1439 888 1455 908 a
1477 880 1522 908 die
1549 878 1613 907 Ab·

98 935 189 964 sentis
209 934 295 963 natali
328 932 539 970 praeterlapsos
574 931 672 968 (quae
697 929 838 958 sententia
861 936 905 959 est
925 931 1112 967 Malcvillii,
1135 931 1156 960 l.
1178 931 1229 969 l.)
1259 931 1446 960 coheredibus
1480 931 1547 960 haec
1569 937 1614 959 te-

94 993 189 1024 petere
208 986 317 1015 liceret.

807 1050 841 1085 ἕ.
879 1057 911 1078 2.

130 1139 222 1168 Hisce
242 1139 331 1176 igitur
351 1138 539 1175 praemissis,
559 1146 610 1175 age
632 1138 666 1166 ad
690 1138 771 1174 ipsos
793 1137 865 1174 legis
887 1137 1025 1166 articulos
1050 1136 1236 1173 explicandos
1260 1136 1462 1173 accingamur,
1499 1141 1531 1164 ut
1553 1143 1611 1171 ap-

92 1197 208 1227 pareat,
229 1191 301 1227 quicl
324 1199 358 1220 ex
377 1191 507 1219 hodierni
531 1189 651 1218 Codicis
677 1189 830 1225 principiis
853 1189 1003 1217 dicendum
1021 1189 1060 1216 sit
1082 1189 1116 1217 de
1138 1188 1252 1225 J'uribus
1280 1194 1349 1223 post
1369 1188 1528 1216 discessum
1550 1186 1612 1214 Ab·

92 1242 171 1271 senti
202 1242 320 1277 delatis,
355 1250 475 1278 quanam
510 1241 619 1269 ratione
650 1239 798 1276 legislator
830 1240 889 1275 ipsi
920 1240 1043 1270 Absenti
1075 1239 1276 1274 consuluerit,
1309 1239 1456 1274 quomodo
1486 1239 1610 1267 aliorum

87 1293 222 1331 iuribus,
251 1293 358 1329 quibus
387 1292 513 1321 fortasse
537 1292 625 1321 nimia
649 1291 683 1320 de
705 1291 834 1320 Absente
855 1291 1025 1319 sollicitudo
1059 1290 1232 1325 nocuisset,
1261 1295 1288 1317 et
1314 1297 1465 1325 quamnam
1489 1287 1611 1325 potissi-

89 1350 167 1372 mum
190 1344 329 1372 rationem
357 1344 489 1372 habuerit
515 1342 740 1380 praesumtionis
765 1342 840 1370 vitae
862 1347 890 1369 et
916 1341 1040 1376 mortis,
1069 1350 1124 1377 qua
1147 1348 1260 1370 omnem
1288 1340 1362 1369 hanc
1388 1339 1547 1369 doctrinam
1572 1338 1608 1367 dc

86 1394 269 1424 Absentibus
289 1395 446 1430 prudenter
466 1397 691 1428 superstructam
711 1398 775 1419 esse
795 1399 887 1427 supra
904 1393 959 1429 jam
982 1392 1120 1422 vidimus.

86 1495 192 1524 nebant
219 1496 364 1532 regendo,
392 1501 419 1522 et
443 1502 478 1522 co
502 1493 612 1529 modo,
637 1501 721 1528 quem
745 1493 776 1521 in
801 1494 876 1522 Sect.
897 1501 924 1523 1.
945 1494 1036 1530 hujus
1061 1493 1135 1529 Cap.
1159 1493 1384 1529 descripsimus,
1417 1490 1553 1534 cavendo⁸
1569 1498 1611 1518 ne·

85 1544 203 1574 Absens
235 1545 346 1580 aliquid
372 1544 534 1573 detrimenti
564 1543 676 1579 capiat,
704 1543 782 1572 aliud
812 1543 945 1579 profecto
968 1544 1121 1572 dicendum
1147 1543 1246 1577 foret,
1274 1544 1301 1571 si
1329 1543 1390 1570 sine
1421 1542 1479 1569 ulla
1504 1540 1603 1569 restri-

86 1595 182 1624 ctione
201 1594 324 1623 Absenti
347 1595 443 1623 omnia
461 1596 525 1630 jura
549 1594 614 1622 dein
641 1593 823 1623 obvenientia
850 1594 1045 1623 concessisset
1056 1615 1070 1629 „
1088 1602 1182 1630 quae,
1210 1594 1235 1622 si
1259 1594 1294 1622 de
1321 1593 1382 1630 ejus
1408 1592 1467 1621 vira
1488 1598 1605 1620 consta-

84 1652 146 1681 ret,
166 1645 350 1682 percepisset.
390 1645 488 1682 Quum
509 1644 584 1673 enim
607 1644 667 1674 vita
688 1651 715 1673 et
736 1653 813 1674 mors
830 1646 969 1674 Absentis
990 1654 1079 1681 aeque
1100 1646 1222 1674 incertae
1245 1644 1323 1679 sint,
1345 1643 1447 1678 multi,
1477 1649 1606 1678 quorum*

84 1697 133 1735 ius
156 1696 294 1725 Absentis
316 1696 398 1724 obitu
419 1695 544 1731 nititur,
568 1696 655 1734 hujus
677 1697 752 1734 juris
776 1705 831 1727 usu
857 1697 1111 1732 defraudarentur,
1140 1696 1165 1724 si
1186 1701 1303 1732 propter
1328 1694 1497 1722 Absentiam
1527 1693 1601 1729 ipsis

86 1747 204 1777 minime
225 1748 441 1783 imputandam,
463 1753 491 1775 et
506 1747 647 1777 Absentis
665 1757 760 1778 curam
788 1750 875 1779 nimis
897 1749 1023 1779 sollicite
1046 1747 1223 1783 adhibitam,
1252 1747 1287 1775 iis
1313 1747 1526 1775 interdiceretur
1547 1745 1605 1773 hu-

85 1799 136 1836 jus
153 1799 225 1835 juris
249 1806 304 1827 usu
333 1805 360 1827 et
388 1798 554 1835 fructibus,
584 1808 659 1835 quos
683 1802 779 1830 statim
805 1810 839 1830 ex
864 1810 898 1830 eo
923 1800 1068 1836 percipere
1091 1799 1274 1835 potuissent,
1321 1797 1368 1826 Sic
1396 1797 1504 1833 igitur,
1532 1796 1601 1825 licet

86 1849 192 1879 nemini
212 1850 332 1878 durante
353 1850 444 1886 prima
468 1850 624 1879 Absentiae
648 1852 766 1887 periodo
787 1853 1004 1882 concedendum
1029 1850 1175 1888 putaverit
1198 1849 1318 1885 aliquod
1343 1849 1394 1885 jus
1416 1853 1516 1876 contra
1536 1846 1605 1875 Ah·-

87 1907 213 1936 0entem,
234 1900 289 1929 nisi
312 1901 414 1937 probet
436 1909 530 1930 revera
554 1902 624 1931 illud
647 1903 702 1931 sibi
723 1911 906 1941 competere,
927 1910 955 1932 et
977 1912 1008 1932 se
1027 1903 1143 1940 optimo
1159 1903 1222 1939 jure
1247 1901 1283 1929 ad
1301 1901 1370 1928 illud
1392 1899 1598 1928 vindicandum

85 1951 168 1987 duci,
189 1951 316 1980 vicissim
336 1951 458 1981 Absenti
485 1961 544 1982 non
567 1953 663 1982 statim
686 1955 899 1987 concedendurn
921 1957 1075 1986 arbitratus
1100 1961 1144 1985 est
1159 1956 1210 1992 jus
1234 1960 1304 1990 post
1328 1953 1494 1992 Absentiam
1524 1950 1605 1978 dela·-

90 2007 171 2038 tum,
191 2002 269 2038 quod
285 2002 412 2033 sortasse
423 2012 577 2041 nunquam>
588 2005 613 2035 ei
629 2008 778 2044 competiit
794 2016 917 2046 propter
930 2009 1065 2038 incertam
1090 2006 1192 2037 mortis
1210 2005 1406 2036 conditionem
1417 2021 1429 2039 ,
1449 2001 1498 2030 sed
1517 1999 1597 2036 quod

873 2061 896 2091 F
917 2069 933 2099 3
1556 2049 1601 2081 033
