1913 2417
369 151 648 184 RESPONSIO
678 159 727 182 AD
756 150 1126 189 QUAESTIONEM
1151 152 1483 188 LITERARIAM.
1651 165 1683 193 15

169 235 306 272 quaedam
327 234 356 263 in
381 235 449 264 mari
477 237 558 266 Ionio
579 236 690 263 insulae
716 235 781 272 (1)
810 242 883 269 quae
908 240 1034 270 possunt
1061 234 1091 263 in
1109 235 1206 264 liberis
1234 236 1323 264 sociis
1348 239 1509 274 numerari,
1533 240 1598 268 licet
1621 248 1681 270 non

170 288 323 316 admodum
352 286 431 314 firma
456 285 543 314 fuerit
565 294 595 314 ea
623 287 810 323 conjunctio,
832 286 880 314 sed
904 286 1019 320 saepius
1041 286 1076 314 ad
1091 285 1248 315 contrarias
1271 294 1366 323 partes
1383 290 1556 320 transierint.
1598 291 1677 320 Cum

171 338 236 367 aliis
260 337 402 374 ejusmodi
427 337 529 365 foedus
555 336 662 365 factum
687 343 764 372 erat,
794 343 845 370 ut,
874 336 897 364 si
923 337 989 372 quis
1014 337 1214 365 alterutrorum
1244 344 1345 366 terram
1377 339 1536 376 invaderet,
1558 343 1683 378 opitula-

171 395 289 424 rentur3
319 389 412 424 qualis
435 388 557 416 societas
583 390 724 426 ἐπιμαχιόι
750 394 874 417 vocatur
894 394 920 415 et
941 395 1006 415 cum
1030 388 1201 424 Corcyraeis
1220 388 1290 417 inita
1316 396 1358 418 est
1382 392 1468 425 paulo
1490 399 1553 420 ante
1577 393 1682 423 bellum

172 438 449 473 Peloponnesiacum
475 439 552 476 (2).
596 439 656 475 Alii
679 440 741 475 jure
765 439 892 472 civitatis
916 437 1013 467 donati
1036 446 1135 475 erant,
1162 448 1227 467 cum
1256 440 1321 471 aliis
1351 441 1469 476 antiqua
1496 443 1685 472 intercedebat

175 490 320 525 amicitia,
343 490 433 518 veluti
456 497 520 518 cum
538 481 759 526 phocensibus,
783 498 858 526 quos
878 489 988 518 idcirco
1005 490 1068 519 ‘sibi
1088 481 1240 519 transitum
1262 491 1456 528 p'ertnissuros
1478 495 1609 530 sperabat
1624 494 1684 523 De·

171 541 326 568 mosthenes
350 541 364 577 (
375 549 389 576 3
401 542 430 578 ).

210 590 298 619 Initio
324 591 389 619 belli
418 590 656 627 Peloponnesiaci
680 591 753 619 nulli
775 592 920 628 αὖτονόμοι
944 591 1052 627 reliqui
1067 598 1146 621 erant
1174 599 1283 629 praeter
1313 593 1423 630 Chim,
1456 595 1599 631 Lesbios,
1621 596 1686 626 Pla·

174 643 305 670 taeenses
341 650 372 670 ac
405 643 606 671 nonnullarum
641 643 800 671 insularum
830 644 941 672 incolas
959 664 969 679 ‚
1007 643 1096 672 veluti
1127 643 1290 680 Zacynthi,
1320 644 1522 682 Cephalleniae
1548 648 1681 677 aliarum-

173 700 228 728 que
246 693 317 729 (4)
342 701 441 729 quae,
462 693 587 729 insulae,
618 701 788 729 quamquam
806 693 890 723 facile
911 694 1046 730 occupari
1067 695 1249 730 potuissent,
1271 696 1414 725 difficilius
1437 699 1474 726 ob
1496 696 1691 741 Lacedaem0'7

171 737 285 771 n'iorum
306 743 479 773 vicinitatem
503 745 670 780 potuissent
693 744 908 783 retineri‘(5).
950 739 1025 775 'Chii'
1045 742 1112 782 (ὅ)
1137 742 1239 774 autem'
1253 745 1282 775 et'
1299 747 1399 777 Lesbii
1422 750 1528 786 majore
1551 751 1683 789 valebant

173 794 303 829 potentia
333 795 491 831 maritima,
522 805 606 832 quam
631 802 663 824 ut
696 804 744 825 eos
775 797 830 834 J'am
865 797 1005 834 subjicere
1035 799 1156 833 possent
1188 792 1390 828 Athenienses.
1438 801 1531 837 Igitur
1559 803 1687 838 primunr

172 850 298 873 caeteros
325 845 456 875 libertate
476 847 684 882 privaverunt,
714 854 858 883 sperantes
884 848 966 883 fore,
989 855 1021 876 ut
1045 855 1144 884 postea
1163 849 1245 885 ipsos
1268 850 1403 879 omnibus
1428 852 1540 882 viribus
1569 855 1684 892 aggredi

170 901 292 931 possent
318 897 400 933 (7).
442 896 551 926 Revera
576 906 639 934 erga
673 899 755 927 solos
780 898 961 928 Plataeeuses
996 899 1105 936 optime
1136 900 1170 928 de
1201 909 1232 928 se
1257 900 1374 931 meritos
1405 903 1480 931 bona
1508 904 1562 934 fide
1593 907 1686 944 egisse

168 946 321 982 videntur,
344 947 451 982 quibus
471 949 519 985 J'us
546 950 727 982 ἰσοπολιτείας
747 950 905 986 dederunt,
926 950 955 977 id
975 956 1036 985 est,
1057 958 1285 987 concesserunt,
1302 959 1361 988 rut,
1384 962 1577 991 praeterquam
1602 960 1684 994 quod·

170 998 331 1026 sacerdotes
355 1002 405 1027 aur
422 999 585 1027 Archontes
613 999 673 1027 fieri
701 1000 775 1035 ipsis
797 1008 856 1029 non
883 995 1002 1036 licebat,
1021 1001 1084 1038 jura
1106 999 1172 1030 cum
1197 1003 1425 1034 Atheniensibus
1447 1011 1610 1038 communia
1635 1011 1686 1039 ha-

170 1047 269 1076 berent
287 1048 326 1084 (8
341 1052 374 1084 )‚
397 1057 456 1085 quo
480 1050 619 1079 beneficio
641 1051 679 1078 ita
703 1051 774 1086 ipsis
799 1052 924 1080 devincti
942 1059 1031 1088 sunt,
1054 1059 1087 1081 ut
1108 1055 1258 1083 maluerint
1279 1056 1309 1084 in
1335 1056 1411 1085 bello
1433 1058 1684 1095 Peloponnesiaco

173 1099 301 1134 optimas
319 1098 614 1130 Lacedaemoniorum
637 1102 821 1131 conditiones
837 1111 896 1132 non
916 1099 1064 1140 accipere,
1087 1113 1171 1140 quam
1195 1113 1303 1136 veteres
1322 1108 1421 1138 socios
1439 1111 1587 1150 deserere3
1609 1123 1692 1150 quaes

169 1148 240 1179 fides
262 1149 298 1179 iis
324 1150 490 1181 diuturnam
511 1152 692 1183 obsidionem
715 1160 742 1183 et
767 1155 877 1184 tristem
902 1155 1050 1185 interitum
1076 1157 1177 1186 attulit
1198 1158 1278 1197 (9).

193 1250 245 1280 (1)
269 1252 364 1279 Thucyd.
386 1254 411 1282 r,
427 1259 484 1282 nr,
498 1259 549 1282 1¹¹3·
731 1256 785 1285 (α)
807 1256 902 1283 Thucyd.
923 1258 947 1286 1,
968 1263 1008 1286 44·-
1038 1263 1041 1266 ·
1187 1259 1240 1289 (3)
1263 1260 1357 1288 Tbetcya'.
1378 1262 1425 1291 111,
1439 1263 1482 1292 ‘95.

192 1291 246 1320 (4)
267 1293 364 1320 nucyd.
379 1294 420 1323 Π,
438 1300 468 1322 7.;
655 1295 709 1325 (5)
731 1297 826 1324 Thucyd.
849 1298 894 1328 VI,
915 1299 951 1327 ³56

177 1350 183 1359 .
194 1333 249 1360 (6)
264 1335 328 1357 ciuis
346 1335 418 1358 ,ociis
434 1336 481 1359 suis
501 1336 637 1366 fidelissimis
654 1339 808 1362 Athenienses
832 1341 926 1369 eadem,
949 1346 1007 1369 quae
1026 1340 1072 1363 sibi
1083 1353 1099 1368 ‚-
1114 1346 1193 1369 petere
1218 1344 1324 1367 solebant
1349 1351 1362 1367 a
1380 1345 1440 1369 Diis·
1477 1348 1545 1373 Conf.
1563 1352 1636 1376 schol.
1655 1352 1689 1379 ιὰ

168 1372 286 1403 Διίςιορὴ.
301 1379 373 1401 Aves.
391 1382 415 1399 v.
429 1377 482 1401 880.
652 1378 700 1407 (7)
723 1379 817 1407 Tlmcyd.
840 1381 889 1408 111,
909 1387 924 1408 9
937 1387 991 1410 sqq.

197 1414 251 1482 ξε)
271 1415 376 1443 Thin-st„
387 1416 435 1443 111,
453 1422 494 1443 55,
508 1405 561 1444 63.χ
577 1419 634 1442 Item
653 1420 773 1444 Decretum
792 1417 965 1445 Atheniensium
985 1423 1048 1450 apud
1064 1423 1240 1448 Demosthenem
1261 1432 1340 1451 contra
1358 1428 1440 1451 Neaer.
1466 1436 1490 1458 pr
1505 1431 1562 1461 σοι,
1576 1433 1628 1461 602.

219 1454 252 1483 ⁹)
274 1455 370 1483 Thucya.
383 1455 439 1485 ¹111„
453 1458 491 1481 σε.
1136 1465 1151 1469 “’

1545 2038 1692 2072 CAPUT
