1913 2417
662 150 1161 185 onA‘r10.>
1563 167 1602 200 ¹9

122 247 231 279 fuisset
256 245 402 288 longior,
435 250 560 278 tantum
590 242 795 287 profecerunt
821 244 994 276 Academia
1020 251 1052 276 et
1070 245 1236 284 Scenssae,
1261 252 1298 277 ut
1324 246 1386 279 sibi
1414 247 1530 279 vixisse
1553 257 1599 280 sa-

122 305 164 336 tis
181 327 191 343 ,
217 302 332 334 studiis
363 308 410 332 sat
442 300 622 343 invigilasse
650 306 682 332 et
713 300 896 343 proficuum
935 300 1050 340 fuisse,
1083 312 1250 344 nunquam
1272 313 1338 333 non
1363 310 1450 346 grata
1472 305 1600 346 agnitu-

123 371 160 392 ra
193 359 234 390 sit
270 358 448 402 posteritas,
477 373 521 382 -—
552 357 687 399 Ingenio
725 357 867 400 praecori
896 364 928 388 et
968 358 1134 389 maturiori
1164 364 1262 389 aetate
1294 359 1434 390 scientiis
1472 360 1599 392 abunde

125 415 361 458 compensavit,
392 412 480 456 quod
515 412 636 445 Patriae
651 436 661 453 ,
691 412 883 448 Academiae
917 419 949 445 et
978 414 1124 446 Scientiis
1160 415 1372 458 praeripuisse
1395 417 1598 449 immaturius

118 471 278 506 videretur
301 469 412 501 satum.
790 499 795 501 .

160 527 314 559 Alterum
335 532 409 565 est,
441 524 531 569 quod
556 525 789 558 Perillustrium
819 527 1010 558 Curatorum
1041 526 1240 570 providentia
1277 528 1346 560 sine
1378 539 1467 560 mora
1498 529 1593 563 fuerit:

115 591 270 621 cautum,
303 589 339 614 ut
354 606 363 621 ‚
397 582 486 625 quod
513 582 704 614 Academiae
730 589 890 625 pateretur
915 583 1071 615 damnum
1091 608 1101 622 ‚
1131 591 1289 627 quantum
1313 584 1382 616 fieri
1400 594 1520 629 posset,
1543 599 1594 619 re-

119 646 303 685 pararetur:
337 657 382 666 -
413 640 494 670 Nam
521 645 557 670 ut
590 638 820 672 Praefecturam
853 639 947 671 Horti
975 641 1116 672 Botanici
1138 642 1171 672 iu
1205 652 1237 672 se
1265 643 1403 685 suscepit
1430 643 1477 675 cl.
1506 656 1596 679 sam·

114 705 370 734 nucarum,
409 695 455 726 sic
502 696 598 726 etiam
646 697 805 728 triumviri
849 696 910 728 Ctl.
951 688 1284 736 SANDiFonTms,
1320 710 1519 732 CLARISSE
1559 709 1591 734 et

112 763 278 786 xnauss
317 752 352 783 in
382 763 415 784 se
446 759 654 794 susceperunt
677 753 937 791 Institutionem,
983 752 1086 784 donec
1126 753 1172 784 Ct.
1216 765 1488 787 BRUGMANSIO
1518 769 1590 791 suc.

111 821 218 845 cessor
243 809 338 840 fuerit
364 808 457 840 datus
478 814 574 851 atque
600 809 634 840 in
652 810 729 851 Ejus
750 809 859 840 Iocum
885 808 1059 847 s'uffectus3
1092 826 1135 834 —
1163 809 1241 841 alter
1266 817 1303 842 ut
1328 812 1497 856 Principia
1520 818 1585 846 Bo-

110 872 246 905 taniceu
276 883 321 890 —
349 864 426 896 alter
451 865 632 897 Historiam
657 865 836 897 naturalem
865 872 897 897 et
925 866 1038 897 tertius
1067 865 1234 898 Clzemz'am
1264 866 1419 906 doceret,
1452 881 1493 901 ne
1518 873 1584 911 sic,

109 930 241 959 vacante
266 921 446 962 cathedra,
475 921 573 952 simul
596 932 706 953 earum
738 925 832 954 etiam
861 922 1072 954 Scientiarum
1111 930 1234 954 vacaret
1267 925 1440 958 Institutio,

151 981 212 1012 Cui
239 978 408 1021 insigniori
432 976 590 1009 beneficio
615 985 651 1010 ut
680 979 763 1010 Viris
788 978 846 1010 Cll.
870 979 985 1021 gratias
1011 979 1106 1011 habet
1125 990 1222 1022 quam
1241 981 1395 1013 maximas
1427 984 1584 1018 Juventus

104 1036 246 1071 studiosa
262 1057 274 1075 ,
295 1035 341 1066 sic
367 1040 399 1065 et
426 1033 543 1065 Iisdem
571 1033 634 1065 hoc
665 1034 860 1067 beneficium
879 1036 1132 1078 acceptissimum
1165 1035 1277 1068 referet
1308 1038 1494 1072 Academia.

150 1136 317 1180 Denique,
334 1145 402 1179 quo
417 1134 572 1166 damnum
588 1135 726 1179 reparari
742 1142 871 1180 posset,
894 1142 924 1167 et
944 1135 1023 1167 illud
1043 1135 1156 1167 solatio
1175 1143 1239 1173 est,
1263 1137 1353 1180 quod
1372 1148 1448 1170 rii-:x
1471 1148 1580 1174 noster

101 1195 357 1237 Angustissimus
375 1192 534 1230 voluerit,
559 1191 593 1223 in
609 1191 715 1238 locum
737 1204 842 1225 nano
854 1203 1007 1225 mansu
1026 1194 1142 1224 Virum
1156 1192 1277 1232 suffici,
1296 1196 1429 1227 nomine
1448 1204 1478 1229 et
1494 1198 1577 1232 fama

101 1251 307 1290 notissimum
325 1272 335 1288 ‚
369 1249 527 1280 Historiae
560 1248 736 1289 naturalis,
780 1250 944 1280 Botanices
980 1255 1012 1280 et
1043 1248 1192 1280 Chemiae
1226 1251 1483 1293 peritissimum,
1512 1238 1573 1288 'CL

99 1318 130 1340 c.
167 1317 200 1340 G.
237 1317 264 1338 c.
306 1314 708 1344 namnwannrxum,
741 1309 775 1338 in
805 1304 978 1337 Academia
1011 1304 1088 1337 olim
1128 1304 1385 1339 Harderovicena
1420 1311 1576 1343 Historiae

99 1350 278 1413 naturalis,
299 1361 475 1401 ,Botanices
509 1367 540 1392 et
575 1360 729 1394 Chemiae
774 1362 984 1394 Professorem
1005 1384 1016 1401 ‚
1063 1361 1138 1393 dein
1170 1363 1205 1393 in
1244 1362 1364 1395 illustri
1409 1366 1574 1400 Athenaeo

96 1418 389 1459 Amstelodamensi
423 1417 536 1449 eodem
569 1428 704 1449 munere
739 1417 925 1461 fungentem
959 1425 991 1450 et
1016 1430 1105 1450 nunc
1130 1420 1260 1450 demum
1282 1421 1501 1463 Agriculturae
1526 1431 1572 1456 at·
1592 1452 1594 1454 ,

97 1486 176 1521 que
187 1476 319 1523 Artium
348 1480 380 1506 et
406 1475 617 1506 Seieutiarum
647 1475 938 1517 promovendarum
967 1475 1144 1506 Praesidem
1172 1476 1206 1506 in
1231 1476 1336 1508 Insula
1360 1489 1484 1517 JAVA3
1506 1481 1571 1524 qui

95 1538 133 1563 ut
170 1541 245 1562 suae
281 1531 411 1573 peritiae
447 1530 562 1561 harum
601 1530 813 1563 Scientiaru·n
847 1531 880 1562 in
915 1537 1023 1562 nostra
1054 1531 1156 1562 Patria
1191 1532 1257 1574 jam
1289 1533 1381 1576 plura
1408 1534 1493 1566 dedit
1513 1537 1571 1568 do.

95 1594 270 1624 cumema,
310 1589 355 1618 sic
385 1586 419 1618 in
447 1586 625 1629 longinqua
654 1587 671 1617 a
699 1588 802 1619 Patria
834 1593 942 1618 nostra
970 1588 1080 1620 dissita
1119 1589 1261 1631 Regione
1291 1590 1386 1621 etiam
1421 1591 1569 1625 laborum

91 1654 227 1677 suorum
249 1648 283 1673 et
310 1642 385 1674 tulit
411 1642 589 1673 mercedem
616 1650 710 1685 atque
738 1643 894 1675 honorem
915 1645 1032 1675 meruit
1059 1645 1282 1687 insigniorem.

135 1700 226 1734 Dum
249 1700 314 1741 jam
346 1710 384 1730 ex
412 1709 530 1731 iunia
569 1710 805 1732 oaiENTAm
841 1701 1027 1744 propediem
1055 1700 1136 1743 Ejus
1161 1701 1301 1734 reditum
1327 1702 1474 1736 ardenter
1502 1718 1567 1751 spe-

89 1766 218 1794 ramus,
259 1761 333 1786 vota
359 1753 459 1794 facio,
485 1763 522 1787 ut
549 1757 639 1788 brevi
673 1756 779 1789 salvus
816 1759 930 1800 ingens
960 1759 1130 1789 iteraturus
1169 1761 1207 1789 sit
1243 1770 1386 1802 aequor,
1425 1765 1564 1805 patrium

90 1812 179 1844 littus
203 1817 330 1850 teneat,
359 1813 478 1854 patrios
501 1812 580 1845 lares
598 1836 609 1852 ‚
642 1813 794 1845 familiam
816 1821 912 1857 atque
941 1815 1059 1846 amicos
1086 1815 1227 1855 revisat,
1262 1823 1406 1850 nostrum
1435 1820 1467 1850 in
1500 1821 1562 1852 Or.

90 1869 199 1901 dinem
231 1868 401 1911 recipiatur
433 1869 571 1913 huicque
601 1871 782 1903 studiorum
812 1878 844 1903 et
865 1872 1012 1904 taborum
1034 1871 1084 1905 Ct.
1129 1872 1308 1905 Decessoris
1341 1876 1484 1908 aemulus
1511 1888 1563 1910 ot·-

87 1930 274 1958 numentum
297 1925 337 1956 sit
359 1931 393 1957 et
414 1924 523 1958 decus!

922 2042 951 2074 C
977 2054 995 2076 2
1498 2046 1558 2079 At-
