1913 2417
280 169 556 202 RESPONSIO
583 177 632 200 AD
661 170 1026 210 QUAESTIONEM
1052 170 1480 206 PHILOSOPHICAM.
1601 178 1640 214 65

114 256 240 285 nebulas
264 261 292 283 et
311 254 446 291 caligines
467 254 578 290 videat,
598 254 727 283 veritatis
753 254 897 283 criterium
923 263 981 284 non
1004 256 1145 292 resideat,
1168 256 1226 285 veri
1251 257 1375 293 salsique
1395 259 1570 296 dijudicandi
1594 259 1637 288 in·

119 313 310 336 strumentum
334 313 476 341 nusquam
503 313 580 334 esse:
612 313 696 340 quam
720 306 936 335 conclusionem
961 307 1135 343 sequebatur
1157 309 1251 338 omnis
1276 309 1413 338 scientiae
1434 311 1558 339 eversio·

157 359 290 388 Ceterum
322 358 486 387 carneaacs
515 364 614 386 omnes
645 357 846 393 philosophiae
872 366 966 394 partes
989 360 1100 387 dicendi
1128 368 1178 388 sua
1207 360 1236 388 in
1262 366 1412 397 utramque
1436 368 1542 397 partem
1564 370 1635 390 con-

117 409 269 439 suetudine
293 410 442 445 amplexus
465 415 527 437 est:
561 409 595 436 de
618 409 703 445 cujus
730 414 822 436 tamen
850 410 1010 438 rationibus
1033 412 1074 439 nil
1099 418 1271 447 magnopere
1299 412 1440 448 reliquum
1472 413 1628 449 habemus,

116 467 227 498 prae-ter
244 460 451 489 contrariarum
475 451 734 495 declamationum,
758 459 866 495 quibus
891 461 1000 490 Romae
1022 462 1056 490 de
1079 462 1193 499 justitia
1219 462 1401 499 disputavit,
1428 464 1563 499 quasdam
1589 471 1633 492 re·

107 512 216 548 *liquias
239 513 253 549 (
266 521 274 541 1
288 513 314 547 ).

109 616 218 650 vellet,
239 615 420 650 diceretque,
446 614 492 649 ei,
514 614 563 649 qui
589 613 754 649 affirmaret,
775 614 847 642 nihil
862 623 950 651 posse
976 617 1106 652 percipi,
1134 623 1356 646 consentaneum
1378 625 1457 651 esse,
1479 625 1566 646 unum
1588 624 1630 645 ta-

112 676 177 696 men
196 668 268 696 illud
291 667 383 696 dicere
408 666 517 702 percipi
539 674 644 701 posse,
673 672 704 694 ut
730 666 784 694 alia
806 674 865 695 non
893 674 1037 703 possent,
1068 668 1234 696 Carneades
1257 668 1409 696 dubitandi
1433 668 1625 697 constantiam

93 727 236 755 ,sectatus
260 725 322 747 est:
352 725 463 747 tantum
496 718 571 745 enim
604 717 703 744 abesse
729 716 818 750 dixit,
850 723 882 745 ut
913 716 944 746 id
967 724 1190 746 consentaneum
1216 724 1312 753 esset,
1341 725 1372 747 ut
1399 718 1518 747 maxime
1542 719 1626 747 etiam

110 776 297 806 repugnaret:
319 769 368 805 qui
395 769 470 797 enim
493 775 628 805 negaret,
646 768 807 803 quicquam
835 775 916 802 esse,
947 769 1027 803 quod
1045 770 1257 805 perciperetur,
1286 777 1350 797 eum
1376 769 1450 797 nihil
1478 769 1623 806 excipere:

108 821 147 849 ita
171 829 288 849 neccsse
309 828 391 855 esse,
412 828 448 848 ne
469 819 498 847 id
523 819 618 855 ipsum
648 819 781 854 quidem,
804 819 885 854 quoi
911 826 1060 855 exceptum
1086 829 1144 849 non
1170 828 1262 856 esset,
1285 822 1490 857 comprehendi
1512 829 1538 850 et
1563 829 1628 857 per-

107 872 167 908 cipi
190 873 251 900 ullo
269 872 355 900 modo
372 879 463 906 ¹posse
483 870 560 907 (2).
598 869 695 905 Jgitur
711 869 904 897 Clitomachus
921 871 1026 905 etiam,
1050 871 1211 899 Carneadis
1235 871 1402 906 familiaris,
1427 872 1537 907 quique
1561 873 1622 908 ejus

106 931 252 953 sermones
276 921 437 951 custodivit
460 921 568 956 literis,
596 920 749 949 affirmabat
765 928 928 956 numquam
954 929 985 950 se
1013 922 1172 960 intelligere
1193 923 1346 959 potuisse,
1371 922 1441 958 quid
1470 922 1621 951 Carneadi

101 973 272 1010 probaretur
293 974 367 1010 (3).

144 1025 210 1053 Iloc
238 1024 389 1053 dubitandi
423 1024 589 1053 institutum
622 1023 699 1051 ultro
725 1021 898 1058 sequebatur
925 1024 1019 1053 omnis
1045 1024 1220 1053 assensionis
1252 1023 1390 1053 retentio:
1422 1032 1509 1059 quare
1533 1024 1622 1053 Clito·

98 1077 220 1106 >machus
245 1076 408 1111 scribebat,
430 1075 568 1104 Herculis
590 1075 737 1110 quemdam
766 1074 890 1103 laborem
921 1076 1093 1104 exantlatum
1119 1085 1134 1104 a
1156 1074 1327 1110 Carneade,
1351 1075 1448 1110 quod,
1477 1081 1508 1103 ut
1532 1074 1620 1106 feram

99 1134 127 1157 et
148 1128 298 1156 immanem
322 1127 466 1163 belluam,
487 1127 529 1156 sic
552 1135 587 1155 ex
610 1126 714 1156 animis
737 1126 954 1163 assensionem,
983 1125 1003 1156 i.
1023 1135 1047 1157 e.
1070 1127 1266 1164 opinationem
1294 1133 1322 1155 et
1343 1126 1548 1163 temeritatem,
1570 1118 1619 1156 ex}

97 1180 230 1209 traxisset
251 1180 331 1216 (4).

136 1230 305 1260 Sustinendi
326 1238 462 1260 assensus
486 1230 670 1266 disciplinam
698 1230 778 1258 nulla
805 1229 896 1267 magis
916 1228 1081 1259 difficultate
1105 1229 1196 1259 Stoici
1215 1230 1402 1267 premebant,
1424 1239 1508 1266 quam
1534 1230 1614 1266 quod

100 1290 212 1311 morum
239 1281 370 1318 vitaeque
396 1282 586 1310 instituendae
605 1281 745 1318 principia
765 1289 823 1310 eam
853 1283 952 1310 tollere
980 1282 1142 1311 dictitarent
1166 1283 1243 1319 (5).
1290 1282 1371 1320 Quae.
1396 1282 1521 1319 objectio
1545 1283 1618 1313 car-

97 1333 216 1362 neadem
242 1341 297 1361 una
329 1333 455 1361 omnium
481 1333 631 1368 praecipue
652 1332 753 1361 movit.
794 1332 885 1368 Igitur
908 1333 932 1360 ei
954 1333 1035 1368 quod
1064 1341 1123 1361 non
1148 1332 1268 1369 negandi
1293 1333 1453 1361 constantia
1482 1333 1530 1361 sed
1557 1333 1615 1361 alio

96 1385 183 1415 modo
206 1383 412 1413 occurrendum
440 1389 590 1418 censeret,
622 1382 691 1412 fecit
719 1390 746 1412 et
776 1384 872 1420 ipsius
902 1384 948 1413 vis
979 1384 1161 1422 argumenti,
1191 1390 1217 1411 et
1242 1383 1403 1412 Carneadis
1430 1384 1465 1413 ad
1496 1380 1613 1412 virtutis

78 1435 335 1466 -sensum·eximia
357 1435 490 1470 indoles,
519 1441 546 1463 et
575 1444 643 1464 vero
666 1436 748 1464 etiam
780 1437 842 1473 ejus
865 1444 880 1464 a
910 1435 1040 1464 Platonis
1068 1434 1271 1470 *Dogmatismo
1297 1434 1423 1462 derivata
1451 1433 1616 1463 conforma·

87 1488 145 1516 tio.
188 1487 302 1515 Etenim
328 1486 460 1522 primaria
486 1485 656 1522 philosophi
681 1486 848 1522 institutio,
869 1494 896 1515 et
917 1487 1031 1522 fontis,
1051 1487 1127 1515 unde
1154 1486 1272 1520 hausit,
1294 1481 1386 1521 ratio,
1407 1485 1464 1513 dici
1488 1485 1536 1513 vix
1556 1493 1610 1521 po-

91 1545 170 1573 test,
191 1545 330 1574 quantum
358 1537 459 1566 habeat
482 1537 511 1566 in
539 1538 617 1566 omni
641 1538 703 1575 ejus
728 1539 917 1575 philosophia
941 1544 1130 1573 momentum.
1180 1536 1261 1564 lilius
1283 1535 1479 1565 institutionis
1504 1535 1610 1565 fontis-

93 1598 150 1626 que
172 1589 317 1625 ingenium
347 1594 374 1617 et
401 1588 513 1617 indoles
548 1589 746 1625 philosopho,
774 1591 894 1627 ejusque
914 1589 1134 1627 philosophiae,
1159 1593 1299 1624 perpetuo
1325 1587 1540 1622 quodammodo
1561 1589 1610 1616 ad-

89 1640 202 1668 haerete
223 1640 349 1668 videtur.
391 1639 556 1668 Academici
581 1647 672 1668 autem
689 1660 699 1675 ,
722 1649 741 1669 a
756 1641 913 1671 conditore
939 1641 1063 1670 Platone
1086 1639 1213 1668 inchoati
1237 1644 1264 1666 et
1287 1637 1452 1673 instructi,
1480 1638 1609 1668 Platoni-

84 1700 191 1722 torum
213 1693 341 1721 studium
365 1692 540 1729 scriptorum
566 1701 723 1730 numquam
747 1693 908 1731 neglexisse
929 1690 1110 1722 existimandi
1130 1696 1217 1725 sunt,
1237 1697 1336 1718 verum
1364 1689 1466 1718 sedulo
1495 1698 1608 1727 semper

1557 1751 1608 1772 co-

111 1831 164 1861 (ι)
183 1832 236 1854 Vidv
259 1832 366 1855 Lucum.
387 1833 415 1856 D.
431 1833 448 1855 1.
469 1833 497 1855 v.
521 1839 555 1860 ¹4-
573 1839 622 1861 sqq.
665 1835 778 1863 Quinctil.
806 1836 824 1858 1.
842 1836 870 1859 o.
889 1834 940 1858 ΧΠ.
957 1838 978 1855 ι.
1019 1832 1088 1856 eonf-
1109 1830 1176 1857 θυῖε
1197 1829 1219 1853 in
1245 1836 1268 1854 v.
1289 1828 1403 1851 Carneade
1429 1835 1477 1853 not.
1500 1830 1521 1853 G
1535 1836 1559 1853 et
1573 1832 1602 1855 Η.

82 1875 146 1897 alias
167 1873 290 1895 Carneadis
316 1879 394 1896 contra
419 1874 507 1896 stoicos
528 1876 691 1903 disputationes
713 1877 812 1899 servavit
834 1876 914 1897 vCicero
937 1877 966 1898 'dt
987 1874 1040 1897 Nat.
1060 1875 1130 1896 Deor.
1161 1872 1199 1894 ΙΙΙ.
1220 1877 1255 1894 12.
1278 1876 1314 1898 17.
1343 1873 1372 1893 de
1394 1872 1448 1894 Fato
1469 1878 1488 1895 c.
1509 1879 1543 1899 ¹4.
1573 1874 1601 1895 de

81 1914 160 1937 Divin-
183 1915 210 1936 ll.
226 1920 246 1939 3.
405 1914 455 1942 (2)
479 1915 525 1936 Cic.
547 1918 617 1939 Acnd.
633 1918 661 1940 ll.
677 1923 700 1945 9.
832 1917 880 1944 (3)
898 1917 948 1939 ibid
979 1922 1000 1939 c.
1015 1921 1051 1942 ⁴5·
1198 1913 1254 1940 (4)
1275 1912 1322 1935 Cic.
1342 1914 1358 1934 l.
1373 1913 1388 1933 l.
1412 1918 1433 1933 c.
1447 1919 1483 1939 34.

110 1956 161 1982 (⁵)
180 1955 246 1977 conf.
269 1954 316 1978 cte.
338 1955 408 1977 Acnd.
435 1957 461 1977 11.
477 1962 511 1982 33.
533 1962 590 1979 extr.
614 1963 634 1980 c.
651 1964 687 1986 3⁴·
728 1957 851 1984 Augustln.
878 1963 957 1980 contra
979 1957 1051 1979 Acad.
1070 1955 1098 1978 ll.
1120 1961 1142 1977 c.
1159 1958 1180 1978 4-
1203 1952 1224 1978 S·
1246 1958 1279 1977 ta.
1301 1960 1328 1982 p.
1346 1958 1398 1977 aee.
1416 1953 1443 1976 Β.
1480 1953 1600 1980 Plutarch.

76 1997 109 2019 de
128 1997 197 2019 Stoic.
214 2001 307 2024 repugn.
329 2002 348 2019 c.
362 2002 399 2024 47.
422 2003 444 2024 p.
461 2002 523 2025 ¹⁰⁵7·
540 1998 569 2021 Λ.

854 2039 869 2070 1
