1913 2417
384 107 1303 141 COMMENTATI'O'BOTANICA.
1568 111 1607 150 ῖς

88 201 205 232 potest,
236 201 359 231 quorum
383 203 467 230 seqq.
496 200 606 223 tantum
634 191 782 221 brevitatis
809 192 898 229 gratia
922 199 1078 220 memorate
1100 192 1193 223 liceat.
1242 193 1326 222 Rami
1348 194 1498 231 cujusdam
1525 195 1598 227 solia

86 247 167 284 iuxra
193 247 325 281 eandem,
347 246 393 274 cui
417 246 564 281 insident,
584 246 685 273 lineam
712 246 874 273 verticalem
896 244 1066 273 descendere
1092 243 1203 280 fingas,
1223 252 1251 273 et
1274 245 1417 274 rarissime
1439 255 1528 276 unum
1548 247 1597 277 fo·
1625 251 1627 254 ⁴

86 299 155 326 lium
176 305 269 335 tegere
286 299 404 326 alterum
423 298 544 326 videbis.
587 297 617 325 Si
641 297 749 324 caulem
770 296 851 324 foliis
874 302 1005 331 tectum,
1033 297 1067 323 de
1089 302 1162 324 terra
1178 297 1333 333 avulsum,
1359 297 1389 327 in
1408 299 1597 329 directionem*

90 349 298 379 horizontalem
321 358 405 378 manu
429 356 545 383 teneas,
568 349 671 383 sique,
693 346 823 376 inferiori
848 348 951 376 avulso
967 346 1061 382 folio,
1079 347 1162 383 juxta
1184 348 1257 376 illud
1274 357 1434 385 punctum,
1466 351 1513 379 cui
1539 351 1595 380 hoc

84 400 188 430 folium
203 402 340 429 insertum
358 406 434 435 erat,
455 408 505 436 per
522 401 624 428 lineam
642 407 745 428 rectam
763 399 921 434 intuearis,
941 398 1083 427 rarissime
1097 398 1200 428 folium
1218 399 1346 429 invenies
1371 402 1438 430 hnic
1466 409 1596 440 puncto,

88 453 134 481 vel
154 452 221 481 huic
247 452 324 480 folio
346 452 474 486 avulso,
496 452 686 487 respondens.

123 503 211 540 Quod
235 511 322 538 vero,
344 503 368 531 si
395 502 467 531 folia
491 504 520 531 in
546 503 639 531 eadem
659 503 733 531 linea
756 501 882 530 verticali
906 502 1004 537 posita
1031 501 1146 537 sibique
1169 503 1369 538 respondentia
1393 503 1595 540 inveniantur,

87 554 224 582 distantia
251 553 395 582 sufficiens
428 554 501 582 inter
524 554 591 582 haec
616 553 687 582 folia
710 554 806 589 adsit,
836 562 890 589 qua
911 553 1054 588 efficitur,
1081 559 1112 581 ut
1132 562 1199 588 τος,
1224 555 1259 582 ab
1289 554 1418 583 inferiori
1450 555 1524 583 folio
1544 563 1597 591 pro

87 611 167 641 parte
191 605 387 641 interceptus,
408 605 580 634 elasricitate
601 614 652 633 sua
679 605 781 633 iterum
804 605 832 633 in
856 605 1008 640 pristinam
1035 604 1109 632 viam
1137 605 1245 640 redire,
1265 613 1293 634 et
1316 608 1358 634 sic
1381 607 1415 634 ad
1437 606 1508 634 folia
1531 606 1600 634 huic

87 656 288 692 respondentia
312 657 460 693 pervenire
476 658 591 693 possit,
617 665 696 692 seqq.
724 657 863 691 exemplis-
880 663 1013 685 constare
1038 663 1147 691 potest.
1189 656 1219 685 Si
1240 665 1269 686 v.
1293 665 1318 686 c.
1345 657 1418 686 folia
1434 658 1599 686 considere·

86 715 152 735 mus
176 716 226 743 per
250 708 450 745 Quincuncem
475 709 640 744 disposita,
662 717 692 736 ea
715 709 846 744 quinque
871 708 951 735 lineis
969 707 1157 736 verticalibus
1181 707 1238 735 sibi
1262 709 1405 744 parallelis
1428 717 1491 737 esse
1515 709 1602 737 insita

85 765 113 786 et
134 766 247 788 sextum
280 760 346 787 hinc
381 761 494 788 demum
528 760 631 788 folium
663 759 752 797 priori
782 760 950 792 respondere
972 758 1036 796 (2)
1064 759 1214 795 videmus·⁷
1240 767 1336 788 nonne
1366 761 1434 788 haec
1464 760 1605 789 distantIa

90 810 223 845 quinque
246 809 404 846 foliorum,
431 811 466 839 ad
488 811 572 839 finem
600 811 784 846 propositum
809 809 939 838 sufficit?
982 810 1057 838 idem
1083 810 1292 846 observamus,
1320 812 1345 839 si
1372 810 1511 840 foliorum
1539 820 1600 839 ver-

90 859 281 889 ticiilatorum
313 862 401 890 situm
437 863 526 898 probe
556 869 740 897 spectemus3
772 862 873 889 horum
895 861 1102 890 verticillorum
1134 862 1207 890 enim
1233 861 1303 890 folia
1330 863 1367 890 ita
1398 869 1468 891 suut
1492 862 1605 898 dispo-⁷

86 910 162 945 sita,
185 919 216 940 ut
240 912 311 941 folia
338 914 457 942 secundi
484 914 618 941 verticuli
642 922 703 941 non
730 913 922 948 respondeant
953 912 1031 940 foliis
1058 912 1182 947 prioris,
1212 913 1261 940 sed
1291 913 1393 949 spatiis
1419 914 1464 942 vel
1488 912 1607 950 angulis-

84 959 158 989 inter
175 962 262 998 hujus
285 964 419 991 verticilli
443 963 513 992 folia
534 964 662 999 relictis,
692 971 766 991 term
793 963 928 991 verticilli
957 962 1026 990 folia
1050 963 1151 991 iterum
1180 964 1294 999 angulis
1316 965 1392 993 inter
1415 965 1533 993 secundi
1557 964 1603 993 fo·

84 1011 122 1039 lia
145 1012 276 1047 relictis,
300 1020 328 1041 et
351 1016 393 1041 sic
417 1023 521 1050 pori-03
543 1016 653 1043 tandem
669 1023 737 1042 vero
754 1015 916 1042 invenimus
943 1013 1116 1042 verticulum
1130 1035 1140 1049 ‚
1161 1010 1244 1051 cujus
1269 1014 1341 1043 folia
1366 1016 1468 1044 iterum
1493 1015 1603 1052 prioris

84 1062 222 1090 verticilii
243 1062 323 1092 foliis
346 1065 539 1101 respondent,
562 1066 613 1094 sed
633 1065 826 1094 nihilominus
858 1073 909 1102 per
933 1065 1122 1094 sufficientem
1138 1065 1303 1096 distantiam
1324 1067 1519 1103 plurimorum
1534 1074 1598 1097 ver-

83 1111 240 1142 ticillorutn
263 1115 298 1143 ab
324 1115 359 1143 iis
381 1124 487 1145 remota
514 1124 595 1145 sunt.

124 1163 172 1193 Ex
190 1165 270 1194 hisce
288 1167 377 1202 igitur
398 1167 469 1196 satis
495 1175 630 1197 constare
650 1168 722 1197 mibi
745 1168 879 1204 videtur,
900 1167 1048 1208 providam
1074 1176 1204 1199 naturam
1228 1169 1327 1199 ubivis
1345 1169 1426 1199 foliis
1449 1175 1599 1199 eumcone

81 1216 206 1245 cessisse
235 1217 345 1253 situm,
373 1227 433 1254 quo
465 1228 551 1256 quam
580 1220 729 1255 aptissime
763 1220 930 1248 functiones
960 1228 1030 1249 suas
1064 1229 1198 1258 peragere
1227 1222 1365 1258 possint,
1390 1226 1510 1255 eamque
1527 1226 1599 1253 non

81 1267 172 1305 magis
190 1268 306 1304 plantae
327 1270 439 1307 totius,
461 1279 546 1307 quam
571 1271 750 1308 singularum
772 1273 833 1308 ejus
854 1271 979 1307 partium
992 1291 1002 1307 ,
1024 1272 1114 1300 saluti
1134 1273 1330 1310 prospexisse.

789 1362 819 1398 §-
859 1370 895 1395 4.

522 1433 602 1462 Situs
624 1433 725 1471 specics
750 1442 769 1461 a
796 1433 929 1462 Limnaeo
948 1442 1138 1465 memoratae.

117 1517 160 1548 Ut
179 1519 414 1556 sapientissimus
446 1530 539 1551 rerum
573 1523 702 1552 omnium
735 1522 880 1552 Conditor
910 1531 961 1559 per
988 1523 1233 1562 dispositionem,
1262 1525 1325 1555 sive
1357 1525 1593 1555 distributionem

78 1569 218 1599 foliorum
245 1572 275 1600 in
303 1573 436 1602 caulibus
459 1582 619 1610 eorumque
642 1574 727 1603 ramis
752 1575 939 1611 provideret,
959 1583 995 1603 ne
1015 1574 1152 1604 inferiora
1179 1576 1249 1606 folia
1264 1577 1466 1614 superioribus
1482 1584 1596 1606 omnem

75 1629 168 1650 torem
193 1624 410 1661 praeriperent,
435 1632 525 1662 utque
555 1627 630 1655 inter
659 1626 773 1663 singula
799 1626 870 1654 folia
901 1626 971 1654 satis
1000 1634 1075 1655 esset
1103 1628 1220 1663 spatii,
1250 1636 1302 1664 per
1323 1629 1403 1664 quod
1432 1629 1477 1657 aiii·
1505 1629 1597 1658 libere

70 1671 161 1701 fluere
185 1680 212 1702 et
233 1674 351 1704 refluere
376 1684 496 1713 posset,
517 1678 604 1706 variis
631 1686 702 1706 usus
725 1683 770 1706 est
794 1677 892 1705 mediis
918 1678 953 1705 ad
975 1677 1053 1706 hunc
1078 1687 1201 1714 scopum
1227 1680 1413 1709 ducentibus.

113 1722 286 1755 Immortalis
315 1727 486 1765 Linnaeus,
517 1729 567 1765 qui
602 1749 626 1765 ,‚
644 1729 706 1758 sive
731 1727 839 1765 ingenii
865 1735 986 1757 acumen
1016 1736 1149 1766 spectes,
1177 1730 1240 1759 sive
1268 1731 1386 1767 pulchri
1414 1738 1530 1760 sensum
1562 1737 1590 1761 et

1506 1803 1526 1821 „
1544 1791 1600 1814 ves

101 1861 152 1891 (²)
166 1863 195 1886 Et
210 1869 239 1886 ne
252 1864 289 1887 vel
306 1872 395 1890 sextum
415 1868 495 1891 sonum
515 1868 588 1897 priori
607 1874 681 1891 totum
701 1870 854 1896 respondere,
877 1870 917 1891 sed
938 1875 983 1896 pro
1001 1874 1064 1896 parte
1081 1874 1167 1893 tantum
1187 1871 1209 1894 in
1229 1872 1306 1895 endem
1327 1879 1378 1896 eum
1398 1873 1444 1895 hoe
1457 1872 1516 1895 tinea
1530 1878 1587 1895 ver>

70 1902 133 1925 nie-li
151 1904 246 1931 positum
267 1913 332 1935 esse,
355 1909 487 1931 observavit
510 1911 659 1933 Dotriasimus
679 1911 807 1932 Bonnems:
831 1912 877 1934 vid.
896 1911 1032 1933 Reclnrches
1046 1918 1086 1934 sur
1099 1913 1182 1941 l’usage
1195 1913 1232 1936 des
1246 1914 1343 1943 fmims
1357 1914 1414 1935 dant
1425 1913 1456 1934 lus
1470 1913 1584 1944 Plantet5

67 1947 114 1970 ν’
125 1944 215 1967 ⁶¹³⁹'101
228 1948 330 1977 ww,
344 1950 428 1973 Leldae
442 1952 592 1980 moccuv,
609 1953 722 1976 Memoixe
736 1953 780 1981 111,
797 1959 847 1982 pag.
862 1952 919 1977 180..
