1913 2417
329 226 369 260 '24
407 222 440 251 P.
457 221 486 259 J.
509 218 786 250 UYLENBROEK
815 214 1035 246 RESPONSIO
1056 223 1097 246 AD
1120 215 1424 254 QUAESTloNEM
1445 215 1807 249 HYDROSTATICAM‘.

336 304 455 332 brachio
480 303 552 332 idem
577 302 692 338 pondus
718 299 873 334 addiderit,
894 299 969 327 unde
993 306 1051 327 non
1065 299 1163 335 potuit
1178 307 1237 327 non
1253 305 1320 335 post
1337 299 1464 328 ablatum
1489 300 1611 328 fundum
1638 297 1837 335 aequilibrium

330 355 498 383 consistere.

375 406 422 433 Sic
453 403 565 439 quidem
591 402 719 431 omnium
745 401 919 437 litigantium
951 400 1150 436 experimentis
1182 407 1208 429 et
1239 401 1400 430 rationibus
1424 401 1494 436 rite,
1523 407 1550 430 et
1578 407 1690 437 quanta·
1703 400 1764 429 fieri
1787 408 1840 437 po·

336 457 393 483 tuit
417 463 506 489 cura,
537 453 722 488 examinatis,
754 453 864 480 tandem
887 458 952 480 tuto
977 451 1148 480 concludere
1176 460 1262 487 posse
1285 452 1370 480 nobis
1398 452 1546 487 videniur,
1569 452 1752 488 praecipuum
1780 451 1839 479 dis·-

336 505 442 534 crimen
468 505 540 533 inter
574 504 711 539 Boyleum
737 510 764 531 et
792 502 1023 538 Hesselingium,
1054 509 1085 530 ut
1105 508 1131 530 et
1163 502 1234 530 inter
1265 507 1416 538 utriusque
1443 509 1597 530 sectatores
1625 501 1716 530 fuisse
1737 502 1766 530 in
1789 509 1841 537 eo,

336 556 415 591 quod
436 555 465 582 hi
488 563 570 583 secus
594 561 680 589 atque
701 554 743 581 iili
765 553 994 589 experimentum>
1014 552 1208 588 Boyleanum,
1240 554 1404 581 methodum
1430 561 1522 588 aquae
1545 553 1574 581 in
1595 561 1668 588 aqua
1692 551 1841 588 gravitatis

336 601 524 641 explorandae
554 606 687 634 directam
719 603 887 632 habuerint:
919 610 946 631 ct
968 603 1038 631 hanc
1065 603 1178 638 quidem
1202 603 1240 631 ob
1268 612 1402 638 causam,
1431 604 1566 639 quoniam
1590 610 1704 632 tantuin
1723 603 1762 631 ad·
1779 610 1843 638 par-

337 663 392 684 tem
415 656 541 684 ultimam
570 656 650 684 illius
671 654 855 691 experimenti
888 653 1075 689 attenderint3
1107 654 1173 682 dum
1197 660 1288 682 tamen
1312 654 1463 689 utriusque
1485 654 1575 690 partis
1597 654 1705 682 ratione
1728 653 1841 688 habita,

337 716 426 744 aquae
451 707 574 743 gravitas
595 715 654 735 non
682 712 809 741 tantum,
841 705 891 733 sed
916 704 998 733 etiam
1030 705 1149 739 pondus
1183 705 1346 733 absolutum
1373 705 1402 733 in
1427 713 1499 740 aqna
1531 713 1624 733 revera
1645 704 1779 732 methodo
1803 703 1845 732 in-

339 759 464 794 directa,
486 766 540 794 ope
565 758 706 793 bilancis,
736 757 904 786 innotescit.
949 755 1094 784 Nimirum
1121 756 1299 789 statuimus,
1322 761 1350 782 et
1375 755 1427 783 hac
1449 755 1478 783 in
1504 762 1581 791 parte
1604 763 1670 783 cum
1692 755 1845 790 Coppena-

336 810 376 837 lio
399 818 452 838 nos
477 809 568 837 facere
591 809 669 837 baud·
687 816 840 844 negamus,
863 807 978 842 proprie
999 815 1057 834 non
1085 814 1187 841 aquam
1214 806 1243 834 in
1266 806 1383 841 lagena,
1405 806 1454 834 sed
1474 806 1662 841 saccomatis·,
1690 813 1749 841 quo
1773 806 1863 845 lage·,

337 868 372 887 na
393 866 508 888 onerata
528 866 589 894 est,
620 860 734 896 pondus
760 858 908 886 relativum
934 857 1122 892 descendere,
1152 858 1230 892 quod
1262 857 1379 885 omnino
1411 856 1565 892 requiritur
1586 858 1620 885 ad
1647 864 1749 892 aquam
1771 855 1846 884 indi-

339 917 415 938 rtcte
441 911 664 946 ponderandam.
706 911 791 944 Aqua
815 909 887 936 enim
912 909 1036 944 lagenam
1070 908 1197 942 intrans,
1225 908 1292 935 huic
1316 907 1480 935 facultatem
1515 907 1701 936 descendendi
1723 907 1842 942 tribuit,

339 962 373 989 ad
397 962 563 990 descensum
591 961 674 988 ilium
698 959 892 988 frustrandum
924 965 1032 986 tantum
1067 957 1219 993 requiritur
1241 957 1461 993 contrapondii‚
1491 964 1629 993 quantum
1662 964 1705 986 est
1732 958 1846 993 pondus

337 1020 426 1046 aquae
450 1012 585 1047 lagenam·
600 1011 756 1046 implentis.
798 1010 912 1037 Directe
939 1009 1034 1043 itaque
1050 1008 1080 1036 in
1102 1008 1239 1036 bilancem
1264 1009 1321 1043 agit
1347 1009 1466 1044 lagena⁷
1485 1009 1638 1043 indirecte,
1659 1008 1849 1037 intervenien-

342 1067 368 1089 te
398 1062 516 1097 lagena,
546 1061 604 1097 agit
626 1069 711 1095 aqua.
753 1058 966 1088 Concludimus
1001 1059 1090 1095 igitur
1116 1065 1142 1086 et
1170 1059 1392 1093 contendimus,
1421 1059 1641 1094 experimentum
1673 1059 1849 1095 Boyieanum

340 1111 479 1147 probare,
502 1112 581 1146 quod
605 1112 666 1148 ejus
693 1119 746 1146 ope
766 1111 886 1146 probare
911 1110 966 1138 sibi
989 1116 1179 1145 proposuerat
1203 1109 1323 1138 eximius
1346 1109 1490 1145 Boyleus-;
1521 1109 1649 1145 illudque
1672 1110 1849 1146 praeclarum

339 1162 486 1197 exhibere,
509 1163 587 1198 quod
608 1169 663 1190 tam
687 1162 800 1198 egregie
825 1169 852 1190 et
888 1167 1018 1189 accurate
1042 1160 1205 1189 enunciavit
1232 1160 1294 1197 ipse
1316 1160 1458 1196 Boylcus,
1486 1159 1646 1196 artificium
1670 1159 1850 1190 aestumare&

338 1214 519 1249 gravitatem
548 1222 642 1251 aquae
665 1215 702 1241 ine
721 1222 818 1251 aqua,
839 1210 1013 1249 vulgizrium
1027 1212 1183 1240 bilancium
1209 1217 1237 1239 et
1255 1211 1413 1248 ponderum
1435 1211 1632 1240 adminiculo..

381 1313 438 1341 Hic
462 1315 574 1348 quidem
600 1313 788 1350 disputationi
814 1319 928 1341 nostrae
952 1314 1035 1342 finem
1060 1312 1253 1347 imponimus,
1283 1312 1312 1340 in
1338 1320 1393 1347 qua
1422 1313 1564 1348 quidquid
1586 1316 1619 1342 ad
1639 1315 1847 1352 Quaestionem

345 1373 360 1392 a
388 1364 581 1394 Nobilissima
611 1365 759 1394 Facultate
782 1364 983 1401 propositam,
1015 1363 1180 1391 solvendam
1205 1362 1412 1397 requireretur,
1435 1364 1566 1392 retulisse
1590 1365 1675 1393 nobis
1702 1366 1848 1395 videmur:

343 1421 438 1443 utrum
471 1422 562 1444 autem
589 1417 641 1445 rite
671 1423 697 1444 et
721 1423 755 1444 ex
780 1421 880 1451 optato
914 1414 1166 1449 satisfecerimus„
1189 1412 1277 1441 cidem
1307 1413 1448 1442 Facultati
1479 1413 1610 1442 lubenter
1639 1415 1862 1452 dijudicandum]

343 1466 553 1502 relinquimuse.

908 1592 1082 1624 Isi-fraudum
1104 1599 1143 1621 est
1162 1594 1193 1620 in
1213 1601 1312 1621 ret-:sm
1335 1600 1490 1630 nasaram,
1519 1601 1546 1623 cc
1562 1595 1697 1633 pertitas,
1725 1593 1799 1633 quid
1815 1601 1859 1624 ea*

952 1644 1096 1683 pustula,
1117 1643 1339 1682 pcrriflena'atn.

1458 1731 1691 1752 CICERO-1

1045 1935 1186 1961 i
