1913 2417
117 846 174 913 In
199 875 351 907 universo
385 874 462 906 orbe
495 873 759 919 disciplinarum,
794 872 914 916 quibus
938 872 1086 905 homines
1113 873 1281 906 evectioris
1317 875 1437 918 ingenii
1464 888 1592 920 operam

116 929 190 962 dare
215 931 376 971 videmus,
405 932 494 964 nulla
519 931 582 963 fere
607 939 654 963 est
681 937 769 962 tanto
798 937 829 961 et
865 937 929 960 tam
961 930 1114 961 universo
1148 930 1290 969 ambitu,
1321 943 1417 975 quam
1450 933 1596 965 doctrina

114 986 154 1018 de
176 987 271 1019 rebus
295 988 436 1028 divinis,
465 999 546 1032 quae
571 988 745 1031 Theologia
769 986 921 1030 appellari
951 982 1130 1018 consuevit.
1184 989 1248 1025 Ea,
1279 988 1305 1018 si
1330 988 1364 1019 in
1390 989 1428 1019 iis
1454 997 1595 1029 tantum,

117 1053 199 1085 quae
227 1045 374 1077 sensibus
401 1052 477 1077 sunt
506 1045 667 1081 obnoxia,
697 1050 899 1081 versaretur,
932 1041 1075 1083 profecto
1103 1043 1185 1074 fines
1216 1043 1346 1075 haberet
1370 1047 1592 1087 angustiores,

116 1098 158 1130 ad
188 1110 307 1144 eosque
322 1123 333 1139 ‚
366 1112 561 1144 quamquam
586 1101 756 1131 latissimos
779 1111 814 1131 ac
844 1099 1094 1138 remotissimos,
1118 1101 1285 1142 pervenire
1303 1111 1481 1143 possemus,
1530 1103 1592 1135 Sed

115 1162 164 1187 est
188 1155 286 1199 hujus
312 1159 461 1189 scientiae
485 1158 581 1201 longe
605 1156 667 1188 alia
687 1157 792 1193 ratio·‚
813 1166 1008 1198 quamquam
1046 1156 1134 1186 enim
1157 1158 1306 1195 materia,
1339 1169 1436 1200 qnam
1461 1165 1590 1199 tractat,

113 1218 146 1243 et
169 1212 203 1243 in
225 1224 290 1257 qua
316 1221 480 1246 versatur:
509 1216 612 1253 Deus,
644 1214 772 1244 animus
797 1211 979 1250 humanus,
1008 1213 1141 1254 ejusque
1167 1214 1382 1256 perpetuitas,
1406 1213 1491 1246 sacili
1517 1227 1591 1258 pro.v

114 1269 282 1300 nuntiatur
305 1271 455 1313 negotio,
481 1277 608 1302 tantum
633 1275 742 1301 tamen
765 1269 870 1308 abest,
892 1276 928 1299 ut
956 1268 1014 1299 hae
1049 1269 1200 1300 notiones
1235 1271 1364 1312 penitus
1391 1272 1515 1314 possint
1540 1273 1588 1304 in-

117 1324 240 1368 telligi,
268 1337 304 1358 ac
331 1325 425 1369 plane
451 1327 609 1370 perspici,
642 1332 679 1357 ut
708 1325 748 1356 ad
777 1336 828 1356 eas
858 1325 968 1356 animo
999 1325 1215 1357 admovendas
1239 1326 1330 1358 aliter
1352 1328 1415 1359 nisi
1441 1327 1504 1360 fide
1522 1340 1600 1372 per->

116 1381 220 1412 veniri
254 1388 402 1426 nequeat.
453 1385 540 1415 Num
562 1389 699 1426 possunt
721 1383 889 1426 perspicue
919 1380 1069 1413 definiri?
1113 1384 1230 1414 Nonne
1258 1394 1296 1414 ex
1325 1394 1436 1415 earum
1459 1385 1592 1417 medita-

113 1438 203 1470 tione
234 1439 399 1471 meditatio
440 1440 566 1471 oritur?
615 1441 732 1471 Nonne
767 1450 807 1470 ex
848 1438 1037 1470 notionibus
1073 1439 1222 1470 notiones
1259 1440 1443 1483 prodeunt?-
1488 1443 1591 1482 Quot,

119 1505 257 1536 quaeso,
280 1503 478 1539 quantasque
501 1497 694 1527 mutationes
724 1495 959 1537 'l'heologorum
990 1494 1110 1536 judicia
1140 1506 1174 1526 ac
1206 1503 1379 1538 systemata·
1406 1497 1574 1529 subierunt
1585 1522 1600 1538 ‚.

115 1558 146 1580 et
171 1562 210 1581 ex
243 1562 349 1582 rerum
378 1560 490 1582 natura
515 1552 624 1583 subire
651 1552 857 1583 debuerunt?
900 1551 965 1582 Ubi
997 1551 1073 1582 fidei
1114 1554 1269 1583 terminus
1287 1573 1299 1591 ‚
1332 1553 1592 1586 meditationum·

114 1617 179 1648 que
206 1606 345 1639 limites?
389 1607 453 1638 Ubi
485 1607 559 1639 finis
589 1615 635 1639 est
663 1619 800 1646 eorum,
827 1618 910 1650 quae
950 1607 1096 1638 sensibus
1124 1609 1369 1650 percipiuntur?
1415 1611 1478 1641 Ubi
1512 1618 1589 1642 tem-

114 1663 201 1704 poris
231 1665 434 1696 extremitas?
480 1667 603 1696 Omnes
636 1664 696 1696 hae
732 1665 881 1696 notiones
915 1674 1097 1705 numquam-
1127 1667 1256 1707 penitus
1283 1672 1360 1696 sunt
1389 1666 1565 1699 intellectae
1578 1691 1594 1707 ,f

112 1728 171 1749 nec
197 1730 341 1762 unquam
368 1721 461 1763 plane
491 1721 719 1764 intelligentur.
765 1723 809 1752 Ea
841 1721 938 1762 igitur
962 1721 1113 1756 scientia,
1147 1732 1229 1763 quae
1256 1722 1289 1751 in
1316 1722 1470 1764 reiigione
1494 1731 1525 1756 et
1554 1726 1589 1756 in

113 1773 224 1812 rebus,
257 1776 297 1807 ad
333 1787 400 1807 eam
427 1778 682 1820 pertinentium,
717 1783 879 1814 versatur,
912 1783 998 1819 patet
1022 1788 1118 1819 qnam
1151 1777 1322 1817 latissime,
1354 1788 1390 1808 ac
1420 1781 1595 1823 majorem‚.

114 1840 210 1872 quam
237 1832 300 1863 ulia
324 1833 403 1871 alia,
427 1833 522 1865 habet
548 1834 726 1871 ambitum,
751 1834 841 1876 qnasi
867 1840 972 1864 vastae
987 1840 1030 1876 Aet
1050 1834 1222 1865 immensae
1249 1836 1389 1877 regionis
1411 1837 1586 1878 provincia.

158 1885 222 1919 Ea.
248 1899 328 1929 quac
352 1889 431 1927 dixi,
457 1890 542 1920 haud
569 1892 656 1930 scio,
682 1901 721 1921 an
746 1890 840 1920 alicui
867 1897 1010 1921 vestrum
1030 1890 1197 1922 videantur
1220 1891 1373 1922 duriora?
1411 1894 1449 1923 Lt
1476 1900 1511 1924 ut
1530 1895 1595 1934 sit,.

120 1941 369 1986 theologicmmn
404 1947 608 1977 scientiarum
644 1947 816 1978 maximam
852 1956 920 1977 esse
952 1946 1196 1990 amplitudinem
1215 1972 1226 1990 ‚
1258 1959 1354 1980 nemo
1386 1948 1504 1981 infitias
1541 1952 1586 1982 ire

869 2004 901 2036 A
924 2003 943 2035 3
1532 2018 1595 2049 ΡΟ,
