1913 2417
273 165 338 199 CO
349 164 572 199 MMENTA
583 162 666 199 '1³10
697 173 754 196 AD·
776 164 1147 204 QUAESTlONEM
1163 165 1462 217 *JUR-tnleAM.
1572 174 1626 214 ξιξ

108 259 197 282 onere
219 250 322 282 liberas
350 250 541 285 servaverint,
573 257 605 278 eo
634 249 699 285 ipso
723 249 860 277 Absentis
885 248 970 278 bonis
994 250 1162 286 locupletati
1183 257 1356 285 censentur,
1391 259 1454 279 non
1478 257 1562 278 secus
1587 257 1619 279 ac

74 328 77 331 .
103 304 202 342 :pretio
224 312 238 331 e
258 302 423 332 venditione
443 302 555 330 redacto
576 301 676 337 (10).

142 342 222 381 Cum
247 361 314 381 vero
338 352 459 379 Absenti
485 351 610 379 sufficere
633 351 750 385 debeat,
773 349 857 379 modo
882 350 956 380 bona
980 352 1113 388 recipiat,
1136 352 1229 387 qualia
1252 361 1328 381 nune
1354 360 1383 380 se
1400 353 1521 387 habent,
1544 350 1616 387 quia'

101 405 190 442 plena
219 404 391 440 proprietas
409 408 472 430 ante
503 402 573 430 illud
600 408 737 437 tempus,
768 410 826 437 quo
854 395 945 439 ip'sius
977 405 1025 440 jus
1057 405 1230 439 reviviscit,
1260 404 1412 432 heredibus
1445 403 1617 439 competiit,

103 458 227 494 pretium
262 456 564 485 rerumv<·alienatarum
588 463 714 486 -eatenus
733 463 852 487 [tantum
879 456 968 493 repeti
1002 464 1088 492 posse
1112 456 1244 490 videtur,
1275 462 1419 491 quatenus
1450 463 1545 483 revera
1582 463 1617 482 eo

102 508 278 544 locupletati
301 514 378 537 sunt·
391 508 506 536 heredes
525 508 629 544 (11):
657 509 725 536 adeo
750 515 783 536 ut
806 518 865 538 non
889 509 1052 544 obligentur
1075 507 1216 541 Absenti,
1243 507 1267 535 si
1292 515 1385 534 earum
1408 507 1531 542 pretium
1557 513 1617 534 non

99 561 255 590 consecuti
275 560 351 595 sint,
378 566 428 588 aut
450 559 476 588 si
499 559 586 588 titulo
613 560 737 596 gratuito
760 568 806 589 eas
829 560 1035 595 alienaverint,
1063 559 1121 587 nisi
1143 558 1232 594 ipsam
1258 558 1440 586 donationem
1468 553 1614 585 desumse-

98 612 162 642 :rint
186 620 201 640 e
224 611 309 640 bonis
337 610 501 647 Absends,
533 617 641 640 ut-sua
667 617 888 647 conservarent,
917 611 1022 648 paritet
1048 618 1135 646 atque
1157 610 1187 638 in
1214 609 1280 638 dote
1304 609 1466 638 constituta
1488 615 1516 636 et
1538 609 1621 637 simi-

94 662 179 692 Jibus
201 662 323 701 (ιιι),Δ
362 691 364 693 ,
572 693 575 695 .

92 709 108 738 ἴ
137 712 261 749 Insuper
280 721 315 742 ex
337 714 435 742 eodem
456 712 622 750 principio,
645 720 703 748 quo
724 713 799 742 bona
822 720 933 742 tantum
961 713 1140 742 restitutioni
1165 712 1289 742 obnoxia
1315 718 1404 746 sunt,
1434 711 1528 746 qualia
1556 710 1612 739 hoe

93 765 399 800 ‘temporeexistunu
421 765 504 800 sequi
525 764 656 800 videtur,
678 765 702 793 si
727 765 850 801 pretium
874 773 966 793 rerum
987 764 1168 792 alienatamm
1195 763 1321 791 nondum
1349 764 1478 803 exterum
1502 761 1611 796 fuerit,

95 816 235 844 'heredem
257 815 375 851 defungi
402 815 548 844 actionum
572 816 722 850 cessione,
747 823 820 851 quas
846 821 946 844 contra
970 816 1131 843 detentores
1156 813 1305 842 instituere
1325 806 1442 848 posset,
1468 813 1518 839 hae
1539 813 1614 839 enim

93 867 131 899 -in
149 867 323 903 patrimonio
339 875 402 895 esse
418 873 593 902 censentur,
612 866 736 902 pretium
756 875 824 896 vero
838 867 862 895 ei
879 866 1007 895 nondum
1031 871 1214 894 accensetur:
1236 864 1363 898 adeoque
1384 863 1511 899 generale
1535 861 1608 889 iliud

92 918 307 958 principium,
320 918 397 954 qnod
413 917 481 954 Jure
494 917 645 954 Romano,
666 918 685 947 l.
703 926 750 954 51.
770 918 806 955 ff.
823 919 857 948 de
874 918 974 955 Pcrul.
992 924 1020 945 et
1035 918 1056 947 l.
1077 918 1124 946 16.
1150 918 1177 953 §.
1194 916 1248 945 ult.
1265 915 1302 952 ff.
1328 915 1362 944 de
1379 909 1486 943 Hered.
1505 912 1612 948 Pasa,

91 968 318 1004 ..confirmatur„
339 968 386 998 hic
417 977 536 1004 quoque
559 977 615 1002 usu
636 969 732 998 venire
761 971 894 1006 Videtur-3
923 976 956 997 ut
976 976 1040 997 tuto
1063 969 1111 996 hic
1141 968 1310 996 concludere
1338 967 1441 1000 liceat,
1472 962 1606 998 omnem,

91 1019 151 1055 qui
174 1019 317 1050 actionem
341 1019 465 1055 aliquam
486 1020 636 1048 instituere
658 1021 758 1048 debeat
777 1021 807 1049 in
830 1012 982 1049 utilitateni
1010 1020 1146 1054 alterius,
1176 1018 1296 1055 defiungi
1321 1018 1461 1046 actionem
1485 1017 1611 1046 cedendo

95 1070 149 1106 ei,
171 1071 212 1099 in
221 1072 315 1108 euius
324 1071 456 1100 favorem
478 1080 536 1100 earn
552 1073 727 1107 ceteioquin
748 1072 900 1101 instituere
919 1071 1078 1100 debuisset.

103 1136 105 1138 -
136 1121 220 1150 Licet
249 1121 337 1158 igitur
365 1122 445 1150 heres
474 1130 569 1158 usque
596 1123 631 1151 ad
662 1123 784 1155 reditum
811 1124 950 1152 Absentis
972 1130 1057 1151 verus
1082 1121 1217 1161 dominus
1244 1120 1420 1157 habeatur,
1430 1127 1456 1150 et
1481 1129 1542 1158 ejus
1561 1121 1610 1157 ju's

90 1173 214 1210 :publica
244 1173 416 1202 auctoritate
441 1173 603 1203 stabilitum
629 1174 687 1211 sit3
716 1182 783 1203 cum
814 1181 908 1203 tamen
932 1174 1060 1203 Absente
1085 1181 1197 1201 reverso
1222 1173 1283 1210 ejus
1307 1172 1468 1201 dominium
1499 1178 1610 1206 cesset,

93 1230 123 1253 et
143 1225 219 1253 hunc
243 1225 385 1253 bonorum
407 1233 604 1260 possessorem
629 1233 727 1253 verum
752 1225 901 1254 dominum
928 1233 987 1254 non
1009 1223 1157 1253 exstitisse
1181 1230 1331 1259 appareat,
1354 1232 1412 1253 non
1436 1223 1529 1251 solum
1556 1232 1608 1258 ea,

85 1284 183 1312 :quae
192 1282 328 1312 tempore
348 1275 497 1307 missionis
522 1283 687 1307 concessae
706 1276 735 1309 in
765 1276 849 1305 bonis
880 1276 1024 1311 fuerunt,
1050 1274 1165 1304 restitui
1190 1274 1357 1309 oportebit,
1386 1274 1411 1301 si
1441 1274 1533 1312 aihuc
1565 1273 1612 1302 ex'·

83 1317 236 1363 manunt,
267 1327 317 1355 sed
346 1332 374 1354 et
403 1327 519 1362 omnia,
553 1335 626 1362 quae
656 1326 749 1361 bonis
771 1327 963 1363 accesserint,
993 1327 1017 1355 si
1045 1326 1097 1354 hae
1118 1324 1297 1367 accessiones
1322 1331 1350 1353 et
1367 1318 1551 1360 incrementa
1569 1332 1612 1352 re-

85 1377 203 1407 deunte
215 1377 347 1407 Absente
363 1378 470 1409 adhuc
468 1378 534 1415 ejus
549 1377 722 1413 patrimonio
738 1378 829 1406 inesse
842 1384 1006 1412 censentur.
1050 1375 1192 1414 Quamtis
1209 1375 1283 1404 enim
1300 1365 1412 1420 fructus
1431 1374 1532 1403 luctati
1551 1373 1610 1419 sitit

83 1427 362 1464 -heredes‚se1iqua
385 1435 477 1458 tamen
499 1429 689 1465 incrementa,
712 1438 784 1465 quae
808 1429 915 1465 quovis
938 1429 1023 1456 modo
1041 1427 1117 1455 bona
1133 1425 1287 1461 auxerint,
1306 1434 1366 1456 non
1387 1425 1416 1454 in
1438 1434 1521 1461 perp
1516 1432 1608 1467 ιιιιιῐιι

83 1479 253 1516 pertinent
250 1480 292 1508 ad
312 1480 459 1516 dominum
482 1481 703 1516 temporarium,
725 1481 776 1516 qui
797 1481 849 1509 hac
871 1481 935 1517 iege
955 1479 1113 1508 dominium
1139 1484 1240 1506 nactus
1263 1484 1327 1511 est,
1350 1484 1381 1505 ut
1399 1485 1466 1505 vero
1487 1463 1606 1505 domino

96 1530 272 1566 quandoque
289 1530 419 1558 redeunti
433 1538 485 1559 sua
511 1533 663 1566 restituat;
686 1531 735 1559 sed
753 1538 809 1558 una
836 1538 901 1558 cum
924 1529 1116 1566 patrimonio,
1138 1529 1267 1557 resoluto
1282 1528 1346 1564 jure
1362 1523 1491 1563 ρἰἰοιίε,
1514 1517 1610 1556 ιιιιηέ-

86 1587 164 1609 eunt
194 1581 230 1610 ad
258 1589 356 1610 verum
386 1581 559 1616 dominum,
591 1589 646 1610 usu
667 1581 777 1617 jurium
799 1589 920 1610 suorum
948 1581 1004 1610 hue
1030 1588 1124 1616 usque
1146 1578 1350 1616 prohibitum·
1383 1571 1511 1614 adeoque
1537 1578 1609 1611 mihi

84 1632 207 1668 squidem
231 1641 290 1662 non
315 1634 405 1667 valde!
421 1634 514 1669 placet
535 1633 674 1665 sententia
697 1633 885 1669 ProudMnt,
912 1642 944 1669 p.
963 1640 1028 1661 201.
1051 1631 1081 1660 in
1106 1629 1132 1660 f
1161 1636 1188 1658 et
1214 1638 1283 1658 202.
1313 1622 1524 1665 existimantis,
1546 1630 1609 1658 the-

84 1690 207 1712 sautum
229 1684 260 1712 in
279 1683 373 1713 fundo
394 1684 533 1713 Absentis
556 1690 625 1720 post
651 1683 817 1716 missIOnem
842 1684 1023 1721 definitivam
1045 1688 1212 1719 repertum,
1234 1686 1327 1709 totum
1355 1681 1467 1718 acquiri
1490 1681 1607 1711 domino

88 1734 286 1771 temporario,
308 1735 375 1763 licet
395 1736 521 1772 ejusdem
549 1735 597 1772 jus
620 1735 686 1764 dein
711 1736 889 1765 resolvatur:
913 1743 1023 1773 verum¹
1037 1733 1138 1771 potIus
1164 1732 1336 1767 arbitrarer,
1358 1731 1513 1761 dimidium
1539 1739 1602 1773 tan.

85 1790 150 1814 wm
177 1786 274 1814 cedere
302 1786 397 1814 heredi
427 1785 457 1814 in
479 1786 694 1822 possessionem
726 1786 842 1823 misso,
871 1793 1007 1824 tanquam
1038 1783 1205 1818 inventori,
1233 1776 1376 1818 reliquam
1402 1791 1470 1812 vero
1494 1790 1606 1819 partem

85 1837 204 1874 (quum
228 1837 381 1866 thesaurus
399 1836 429 1866 in
445 1836 591 1867 fructibus
616 1846 675 1868 non
692 1845 899 1876 computetur,
921 1843 985 1868 art.
995 1837 1073 1875 598.
1085 1836 1101 1874 )
1120 1841 1281 1863 accrescere
1299 1834 1475 1870 patrimonio
1492 1835 1606 1864 Absen-

1444 1893 1445 1899 ¹
1543 1883 1604 1922 tis,

118 1951 185 1981 (ιο)
206 1951 273 1975 Add.-
287 1951 420 1980 numme,
435 1954 462 1975 nd
481 1958 522 1976 m.
533 1958 584 1979 132.
721 1953 791 1984 (ιι)
812 1953 866 1977 Vid.
885 1953 1052 1981 Delvincoure,
1064 1949 1088 1974 iu
1104 1954 1153 1976 not.
1173 1956 1198 1979 1³·
1215 1953 1265 1977 ³⁵⁵.
1282 1949 1360 1974 adnot.
1375 1953 1400 1975 4·

116 1992 186 2022 (ια)
206 1994 259 2017 vu.
279 1993 410 2022 Preudhan,
426 1994 442 2020 ι,
464 1995 480 2018 1.
498 2002 522 2024 p.
544 2000 594 2024 ης.
956 2012 959 2015 .
1025 2011 1027 2014 .
1049 2016 1052 2017 ⁷
1240 2014 1243 2019 ,
1438 2029 1440 2031 q
1570 1981 1584 2032 ὲ,

851 2033 875 2070 Ρ.
