1913 2417
98 869 344 945 Humanam
376 909 550 944 agnoscere
583 899 804 934 conditionem
832 902 867 933 in
900 900 1104 945 amplissimis
1137 903 1238 934 animi
1270 903 1384 946 bonis,
1423 906 1459 938 in
1487 916 1577 939 sum·

96 969 225 993 marum
256 968 364 991 rerum
395 956 692 1001 contemplatione,
722 966 770 991 est
804 970 872 990 non
900 959 1173 1002 jucundissimum
1204 961 1336 1004 quidem
1369 962 1469 1003 illud,
1498 964 1572 1004 sed,

94 1017 213 1062 opinor
228 1039 237 1056 ‚
276 1015 502 1059 gravissimum
542 1025 664 1047 munus
695 1015 929 1059 philosophiae.
991 1017 1255 1060 Quandoquiden
1288 1026 1402 1050 natura
1436 1021 1574 1051 circum-

93 1073 207 1116 ¹scripti
233 1073 384 1116 exiguam
418 1071 512 1104 nobis
543 1079 732 1116 potestatem
766 1083 874 1104 rerum
900 1082 1081 1103 concessam
1107 1084 1175 1105 esse
1199 1070 1355 1113 fatemur,
1388 1076 1506 1107 mentis
1531 1075 1576 1107 fa-

92 1129 246 1161 cultatem
278 1140 346 1160 non
379 1139 419 1160 ex
451 1129 571 1160 virium
604 1131 728 1162 ratione
762 1135 795 1161 et
828 1127 950 1167 modo,
993 1129 1048 1161 sed
1085 1141 1125 1162 ex
1158 1130 1286 1162 infinita
1316 1131 1454 1175 quadam
1486 1131 1579 1179 volu-

92 1192 180 1229 ptate
212 1184 276 1217 fere
310 1185 524 1218 aestimamus,
571 1188 639 1226 Ut,
663 1197 738 1218 cum
764 1186 927 1217 doctrinae
952 1186 1059 1218 studio
1087 1187 1293 1219 vehementer
1320 1188 1442 1220 incensi
1466 1189 1577 1221 omnia

91 1241 189 1276 nobis
228 1241 376 1274 videmur
421 1242 605 1285 conspicere
622 1266 631 1282 ,
672 1253 885 1286 quaecunque
922 1242 1021 1287 digna
1057 1254 1154 1288 opere
1196 1244 1335 1287 divmo,
1376 1245 1473 1289 digna
1511 1232 1576 1278 tam

91 1297 251 1345 praeclara
285 1297 494 1342 intelligentia
524 1298 742 1341 objiciantur,
774 1300 949 1344 aliquando
981 1311 1081 1344 paene
1111 1300 1330 1334 existimemus
1355 1302 1401 1334 sic
1428 1313 1496 1333 uno
1520 1302 1578 1334 ad·

89 1362 202 1400 spectu
243 1362 276 1387 et
315 1356 426 1386 omnia
465 1366 484 1386 a
519 1355 615 1388 nobis
659 1357 782 1400 percipi
822 1364 919 1401 atque
963 1357 1111 1400 intelligi.
1191 1360 1311 1390 Tamen
1345 1357 1550 1402 philosophia
1567 1382 1577 1399 ‚

91 1418 246 1455 tanquam
278 1411 385 1455 aliqua
415 1412 611 1444 conscientia
641 1414 730 1453 veri,
769 1415 889 1446 invitos
923 1425 983 1445 nos
1015 1414 1166 1446 admonet
1181 1438 1191 1453 ‚
1231 1417 1350 1447 mentis
1385 1415 1471 1447 bona
1505 1416 1575 1459 pari

90 1468 276 1501 necessitate
305 1479 373 1500 esse
405 1468 552 1500 adstricta
572 1493 582 1507 ,
626 1480 686 1501 nos
716 1471 750 1501 in
784 1472 823 1502 iis
847 1470 1061 1514 adipiscendis
1086 1483 1153 1503 non
1180 1472 1260 1515 quid
1287 1473 1348 1516 ipsi
1375 1473 1575 1515 concupieri-

91 1535 187 1562 mus,
222 1524 278 1556 sed
305 1524 385 1567 quid
410 1532 524 1556 natura
546 1527 703 1569 cujusque
729 1527 775 1558 rei
798 1528 955 1570 patiatur,
983 1529 1138 1571 consequi
1166 1539 1269 1571 posse.
1324 1529 1455 1570 Itaque,
1485 1527 1575 1571 quod

92 1582 130 1613 in
167 1580 289 1612 artibus
325 1590 454 1611 summo
491 1592 566 1612 cum
601 1583 701 1612 animi
727 1582 837 1614 dolore
864 1585 1002 1626 experiri
1029 1584 1191 1623 solemus,
1221 1591 1276 1622 ut,
1309 1591 1480 1628 postquam
1503 1595 1575 1627 spe.

89 1640 197 1669 cimen
229 1637 384 1668 eximium
417 1643 524 1668 mente
554 1648 739 1680 expressum
770 1638 810 1669 ad
838 1639 1031 1671 imitandum
1056 1640 1151 1672 nobis
1182 1642 1463 1685 proposuerimus,
1495 1652 1575 1674 con·

89 1692 281 1737 fugiendum
316 1695 358 1724 sit
393 1694 433 1724 ad
468 1695 680 1726 instrumenta
713 1696 813 1733 artis,
845 1695 885 1726 ad
925 1696 1084 1728 diutinam
1118 1699 1376 1729 exercitationem
1397 1721 1407 1738 ‚
1441 1698 1480 1729 ad
1513 1709 1574 1729 ser·

92 1751 173 1783 viles
205 1761 305 1793 prope
339 1750 485 1789 labores,
524 1762 606 1794 quae
639 1754 748 1784 omnia
783 1753 979 1796 restinguere
1010 1754 1161 1786 videntur
1190 1754 1342 1785 ardorum
1371 1756 1495 1792 animi,
1531 1754 1571 1786 ab

91 1808 227 1850 ipsoque
262 1807 338 1837 artis
380 1806 516 1850 pulchro
548 1808 614 1838 line
645 1819 712 1839 esse
742 1810 974 1850 remotissima,
1009 1821 1045 1842 ac
1069 1822 1109 1842 ne
1136 1818 1204 1842 tum
1236 1811 1366 1854 quidem
1397 1811 1573 1854 perfectum

94 1863 174 1894 illud
206 1870 300 1906 atque
331 1863 369 1893 ad
398 1867 514 1895 mentis
536 1864 698 1907 exemplar
723 1865 906 1897 absolutum
932 1879 1016 1911 opus
1042 1879 1270 1912 assequamur,
1302 1869 1385 1899 idem
1414 1869 1572 1899 rationem

93 1920 241 1951 omnium
278 1926 462 1951 nostrorum
494 1921 675 1952 studiorum
712 1923 953 1965 quodammodo
994 1925 1120 1956 videtur
1148 1925 1312 1956 declarare.
1386 1926 1473 1966 Quid
1506 1937 1574 1956 sae·

94 1977 169 2020 pius
201 1986 218 2008 a
251 1975 472 2021 philosophis,
504 1984 559 2010 aut
585 1978 760 2022 majoribus
786 1981 935 2014 laudibus
963 1982 1149 2022 extollitur,
1179 1993 1276 2026 quam
1306 1983 1436 2014 scientia
1462 1992 1570 2014 rerum

1517 2048 1575 2069 na-
