1913 2417
311 155 691 190 COMMENTATIO
719 164 765 187 AD
791 155 1158 198 QUAES'NONEM
1181 152 1464 210 JUPtIDICaM.
1609 168 1645 196 72

138 245 243 272 intacta
262 242 404 279 jacerent,
432 249 516 271 nemo
536 249 604 270 vero
627 250 722 271 eorum
747 239 1021 270 administrationem
1047 240 1229 276 susciperet?
1259 249 1343 269 nemo
1367 241 1452 270 facile
1474 241 1549 269 illutl
1570 241 1640 269 affiro

141 293 279 328 maverst,
301 301 364 321 cum
391 293 461 321 satls
493 300 636 328 superque
663 299 776 320 constet
799 293 871 321 lianc
903 294 1175 323 administrationem
1208 293 1349 322 bonorum
1379 300 1446 329 post
1476 294 1643 322 declaratam

135 345 302 374 Absentiam
326 352 384 372 non
405 344 474 372 adeo
494 344 681 372 constitutam
713 352 776 372 esse
798 352 813 372 a
840 345 1021 380 legislatore,
1053 352 1083 372 ut
1108 344 1171 372 aliis
1199 346 1389 373 emolumenta
1421 345 1642 373 concederentur

133 403 168 425 ex
193 394 333 424 Absentis
366 395 558 430 patrimonio,
587 403 672 429 quam
705 401 737 422 ut
770 396 892 424 Absenti
925 396 1099 431 quandoque
1127 395 1256 423 redeunti
1292 395 1381 431 magis
1414 401 1528 423 cautum
1556 394 1643 424 forcti

132 448 210 477 Hinc
236 447 345 483 igitur,
378 454 442 474 cum
473 446 614 475 bonorum
644 445 860 481 possessionem
889 453 916 474 et
938 446 1212 474 administrationem
1241 447 1277 474 iis
1308 454 1425 481 quoque
1447 446 1644 482 concesserit,

133 506 257 533 quorum
282 496 395 525 maximi
421 497 569 524 interesset
594 495 671 524 bona
692 502 764 524 sarta
788 504 862 526 tecta
882 488 1008 533 ser'vari3
1038 498 1164 532 adeoque
1196 497 1251 525 hoc
1277 506 1368 533 scopo
1396 505 1456 526 non
1481 499 1575 526 solum
1597 500 1647 527 he-

133 547 251 578 redibus
274 548 308 576 ab
331 550 467 576 intestato
497 547 638 575 bonorum
668 549 881 583 possessionem
912 549 1091 584 permiserit3
1120 548 1169 576 sed
1196 555 1223 577 et
1246 549 1409 585 legatariis,
1441 549 1645 585 similibusque

133 600 299 629 facultatem
321 598 446 632 dederit,
468 606 499 626 ea
520 606 592 633 quae
614 604 784 628 testamento
807 600 864 628 sibi
885 599 986 634 relicta.
1010 599 1068 627 sint
1088 599 1222 635 petendi3
1251 607 1311 627 non
1334 606 1400 634 est,
1430 601 1508 636 quod
1532 610 1547 629 a
1574 601 1646 637 legis

133 657 275 680 sententia
295 649 366 678 satis
387 648 543 676 manifesta
568 649 772 685 deflectamus,
803 657 837 679 ut
861 650 937 679 salva
959 650 1018 678 sint
1041 650 1103 686 ejus
1127 650 1230 678 verba:
1259 650 1318 678 imo
1344 651 1444 686 potius
1468 658 1646 688 statuamus,

132 701 322 738 legislatorem
346 700 511 736 regulariter
534 699 637 735 utique
657 701 801 737 legatariis
831 701 960 737 potiores
991 700 1127 729 habuisse
1158 701 1271 729 heredes
1303 701 1337 729 ab
1362 701 1517 737 intestato,
1549 710 1598 738 ut,
1622 704 1648 731 si

135 752 166 780 hi
189 753 338 786 adessent,
359 751 469 778 etiamsi
491 751 623 786 plurimis
645 751 827 788 cognationis
850 751 985 788 gradibus
1007 750 1042 778 ab
1059 751 1187 778 Absente
1214 751 1369 786 distarent,
1398 753 1453 780 soli
1481 754 1646 782 declaratio-

131 808 195 831 nem
219 801 379 830 'Absentiae
403 807 430 828 et
460 801 676 836 possessionem
709 803 837 831 omnium
861 802 1004 830 bonorum
1029 801 1189 830 obtinerent
1214 792 1310 837 (illud
1333 802 1487 837 nimirum,
1511 804 1642 833 nondum

131 854 253 889 cognito
280 857 471 886 testament0‚
498 852 603 881 rationi
631 852 852 882 convenientius
880 853 976 881 visum
1002 861 1086 888 esse,
1113 861 1178 880 cum
1208 853 1265 881 soli
1297 853 1411 881 heredes
1441 849 1476 881 ab
1506 855 1644 884 intestato

131 903 271 934 Absentis
289 911 439 939 personam
466 902 518 931 rite
533 911 626 939 gerere
640 905 804 941 possent);
826 910 873 939 et,
898 912 964 932 cum
987 903 1017 931 in
1033 904 1286 933 remunerationem
1302 905 1559 935 administrationis
1584 915 1645 935 cer-

129 962 185 983 tam
212 955 356 983 fructuum
383 960 488 990 partem
513 955 738 990 possessoribus
757 955 960 991 promisisset,
986 961 1018 982 ut
1045 954 1080 983 ad
1105 956 1318 991 possessionem
1348 956 1522 986 fiduciariam
1546 966 1646 994 peten-

131 1006 193 1034 dam
221 1005 335 1033 heredes
370 1006 515 1040 alliceret3
543 1006 615 1034 satis
638 1006 778 1035 omnibus
800 1011 985 1042 prospectum
1017 1012 1155 1042 putasse„
1184 1013 1211 1034 et
1245 1008 1388 1043 cogitasse
1416 1008 1450 1036 de
1482 1016 1534 1043 eo,
1565 1008 1646 1044 quod

129 1057 299 1092 plerumque
325 1056 473 1085 accideret.
514 1057 554 1085 At
576 1057 603 1085 si
627 1056 701 1086 forte
722 1057 751 1085 in
772 1057 870 1092 odium
895 1056 1094 1097 legatariorum
1120 1057 1192 1085 lianc
1209 1058 1424 1092 possessionem
1446 1065 1540 1094 petere
1565 1068 1650 1088 recu·

131 1113 246 1141 sarent,
275 1108 394 1136 nonita
413 1107 508 1135 verbis
538 1113 601 1135 art.
625 1115 690 1143 123.
721 1107 923 1135 inhaerendum
948 1115 1029 1142 esse,
1059 1114 1093 1135 ut
1120 1108 1266 1143 legatarii,
1289 1107 1454 1145 similesque
1482 1108 1647 1140 testamenti

131 1157 342 1194 inspectionem
367 1165 515 1193 nunquam
535 1165 632 1194 urgere
655 1157 788 1193 possint-2
813 1157 949 1193 quoniam
972 1157 1015 1186 sic
1036 1158 1094 1193 ipsi
1116 1158 1288 1195 legislatoris
1312 1160 1466 1195 proposito
1489 1169 1547 1189 non
1564 1163 1650 1191 satis-

129 1209 231 1244 fieret,
255 1209 305 1244 qui
322 1209 394 1238 hanc
413 1208 578 1237 missionem
596 1208 625 1238 in
646 1208 857 1245 possessionem
880 1214 907 1237 et
924 1209 988 1245 jura
1016 1208 1081 1237 inde
1101 1209 1243 1245 legatariis
1272 1211 1465 1246 competentia
1487 1220 1547 1240 non
1575 1213 1647 1241 adeo

125 1258 289 1288 introduxit
317 1259 347 1288 in
372 1261 487 1296 gratiam
516 1260 646 1296 ipsorum
681 1260 813 1288 heredum
831 1280 841 1295 ,
872 1260 920 1287 sed
946 1260 977 1287 in
1002 1259 1102 1295 primis
1127 1260 1157 1288 in
1185 1261 1305 1296 gratiam
1328 1260 1486 1297 Absentis,
1511 1271 1546 1291 ne
1570 1263 1647 1293 bona

128 1311 191 1349 ejus
224 1317 364 1347 perpetuo
385 1310 534 1339 hominum
558 1311 731 1339 commercio
760 1316 870 1339 exemta
893 1311 1164 1346 pessumdarentur,
1194 1319 1258 1339 cum
1277 1311 1394 1348 insuper
1418 1309 1491 1341 nihil
1514 1313 1644 1350 iniquius

125 1360 226 1397 foret,
265 1369 350 1397 quam
377 1362 542 1399 legatarios·
559 1362 646 1399 culpa
679 1362 812 1390 heredum
837 1360 945 1398 privari
975 1361 1106 1399 legitima*
1135 1362 1350 1397 exspectatione
1382 1363 1544 1401 bonorum,
1574 1374 1647 1401 quae

125 1412 191 1449 ‘ipse
214 1413 359 1450 legislator
373 1414 416 1443 -iis
432 1421 623 1445 concesserat.

165 1464 242 1492 Cum
264 1472 357 1493 antem
383 1472 487 1501 sponte
509 1474 622 1503 pateat,
649 1467 764 1496 heredes
787 1467 822 1496 ab
848 1466 986 1498 intestato
1012 1476 1027 1495 a
1044 1462 1192 1504 ‘legatariis
1217 1467 1282 1504 cogi
1301 1476 1360 1497 non
1391 1476 1496 1504 posse,
1525 1474 1558 1497 ut
1583 1465 1645 1497 Ab·

121 1515 235 1543 sentiae
268 1516 485 1545 declarationem
512 1524 540 1546 et
569 1519 786 1554 possessionem
819 1518 996 1546 fiduciariam
1023 1525 1146 1554 petant,
1176 1518 1318 1554 optimum
1348 1519 1483 1555 videtur,
1512 1527 1646 1555 utrextra

119 1565 253 1594 ·ordinem
278 1566 312 1594 iis
337 1567 501 1596 facultatem
528 1569 668 1597 concedas
692 1569 817 1606 J‘udicem
848 1569 991 1604 adeundi,
1019 1575 1046 1596 et
1072 1569 1288 1597 declarationem
1320 1569 1477 1599 Absentiae
1507 1558 1642 1608 petendi}

130 1623 184 1652 ut,
208 1617 273 1645 utili
299 1618 350 1647 hac
374 1619 513 1655 petitione
536 1628 694 1656 concessa,
717 1622 805 1658 iudex
830 1621 858 1649 in
881 1620 1019 1649 Absentis
1036 1619 1230 1649 conditionem
1258 1621 1403 1656 Inquirat‚
1424 1628 1451 1649 et
1475 1616 1644 1651 Absentiam

123 1668 318 1703 pronuntiet:
348 1669 460 1699 sivero
486 1671 568 1699 etiam
600 1672 740 1701 declarata
763 1672 903 1700 Absentia
930 1672 1044 1699 heredes
1072 1672 1191 1708 legitimi
1223 1672 1442 1708 possessionem
1466 1673 1642 1703 fiduciariam

127 1725 222 1754 petere
249 1728 400 1756 recusent,
430 1724 593 1758 petentibus
621 1724 720 1753 iisdem
747 1724 891 1760 legatariis
921 1729 1120 1751 testamentum
1150 1722 1339 1758 aperiundum
1370 1731 1434 1753 esse
1455 1731 1583 1761 statuas,
1616 1732 1645 1754 et

124 1769 233 1807 jurium
259 1779 342 1800 usum
377 1765 554 1803 fiduciarium
585 1775 722 1804 omnibus
740 1775 977 1809 concedendum,
1007 1773 1114 1809 quibus
1148 1780 1265 1802 mortuo
1294 1774 1423 1804 Absente
1446 1777 1539 1806 eadem
1564 1786 1645 1807 com-

129 1821 299 1858 petiissent3
328 1823 410 1852 conf.
443 1825 682 1862 Delvincurtius‚
711 1826 732 1856 l.
755 1827 776 1856 l.
807 1835 838 1863 p.
866 1835 938 1864 344,
961 1833 1028 1860 sq„
1054 1830 1081 1852 et
1105 1824 1314 1860 Proudlmnus‚
1344 1827 1365 1854 l.
1390 1818 1412 1854 l·
1442 1836 1472 1863 P·
1500 1828 1573 1864 163,
1595 1837 1642 1865 sq.

130 1871 267 1900 Attamen
292 1875 358 1903 huic
384 1882 442 1904 non
474 1877 688 1906 adsentiendum
712 1884 868 1913 putamus,
896 1884 1007 1913 semper
1030 1876 1192 1912 legatariis,
1223 1876 1282 1905 imo
1306 1878 1440 1914 legatario
1466 1876 1643 1916 universali,

125 1923 154 1952 si
179 1924 319 1961 ejusmodi
341 1926 456 1957 heredes
477 1929 593 1965 adsint,
615 1929 723 1966 quibus
746 1928 864 1959 debetur
888 1927 986 1965 portio
1017 1926 1163 1965 legitima,
1193 1930 1415 1965 exspectandum
1440 1939 1524 1968 esse,
1553 1933 1642 1961 donec

920 1977 948 2007 K
1584 1983 1647 2017 hisq
