1913 2417
237 171 523 202 RESPONSIO
553 178 603 201 AD
633 169 1003 209 QUAESTIONEM
1032 166 1470 198 HYDROSTATICAM.
1572 171 1605 200 13

95 257 206 287 ratione
229 257 379 286 columnae
402 254 518 292 majoris
543 254 646 288 fluidi,
677 262 732 289 qua
756 260 943 289 premuntur,
975 261 1058 289 quam
1082 253 1229 280 columnae
1256 250 1392 284 minoris}
1423 249 1490 276 adeo
1520 252 1550 274 ut
1572 246 1606 274 ad

95 316 222 337 summas
242 307 453 343 profunditates
480 305 529 333 illa
559 304 715 334 differentia
745 305 854 334 ratione
879 305 970 334 totius
1000 304 1159 341 pressionis
1192 302 1309 332 minima
1340 300 1471 335 evadat,
1500 303 1528 326 et
1557 296 1606 326 vix

90 359 258 389 sensibilem
280 359 404 395 aliquem
425 357 489 386 edat
507 356 653 386 effectum.

789 435 817 471 §-
860 443 885 471 3·

219 527 374 565 ,Quaenam
395 532 437 555 est
454 527 565 565 pressio
587 533 682 564 aquae
702 524 734 553 in
751 525 880 565 ρανξεῑες
899 524 1027 552 internos
1051 525 1145 558 vasis,
1168 527 1268 560 aperto
1286 519 1444 558 foramine
1458 519 1474 547 3²

127 617 303 646 Accedamus
324 617 382 653 J'am
405 617 441 645 ad
464 616 663 645 examinandas
688 615 852 652 pressiones
878 622 967 650 aquae
988 613 1016 642 in
1041 613 1162 649 parietes
1189 612 1318 640 internos
1343 616 1371 640 et
1396 615 1528 638 externos
1553 614 1604 635 va-

90 669 149 705 sis,
171 668 311 697 foramine
328 676 446 704 aperto:
469 675 497 696 et
523 668 635 703 quidem
662 667 718 695 hoc
744 666 922 703 paragrapho
949 665 1094 693 videamus
1120 663 1243 700 primum
1260 664 1294 691 de
1315 661 1463 698 pressione
1483 659 1605 687 interna.

126 720 202 749 Cum
233 719 373 755 principia
401 727 489 755 supra
511 718 608 754 posita
639 724 667 746 et
694 718 886 746 demonstrata
913 716 1056 744 sufficiant
1079 716 1113 743 ad
1139 713 1379 746 demonstranda,
1412 714 1608 746 quaecunque

88 771 180 799 adhuc
206 770 426 799 demonstranda
459 776 637 805 supersunt,
666 777 726 798 non
763 768 863 796 multis
892 775 967 803 opus
1004 768 1056 794 erit
1088 766 1205 800 verbis,
1235 764 1394 798 brevesque
1429 768 1492 789 esse
1524 765 1607 795 pote‹

87 822 186 851 rimus.

124 872 258 901 Dicimus
283 877 375 901 autem
401 872 579 908 pressionem
604 878 694 907 aquae
721 869 751 898 in
782 869 902 906 parIetes
932 868 1062 897 internos
1087 867 1164 896 vasis
1194 871 1293 902 aperto
1317 862 1457 893 foramine
1483 866 1606 897 prorsus

87 932 151 952 esse
171 925 315 959 aequalem
337 922 482 959 pressioni
507 930 596 958 aquae
626 922 654 950 in
681 921 801 957 parietes
823 927 975 954 externos,
1004 920 1106 948 clauso
1133 918 1292 952 foramine,
1319 923 1404 952 quain
1431 910 1608 942 e,.aminavi-

87 983 151 1003 mus
175 975 305 1010 proxime
325 973 503 1009 praecedenti
523 975 551 1010 §.
568 972 631 1007 20„
657 980 684 1000 et
707 972 864 1007 probamus
888 970 1019 1006 sequenti
1043 970 1142 998 morlo.

122 1024 273 1065 Foramine
301 1033 319 1053 z
348 1031 470 1061 aperto,
498 1023 559 1052 lieri
590 1032 649 1052 non
678 1029 802 1058 potest,
831 1023 901 1057 quin
932 1030 964 1049 ex
995 1021 1145 1057 pressione
1176 1018 1285 1048 laterali
1316 1025 1416 1046 omnes
1447 1013 1604 1051 particulae

89 1084 178 1111 aquae
205 1072 319 1112 positae
335 1075 364 1103 in
391 1075 491 1112 eadem*
509 1075 583 1102 linea
603 1073 778 1102 horizontali
796 1081 827 1101 ac
854 1073 948 1109 ipsum
974 1071 1120 1106 foramen,
1151 1069 1332 1105 experiantur
1355 1066 1531 1104 pressionem
1560 1072 1606 1092 or·

88 1133 143 1155 tam
169 1135 184 1155 a
206 1126 357 1163 pressione
390 1125 617 1161 perpendiculari
649 1125 799 1152 columnae
826 1124 874 1153 εἴ.
929 1123 1069 1151 Particula
1101 1121 1176 1149 enim
1205 1121 1288 1157 juxta
1327 1119 1423 1155 ipsum
1462 1115 1607 1145 orificium

87 1178 202 1214 posita,
222 1178 364 1214 premitur
384 1183 444 1205 tota
466 1177 600 1204 columna
631 1184 688 1210 ar,
730 1175 802 1202 hanc
829 1174 1007 1210 pressionem
1033 1169 1226 1202 communicat
1260 1179 1324 1199 cum
1354 1169 1503 1206 particulis
1529 1166 1606 1195 hori·

77 1229 238 1257 'sontaliter
261 1228 316 1264 ipsi
341 1227 537 1265 adjacentibus
569 1227 598 1255 in
632 1226 699 1261 ipso
731 1225 815 1260 vasi,
845 1233 919 1260 quae
942 1225 1046 1253 iterum
1070 1223 1143 1252 hanc
1169 1222 1347 1258 pressionem
1372 1219 1543 1255 acquisitam
1573 1216 1605 1245 in

87 1287 186 1307 omnes
212 1279 424 1308 circumdantes
442 1278 598 1314 particulas
620 1283 767 1306 exserunt.
819 1275 894 1304 Btne
910 1283 1002 1304 tamen
1022 1275 1200 1308 notandum,
1228 1273 1383 1309 particulas
1405 1277 1494 1305 aquae
1519 1268 1605 1296 inter-

87 1337 140 1358 nas
176 1338 235 1360 non
266 1330 412 1365 acquirere
437 1334 621 1365 augmentum
654 1326 831 1363 pressionis,
864 1326 1022 1362 productae
1045 1335 1060 1353 a
1080 1325 1214 1354 columna
1244 1334 1293 1353 zr.
1335 1323 1405 1352 Non
1435 1329 1520 1356 sane-3.
1558 1327 1606 1347 ac-

88 1381 211 1416 quirunt
240 1388 351 1410 tantum
382 1386 564 1417 augmentum
595 1378 754 1415 pressIOnis
787 1378 940 1406 columnae
965 1383 1008 1406 tr.
1050 1377 1164 1405 Etenim
1198 1377 1330 1404 columna
1359 1380 1390 1402 tz
1419 1372 1538 1401 interior
1562 1376 1606 1398 est

89 1431 218 1467 ejusdem
239 1432 400 1460 altitudinis
428 1440 459 1460 ac
475 1432 610 1460 columna
633 1436 664 1458 tz
694 1429 828 1459 exterior.
870 1429 968 1464 Hinc,
990 1428 1127 1463 quoniam
1145 1427 1247 1456 ceteris
1273 1425 1410 1462 paribus,
1433 1424 1519 1452 fluida
1543 1428 1607 1458 pre-

88 1487 173 1510 munt
198 1481 227 1509 in
251 1480 360 1509 ratione
380 1479 586 1514 altitudinum,
615 1481 818 1508 altitudinibus
842 1479 1031 1515 aequalibus,
1059 1479 1142 1507 etiam
1162 1477 1326 1515 pressiones
1349 1475 1483 1511 aequales
1507 1479 1605 1503 erunt.

88 1531 180 1569 Igitur
207 1532 365 1559 sitantum
388 1530 522 1559 columna
552 1536 586 1557 tz
617 1535 731 1557 externe
761 1537 848 1565 supra
879 1529 1010 1558 foramen
1039 1530 1170 1564 adesset,
1198 1529 1311 1557 nullum
1345 1525 1504 1564 pressionis
1536 1532 1606 1561 aug·

90 1590 216 1612 mentum
239 1588 404 1618 paterentur
425 1581 581 1617 particulae
602 1588 693 1616 aquae
720 1580 892 1615 exterioris,
922 1581 1046 1617 ejusdem
1081 1587 1167 1616 atque
1195 1580 1344 1608 columnae
1366 1583 1397 1606 tz
1417 1576 1602 1610 altitudinis,

87 1643 182 1670 neque
205 1633 258 1662 alia
278 1633 335 1661 nisi
354 1641 404 1660 sua
426 1631 542 1667 propria
567 1631 718 1668 pressione
737 1631 767 1659 in
787 1630 943 1667 particulas
961 1630 1111 1659 inferiores
1128 1636 1264 1667 agerent;
1287 1630 1308 1658 i.
1326 1637 1348 1658 e.
1370 1628 1482 1657 nullum
1509 1626 1602 1655 omni-

87 1694 127 1714 no
153 1685 312 1721 pressionis
336 1684 542 1712 incrementum
567 1683 597 1711 in
620 1688 684 1711 toto
713 1689 781 1711 vase
810 1682 909 1710 locum
938 1681 1067 1710 haberet.
1113 1682 1154 1709 At
1176 1688 1242 1708 vero
1264 1681 1412 1706 columnae
1433 1683 1464 1707 tz
1491 1676 1606 1706 incum-

87 1738 131 1767 bit
160 1736 243 1765 etiam
265 1736 411 1778 'columna
436 1740 486 1769 tr,
515 1742 588 1770 quae
610 1739 654 1762 est
682 1732 810 1769 aequatis
840 1732 985 1761 altitudini
1016 1739 1106 1768 aquae
1137 1729 1285 1759 exterioris
1309 1737 1396 1764 supra
1420 1728 1600 1764 operculum.

89 1790 167 1820 Haec
182 1797 197 1817 a
213 1787 292 1816 nulla
314 1787 448 1815 columna
465 1786 588 1822 ejusdem
607 1783 769 1813 altitudinis
792 1784 821 1812 in
839 1791 905 1813 vase
923 1783 952 1812 in
969 1781 1141 1819 aequilibrio
1161 1787 1293 1815 tenetur,
1315 1779 1380 1807 hinc
1398 1779 1511 1809 actione
1526 1788 1603 1816 sua,

91 1841 200 1869 ratione
227 1837 389 1867 altitudinis
417 1838 495 1873 agit,
524 1836 758 1872 pressionemque
789 1835 819 1864 in
845 1842 897 1864 vas
927 1840 1022 1871 auget.
1064 1833 1133 1862 Inde
1163 1838 1258 1860 autem
1280 1837 1380 1867 patet,
1412 1839 1511 1860 omnes
1533 1839 1603 1867 par·

93 1891 194 1920 ticulas
215 1897 304 1925 aquae
326 1889 355 1917 in
381 1896 447 1917 vase
477 1893 648 1923 contentas,
677 1893 704 1916 et
733 1886 808 1916 infra
841 1885 970 1915 foramen
995 1884 1085 1919 sitas,
1114 1890 1280 1920 experturas
1308 1890 1370 1911 esse
1400 1882 1596 1919 pressionem,

94 1950 179 1978 quam
198 1939 414 1977 experiebantur
437 1945 500 1968 ante
521 1945 650 1975 apertum
677 1937 804 1969 foramen
829 1946 884 1966 una
910 1944 975 1965 cum
999 1935 1148 1972 pressione
1175 1935 1316 1971 producta
1339 1942 1355 1962 a
1378 1933 1514 1963 columna
1535 1941 1604 1969 per·-

94 1992 268 2029 pendiculari
288 1997 328 2023 tr.

870 2038 894 2068 B
917 2046 933 2076 3
1524 2033 1606 2064 Hinc
