1913 2417
273 167 312 198 16
634 170 783 209 JANI
843 179 951 202 νΛΝ
1006 181 1111 204 ΒΕΓ»
1171 172 1437 206 HOEVEN

989 268 1017 305 §-
1058 277 1086 305 4-

745 343 794 373 De
806 344 962 381 functione
973 344 1117 381 foliorum
1131 347 1319 385 plantarum.

324 432 398 461 Cum
432 434 463 461 in
494 434 581 462 haece
604 436 631 472 §.
658 433 781 469 denique
809 435 844 462 de
870 433 1021 464 functione
1053 435 1190 465 foliorum
1224 437 1328 465 dicturi
1359 437 1471 473 simus,
1504 443 1654 474 antequam
1678 438 1713 467 ad
1737 446 1794 468 rem

285 481 375 518 ipsam
401 483 567 517 veniamus,
597 491 628 513 ut
654 485 744 514 lector
771 485 842 514 bene
875 486 1029 522 perspiciat
1065 496 1120 516 nos
1141 489 1192 517 ‘hic
1221 489 1320 517 multis
1354 489 1511 525 iisdemque
1541 490 1674 526 gravibus
1706 489 1800 526 premi

284 533 524 570 difficultatibus,
551 543 693 572 rogamus.
734 536 803 565 Non
827 537 941 572 quidem
973 538 1063 566 nescii
1093 547 1195 567 sumus
1223 539 1363 568 'indefessi
1398 540 1519 569 Bennett·
1543 549 1611 569 cura
1634 541 1687 569 hac
1710 541 1744 568 de
1766 547 1796 568 re

288 584 370 619 plura
394 585 577 622 innotuisseg,
606 593 728 616 attamen
757 588 846 616 multa
870 588 962 629 adhuc
986 596 1143 624 supersunt
1163 590 1270 626 dubia,
1301 590 1358 620 imo
1381 591 1499 627 ignota,
1529 599 1601 627 quae
1636 591 1666 619 in
1696 591 1791 620 lucem

285 634 346 663 dies
377 636 504 665 extrahat
526 644 554 665 et
584 639 700 667 serioris
726 639 787 668 aevi
815 638 972 675 diligentia.
1023 640 1116 677 Quam
1149 650 1213 671 vera
1238 641 1310 669 enim
1344 641 1392 670 illa
1417 642 1557 670 sententia
1586 647 1631 670 est
1652 641 1794 676 Senecae,

292 688 398 716 summi
418 688 610 725 Philosophi,
639 699 702 719 sese
720 697 835 728 putare,
865 692 972 721 multos
996 692 1129 728 potuisse
1155 693 1190 721 ad
1221 693 1387 728 sapientiam
1419 693 1584 728 pervenire,
1613 691 1669 720 nisi
1699 697 1799 727 putas·

289 744 354 766 sent
380 747 410 766 se
433 740 611 775 pervenisse!
655 741 702 770 Sic
728 742 810 771 etiam
835 741 924 771 citius
948 743 983 771 ad
1004 742 1163 780 integram,
1184 744 1230 772 vel
1255 745 1354 771 saltem
1380 743 1556 779 pleniorem,
1585 749 1676 770 rerum
1696 741 1797 777 cogni-

285 788 477 819 tionem-nos
502 791 636 827 potuisse
659 793 808 828 pervenire
832 799 925 829 puto,
947 793 1024 830 nisi,
1046 794 1152 823 incerta
1173 803 1227 830 pro
1252 795 1337 822 certis
1363 793 1518 829 habentes,
1540 801 1594 822 nos
1617 793 1675 830 J'am
1697 799 1800 828 perve-

285 839 366 869 nisse
390 848 583 876 putassemus.
624 843 715 880 Igitur
739 843 785 871 hic
809 852 892 879 quam
915 846 1038 874 ‘maxime
1063 845 1237 881 requiritur,
1259 853 1294 873 ne
1317 844 1473 873 desiderata
1489 850 1516 872 et
1539 843 1624 872 dubia
1642 851 1695 881 pro
1717 843 1797 871 notis

291 891 435 928 certisque
462 893 629 922 habeamus.
670 894 820 930 Exponam
851 895 973 924 breviter
1005 902 1083 925 certa
1108 896 1155 924 illa
1176 901 1206 925 et
1227 902 1312 932 nota;
1342 895 1437 924 minus
1472 901 1541 924 nota
1573 900 1600 922 et
1633 893 1791 922 desiderata

292 943 421 972 ulteriori
444 944 632 980 diligentique
653 944 840 981 physicorum
864 946 984 975 examini
1005 947 1131 976 tradens.

328 993 441 1021 Plantas
465 995 589 1022 radicum
614 1003 667 1030 ope
698 996 735 1023 ali
760 997 884 1031 quisque
913 997 979 1026 scit.
1021 997 1212 1026 Advehuntnr
1240 999 1319 1024 succ—3
1349 998 1506 1025 nutrientes
1538 997 1570 1022 ad
1595 995 1677 1024 folia.
1717 995 1798 1022 Patet

287 1042 344 1071 hoc
366 1052 381 1071 e
404 1052 494 1072 succo
520 1045 667 1080 coleram,
689 1053 749 1080 quo
774 1045 919 1074 radicibus
946 1034 1063 1080 tinctis,
1084 1044 1166 1073 etiam
1193 1044 1346 1080 tinguntur
1372 1044 1454 1073 folia.
1495 1044 1619 1079 Valent,
1647 1049 1680 1072 ut
1697 1044 1798 1073 docuit

288 1093 319 1122 in
347 1094 446 1122 statica
472 1094 679 1130 vegetabilium
713 1095 858 1125 Celeberr.
895 1095 1030 1124 Halesius
1048 1116 1058 1131 ‚
1091 1095 1198 1131 insigni
1236 1095 1432 1124 absorbtionis
1463 1095 1493 1123 vi
1517 1095 1678 1130 plantarum
1710 1094 1793 1123 folia.

288 1145 433 1173 Humores
457 1153 472 1172 e
492 1150 564 1173 terra
589 1146 699 1174 advecti
724 1147 752 1175 in
782 1146 863 1175 foliis
894 1147 981 1175 variis
1011 1146 1103 1175 modis
1135 1147 1335 1182 elaborantur3
1366 1146 1396 1175 in
1427 1145 1509 1174 hisce
1536 1145 1610 1174 enim
1637 1146 1741 1175 adsunt
1764 1150 1799 1174 ut

291 1197 419 1234 gummi,
442 1204 578 1224 venenum
600 1202 656 1225 etc.
701 1197 783 1226 Hanc
809 1197 1028 1226 elaborationem
1052 1197 1081 1226 in
1106 1196 1186 1226 foliis
1208 1198 1320 1226 demum
1347 1197 1428 1233 fieri,
1456 1203 1534 1232 patet
1559 1202 1676 1233 gustato
1702 1204 1792 1225 succo

293 1256 308 1275 e
333 1256 431 1276 cormo
457 1255 484 1275 et
507 1255 522 1275 e
547 1246 630 1276 folio.
673 1247 784 1276 Primus
807 1254 936 1284 aquosus
957 1255 999 1277 est
1026 1256 1216 1284 saporemque
1244 1248 1293 1277 vix
1317 1247 1419 1283 refert3
1441 1248 1508 1276 dum
1533 1254 1633 1276 contra
1657 1255 1762 1276 succus
1784 1253 1800 1276 e

292 1300 365 1328 folio
396 1300 583 1333 depromptus
616 1297 655 1325 sit
683 1298 820 1333 sapidus,
849 1298 907 1326 imo
934 1299 1076 1327 interdum
1108 1299 1239 1334 partibus
1277 1298 1441 1328 aromaticis
1471 1298 1643 1327 fortioribus
1668 1299 1802 1334 gaudeat.

273 1340 338 1380 ''De
363 1351 441 1378 hisce
464 1348 559 1377 succis
582 1348 610 1376 in
633 1347 714 1376 foliis
738 1348 890 1377 elaboratis
919 1349 948 1377 in
974 1357 1072 1384 genere
1096 1349 1153 1377 dici
1176 1355 1292 1385 potest,
1311 1357 1363 1377 eos
1386 1349 1431 1377 vel
1451 1349 1553 1377 ceteris
1576 1348 1655 1377 soliis
1675 1348 1803 1376 nutrien-

293 1402 359 1436 dis,
380 1401 425 1429 vel
450 1399 558 1427 fructui
585 1399 764 1434 evolvendo,
787 1400 831 1426 vel
857 1400 967 1427 tandem
981 1419 991 1434 ,
1013 1407 1113 1428 rursus
1137 1408 1187 1435 per
1208 1400 1342 1428 corticem
1366 1399 1582 1434 descendendo,
1603 1398 1694 1427 totius
1718 1399 1800 1434 plan-

291 1459 338 1481 tae
362 1451 435 1480 vitae
461 1449 607 1478 inservire.
652 1448 713 1477 Eos
740 1448 870 1477 conferre
897 1450 931 1477 ad
965 1449 1113 1478 fructuum
1143 1450 1357 1486 evolutionem,
1387 1450 1482 1486 negari
1507 1458 1566 1478 non
1595 1455 1707 1484 potest;
1735 1456 1801 1478 nam

300 1511 397 1531 ramus
421 1501 536 1529 fructus
555 1499 648 1528 ferens
665 1508 777 1536 semper
796 1499 878 1528 foliis
894 1499 1054 1529 instructus
1073 1500 1113 1529 sit
1127 1509 1243 1530 necesse
1261 1508 1327 1538 est;
1349 1500 1430 1530 aliter
1451 1501 1524 1530 enim
1547 1499 1662 1529 fructus
1679 1507 1802 1536 prospe·

295 1562 324 1582 re
347 1559 473 1581 crescere
497 1559 556 1579 non
583 1558 718 1586 possunt.
759 1550 884 1578 Eandem
909 1550 945 1578 ob
967 1559 1097 1579 caussam
1120 1560 1231 1588 semper
1251 1552 1285 1580 ad
1309 1552 1405 1581 florem
1431 1551 1523 1581 folioli
1545 1552 1660 1580 adsunt.
1701 1550 1801 1588 Quan-

297 1604 322 1633 ri
349 1601 484 1632 momenti
505 1601 573 1629 haec
599 1601 755 1636 dispositio
778 1601 816 1629 sit
835 1600 943 1628 fructui
963 1603 1079 1637 alend0‚
1100 1602 1186 1631 facile
1209 1603 1398 1639 intelligemus
1411 1623 1422 1638 ,
1451 1602 1475 1630 si
1491 1603 1526 1631 ad
1548 1602 1698 1637 arborem,
1718 1609 1744 1629 e.
1769 1609 1798 1638 g.

296 1656 332 1684 ad
360 1654 484 1687 malum,
504 1652 696 1681 adtendimus.
738 1652 860 1680 Fructus
883 1651 985 1680 laetius
1008 1659 1198 1688 excrescunt,
1225 1653 1315 1690 sapidi
1349 1653 1437 1689 magis
1469 1653 1561 1687 fiunt,
1591 1647 1704 1688 quando
1732 1652 1805 1681 folia

298 1706 374 1734 bene
395 1709 462 1734 sunt
481 1702 663 1739 constituta,
691 1710 743 1732 nec
764 1703 881 1732 insectis
905 1703 1016 1732 affecta·
1057 1704 1092 1733 Iu
1116 1713 1216 1742 genere
1245 1712 1345 1741 magna
1373 1704 1503 1741 analogia
1531 1703 1644 1733 fructus
1674 1709 1701 1731 et
1733 1702 1804 1732 folia

1763 1754 1808 1783 in-

291 1818 343 1847 (Ιῑ.
363 1819 383 1843 ξ.
397 1823 417 1843 4.
434 1817 536 1845 passim)
555 1817 653 1840 remixto.
681 1817 723 1841 nic
736 1824 810 1841 tamen
825 1825 869 1842 non
889 1821 1076 1847 praetercundum
1097 1822 1171 1850 duco,
1186 1821 1247 1849 quod
1262 1822 1290 1842 de
1304 1820 1465 1847 generatione,
1484 1818 1518 1841 sic
1534 1819 1606 1844 dicta,
1627 1815 1751 1845 aequivoca
1763 1817 1807 1839 nd·

298 1861 343 1881 sert
365 1858 516 1882 Tres-imnum
542 1861 656 1881 materiem
684 1866 765 1887 nempe
792 1861 888 1884 vlridcm
916 1861 1047 1890 Priestlcyi,
1069 1862 1162 1889 primam
1190 1861 1298 1888 originem
1318 1861 1405 1883 scilicet
1427 1861 1585 1887 vegetabilium
1612 1859 1730 1884 fabricae,
1748 1864 1805 1880 nun-

296 1907 363 1928 quam
379 1900 427 1920 lnlsi
446 1899 466 1920 ln
488 1898 637 1921 inlusionibus
658 1901 703 1923 luel
723 1902 833 1929 expositis
854 1903 917 1925 oriri.
951 1904 975 1925 ln
997 1903 1094 1926 tenebris
1116 1909 1138 1934 et
1159 1903 1216 1925 locis
1239 1902 1342 1924 obscuris
1360 1902 1464 1923 oriuntur
1484 1900 1615 1922 animalcula
1636 1899 1745 1922 infusorin
1766 1896 1805 1921 de·

299 1943 385 1963 colora.
416 1939 507 1965 Saepius
528 1946 616 1966 <lumine
636 1941 685 1967 ipse
705 1943 826 1964 observavi
845 1950 940 1970 aquarn,
962 1945 984 1965 in
1004 1951 1046 1972 qun
1067 1943 1153 1971 plamae
1172 1950 1192 1965 e.
1214 1950 1234 1966 c.
1257 1942 1354 1962 narcissi
1375 1943 1523 1969 crescebant,
1543 1942 1607 1963 simul
1625 1948 1651 1963 ac
1668 1940 1713 1962 luci
1731 1945 1807 1967 expo-

297 1983 338 2005 sita
360 1987 421 2007 crat,
445 1982 530 2007 plenam
551 1987 574 2000 ez
590 1987 600 2001 ὲ
621 1983 710 2003 nur-*rim
732 1983 804 2004 viridi.
841 1985 898 2006 eum
920 1991 973 2006 vei-o
995 1986 1050 2008 israe
1069 1987 1159 2013 plantae
1179 1985 1202 2007 iu
1220 1983 1320 2008 tenebris
1339 1984 1418 2006 sedulo
1435 1989 1535 2006 servatae
1557 1988 1636 2009 enm,
1660 1982 1720 2004 nulla
1739 1979 1805 2006 nujus

289 2023 400 2046 marmiae
421 2020 513 2047 vestigia
534 2022 588 2044 vm.
