1913 2417
248 157 286 188 σε
579 146 1413 193 P.⁷J.UYLEN13ROEK

253 237 355 267 tribuit
380 236 570 273 sententiam,
598 242 626 265 et
648 244 706 264 eam
731 234 843 270 quidem
864 235 901 263 ob
924 242 1058 270 causam,
1087 235 1223 270 quoniam
1250 234 1310 263 fere
1335 242 1454 271 omnes,
1485 235 1535 271 qui
1566 236 1621 265 hoc
1649 238 1758 272 experi-

254 294 380 318 mentum
411 288 578 322 instituere,
606 295 719 315 causam
743 286 899 314 descensus
926 286 1040 322 lagenae
1067 292 1135 322 post
1161 295 1252 321 aquae
1277 286 1425 314 introitum
1450 295 1539 322 aquae
1571 287 1758 324 gravitatioui,

253 341 409 375 tribuunt3
452 338 530 375 quod
554 346 586 365 ex
611 336 787 372 Hesselingii
814 337 951 364 sementia
977 345 1096 372 prorsus
1120 338 1216 366 obstat
1246 338 1300 374 legi
1324 337 1545 372 Hydrostaticae
1566 338 1623 375 iam
1650 346 1760 367 memo-

253 398 340 420 ratae.
382 391 422 420 Et
445 397 513 417 sane
533 388 559 417 si
580 387 647 416 VV.
672 385 741 416 DD.
769 395 828 415 eam
852 386 996 415 fovissent
1020 387 1189 416 sententiam
1204 408 1214 423 ,
1244 387 1449 424 repugnantiae
1470 397 1528 417 non
1550 389 1644 418 forent
1666 389 1764 418 absol·

253 441 347 470 vendi.
388 441 487 475 Itaque
508 439 546 467 ad
566 438 679 466 alteram
713 438 952 474 significationem
976 438 1200 475 confugiendum
1227 445 1290 473 est,
1320 447 1377 474 qua
1401 439 1512 468 scilicet
1537 439 1764 475 experimentum

254 492 430 528 Boyleanum
453 489 576 525 probare
599 495 762 525 statuatur,
789 497 890 524 aquam
915 489 944 517 in
967 497 1059 524 aqua,
1087 489 1117 517 in
1142 497 1238 525 partes
1270 489 1481 518 circumdantes
1505 491 1587 526 (non
1614 491 1642 519 in
1667 491 1767 519 bilan·-

255 541 341 577 cem)
361 540 519 577 gravitate,
541 541 665 576 pondere
688 549 743 569 sno
762 547 824 569 toto
849 548 948 576 agere,
970 540 1097 575 adeoque
1119 546 1248 575 tantum,
1271 547 1408 575 quantum
1439 541 1591 576 gravitaret
1618 541 1646 570 in
1672 541 1764 570 bilan-

254 600 314 621 cem
339 598 415 619 extra
439 599 555 627 aquam.
599 592 667 619 Hoc,
689 591 779 627 igitur
801 591 826 619 si
851 591 971 627 probare
1002 591 1166 625 voluerint,
1197 596 1224 618 et
1255 598 1311 625 ope
1332 591 1519 627 experimenti
1543 592 1681 628 ssoyleani
1699 601 1768 628 pro-

256 643 322 672 bare
345 643 513 678 potuerint,
543 642 619 670 cadit
644 642 817 679 ilesselingii
848 648 947 670 contra
978 641 1117 678 Boyleum
1151 641 1370 677 argumentatio.
1418 642 1448 670 Si
1474 650 1542 670 vero
1568 642 1768 679 l-lesselingius

256 701 366 723 tantum
397 695 590 722 demonstrare
616 693 758 727 voluerit,
789 693 985 728 experimento
1017 691 1162 728 Boyleano
1195 699 1253 720 non
1279 691 1415 727 probari,
1445 693 1525 727 quod
1549 701 1621 728 aqua
1646 694 1675 721 in
1697 701 1773 729 aqua

256 754 316 775 non
340 752 402 782 agat
425 745 550 781 pondere
572 752 626 772 suo
653 743 681 772 in
707 743 867 778 bilancem,
897 750 971 772 recte
997 743 1111 779 quidem
1138 743 1256 778 dixerit,
1287 742 1421 778 quoniam
1453 749 1515 772 tum
1548 744 1772 779 experimentum

259 797 331 826 iliud
361 795 470 831 aliquid
494 795 614 830 probare
631 794 792 829 diceretur,
823 794 901 829 quod
925 795 1040 830 probari
1073 803 1133 823 non
1154 800 1262 830 potest.
1305 794 1360 821 Sed
1390 802 1441 822 nec
1465 793 1590 830 Boyleus
1601 815 1618 829 ,.
1640 803 1690 823 nec
1722 794 1774 830 qui

266 856 330 876 eum
358 846 451 875 secuti
476 852 564 880 sunt,
585 846 640 874 hoc
666 854 789 881 unquam
815 846 977 875 voluerunt,
1019 845 1246 874 Gravitationem
1273 853 1364 880 aquae
1387 844 1417 873 in
1439 853 1513 880 aqua
1541 846 1570 873 in
1594 852 1688 881 partes
1715 846 1772 873 cir-

260 899 427 928 cumdantes
458 897 675 931 demonstrare,
704 903 731 924 et
763 896 956 932 experimento
987 896 1135 924 ostendere
1165 895 1262 924 conati
1295 901 1375 923 sunt.
1425 895 1514 932 Quod
1548 895 1774 931 experimentum

259 958 325 979 cum
351 956 406 983 ope
429 947 551 975 bilancis
577 947 769 982 instituatur,
791 956 850 975 non
873 947 985 976 admitti
1002 955 1090 982 posse
1116 947 1234 975 credidit
1260 944 1484 981 Hesselingius‚
1505 946 1640 981 quoniam
1663 955 1697 975 ex
1712 947 1776 984 ejus

258 999 399 1029 sententia
423 1006 497 1033 aqua
519 998 549 1025 in
570 1006 643 1032 aqua
666 1006 722 1033 ope
741 997 862 1025 bilancis
888 998 999 1026 directe
1024 997 1187 1035 ponderari
1213 997 1313 1032 nequit
1340 996 1431 1032 (ι),
1453 996 1516 1023 ideo
1543 998 1623 1031 quod
1647 1006 1727 1033 aqua.
1745 998 1779 1028 in.

259 1058 351 1085 aqua,
373 1048 462 1076 fluido
486 1049 683 1084 homogeneo,
712 1049 880 1077 descendere
903 1056 963 1077 non
988 1048 1084 1083 possit
1108 1048 1193 1084 (ωε
1224 1047 1304 1082 quod
1328 1051 1422 1074 tamen
1447 1054 1480 1073 ut
1510 1047 1621 1082 aliquid
1640 1049 1782 1083 pondere-

262 1107 330 1135 tur,
359 1099 418 1128 fieri
446 1106 532 1134 posse
556 1106 674 1126 necesse
696 1105 751 1128 est.
793 1099 962 1135 Requiritur
987 1098 1083 1133 enim,
1113 1104 1146 1126 ut
1173 1106 1216 1127 res
1243 1097 1425 1133 ponderanda
1458 1105 1570 1133 semper
1603 1099 1717 1134 gravior
1740 1099 1790 1128 sit·

268 1152 378 1186 fluido,
401 1151 430 1180 in
454 1158 515 1186 quo
536 1149 718 1185 ponderatur.
760 1149 849 1187 Quod
874 1158 939 1177 cum
969 1149 999 1186 in
1021 1157 1094 1184 aqua
1125 1156 1184 1178 non
1211 1148 1358 1183 obtineat,
1387 1148 1452 1176 inde
1474 1156 1526 1176 nec
1552 1157 1632 1183 aqua.
1653 1149 1783 1187 inaqua.

264 1202 417 1240 ponderari
447 1206 554 1238 potest.
596 1200 643 1229 Ad
667 1200 738 1229 hanc
765 1209 833 1229 vero
866 1200 1140 1236 argumentationem
1175 1200 1256 1228 doct.
1287 1199 1398 1227 Aeneae
1431 1199 1663 1235 animadvertit,-
1680 1208 1783 1229 verum

264 1253 378 1289 quidem
404 1260 466 1280 esse
490 1260 523 1280 eo
550 1259 655 1286 sensu,
687 1260 745 1287 quo
768 1251 842 1280 illud
862 1251 972 1287 accepit
997 1250 1221 1286 Flesselingius,
1259 1250 1338 1286 quod
1363 1250 1396 1278 ad
1419 1251 1631 1286 ponderandum
1657 1250 1785 1286 requira-

265 1309 313 1332 tur
332 1303 457 1331 facultas
481 1303 669 1331 descendendi
692 1303 720 1330 in
749 1310 869 1337 corpore
892 1303 1088 1338 explorando,
1119 1302 1170 1329 secl
1203 1302 1275 1330 hanc
1308 1301 1471 1345 facultatem
1499 1309 1557 1329 non
1592 1300 1675 1328 unice
1698 1309 1783 1336 quae-

268 1354 383 1383 rendam
409 1361 469 1382 esse
499 1354 529 1382 in
552 1354 602 1382 illo
625 1360 766 1389 corpore3
800 1353 898 1387 quod,
925 1353 948 1381 si
972 1360 1022 1388 per
1047 1361 1076 1380 se
1106 1352 1274 1380 descendere
1303 1358 1445 1386 nequeat,
1472 1352 1706 1387 conjungendum
1739 1357 1785 1379 est

268 1412 333 1432 cum
366 1404 422 1432 alio
451 1411 572 1441 corpore
597 1404 740 1437 densiori,
770 1403 807 1430 ita
833 1410 862 1431 ut
894 1411 1001 1439 corpus
1035 1403 1091 1431 hoc
1120 1403 1315 1438 compositum
1350 1402 1450 1436 utique
1478 1402 1646 1429 descendere
1676 1401 1783 1437 possit.

241 1444 246 1449 ’
273 1455 322 1483 Sic
345 1455 538 1490 inquirendo,
568 1454 637 1489 quid
666 1462 774 1490 corpus
808 1454 923 1482 densius
952 1455 1047 1482 solum
1081 1460 1223 1489 praestet,
1251 1452 1314 1480 dein
1340 1461 1427 1487 vero,
1458 1451 1528 1486 qnid
1561 1458 1684 1487 praestet
1714 1460 1787 1480 eon-

264 1506 397 1543 junctum
422 1512 488 1533 cum
520 1504 615 1533 minus
637 1505 746 1539 denso,
774 1504 992 1533 conclusionem
1016 1505 1050 1532 de
1079 1504 1135 1532 hoc
1159 1504 1261 1531 ultimo
1293 1502 1395 1530 deduci
1419 1510 1506 1538 posse
1530 1502 1608 1539 (3).
1652 1501 1728 1530 Hinc
1752 1508 1786 1530 er.

268 1557 337 1584 alibi
361 1556 427 1593 (4)
445 1555 599 1590 concedit,
622 1560 721 1591 aquam
745 1556 774 1584 in
792 1564 865 1591 aqua
889 1556 998 1583 directa
1013 1554 1174 1593 ponderari
1199 1563 1253 1581 mm
1275 1560 1373 1591 posse,
1395 1559 1422 1580 et
1448 1553 1536 1581 simul
1561 1553 1692 1588 quaer-it,
1714 1552 1781 1587 quis

272 1614 399 1642 unquam
425 1607 481 1634 hoc
504 1606 615 1634 directe
638 1606 729 1635 facere
747 1607 891 1641 voluerit;
914 1612 1009 1634 utrum
1035 1604 1179 1640 Boyleus,
1202 1604 1226 1632 's
1242 1603 1478 1638 Gravesandius‚
1509 1603 1576 1638 alii,
1606 1603 1661 1632 hoc
1684 1604 1786 1632 volue-

271 1657 353 1686 rint?
380 1665 415 1685 an
438 1665 497 1685 non
523 1664 635 1691 semper
656 1665 768 1692 corpus·
789 1656 1005 1693 composuerint
1033 1664 1066 1683 ex
1089 1663 1162 1690 aqua
1184 1661 1210 1682 et
1233 1655 1347 1682 materia
1372 1662 1442 1689 aqua
1464 1653 1613 1682 densiori?

309 1708 356 1736 Sic
377 1709 436 1744 jam
458 1708 669 1743 quodammodo
699 1709 739 1735 ad'
758 1716 788 1735 se
810 1709 949 1736 acceiunt
976 1713 1069 1742 partes
1096 1706 1262 1741 litigantes,
1294 1706 1361 1733 dum
1390 1711 1508 1739 utraque
1531 1710 1652 1738 asserat,
1680 1711 1788 1739 aquam·

272 1759 302 1786 in
325 1766 397 1793 aqua
421 1758 526 1786 directe
552 1759 702 1794 ponderari
728 1766 786 1787 non
816 1767 915 1795 posse.
956 1757 1056 1793 Itaque
1090 1757 1241 1785 dissentire
1266 1756 1369 1784 debent
1400 1757 1433 1783 <le
1456 1755 1560 1789 modo,
1588 1762 1648 1789 quo
1677 1754 1787 1789 experi-

1712 1812 1789 1833 men·

298 1870 351 1898 (ι)
373 1872 434 1893 conr.
456 1876 521 1898 supra
541 1879 564 1898 p.
580 1878 613 1899 ⁴0-
835 1873 886 1900 (a)
909 1873 957 1895 vid.
974 1873 1031 1895 ibid.
1256 1870 1308 1899 (3)
1329 1871 1374 1892 vid.
1392 1875 1442 1896 sup.
1463 1875 1484 1894 p,
1504 1874 1531 1895 ῃ
1550 1873 1583 1895 sq.

299 1911 353 1940 (4)
374 1910 434 1932 conf·
455 1912 501 1936 ²3⁰⁵
523 1914 580 1940 ἵεις,
604 1922 624 1939 p.
643 1919 676 1940 3‘.
699 1920 743 1940 quo
764 1916 816 1936 loco
838 1921 973 1936 memoritur
994 1912 1142 1938 ll=uelin12'us
1169 1912 1192 1934 in
1211 1913 1308 1933 Fuerat.
1333 1913 1422 1932 demum
1452 1910 1567 1930 Dinerur.
1590 1915 1643 1930 suae
1663 1907 1785 1935 Bergine,

274 1959 297 1980 p.
315 1957 352 1977 ¹⁴·
377 1951 506 1978 censuisse,
527 1960 603 1980 aquam
626 1961 648 1976 tn
669 1961 723 1982 aqua
744 1955 830 1975 d-*rute
850 1957 971 1984 ponderari
990 1961 1036 1977 uon
1062 1959 1146 1982 poss&
1169 1959 1220 1976 cum
1242 1951 1264 1973 5¹¹
1284 1951 1400 1973 fflbefffl·
1420 1951 1500 1972 ²²d²¹¹²
1519 1950 1597 1972 Μήτ’*
1619 1955 1664 1972 '⁰¹
1684 1949 1721 1971 ω’
1745 1948 1784 1969 a*

273 1998 349 2020 ηιμ,
365 1999 409 2015 nou
428 1993 562 2016 inveniatur.
