1913 2417
227 191 514 232 RESPONsio
542 207 590 231 AD
622 190 977 237 QUAESTI'ONEM
1005 189 1458 232 HYDR'OST‘ATICAM.
1566 190 1600 239 ¹52

787 297 817 333 §.
859 305 888 334 5.

175 374 283 405 Utrum
298 375 407 412 pressio
427 383 521 414 aquae
540 374 573 402 in
595 377 726 413 parietes
746 376 874 403 internos
895 375 990 410 vasis,
1011 374 1107 403 clauso
1120 373 1293 410 foramine,
1315 373 1382 410 illi,
1404 383 1490 412 qnam

279 423 376 454 cadem
397 434 476 464 aqua
495 427 528 455 in
554 426 660 455 cosdem
680 427 756 456 vasis
772 427 902 464 parietes
922 428 1066 462 internos,
1095 432 1196 464 aperto
1209 427 1380 463 foramine,

477 479 480 483 '
576 479 702 513 exserit,
723 478 766 505 ⁴sit
786 477 939 515 aequalis,
968 486 1018 506 nec
1039 478 1096 505 ne?
1243 473 1246 476 ’

77 558 111 581 ex
136 551 193 590 iis,
222 560 296 590 quae
323 554 544 585 memoravimus
572 555 726 593 dijudicari
758 555 853 584 debet.
902 553 983 590 Age!
1013 554 1048 583 ad
1071 554 1143 583 hanc
1177 554 1419 590 conclusionem,
1448 560 1475 583 et
1497 554 1540 583 sic
1560 553 1595 583 acl

80 604 258 640 quaestionis
281 605 390 643 primae
410 606 505 644 partis
529 607 747 644 responsionem
771 616 826 637 nos
848 606 1046 643 accingamus.

117 654 160 684 Ut
179 654 270 693 igitur
294 663 322 687 et
347 657 395 686 hie
426 657 526 688 ordine
549 660 760 696 procedamus,
780 659 904 696 primum
931 658 1043 693 quidem
1066 657 1235 695 videamus,
1257 666 1395 693 quaenam
1420 665 1453 686 ex
1477 665 1588 694 propo-

80 705 146 735 sitis
168 708 252 744 sequi
275 707 453 745 videantur3
482 710 546 739 dein
581 719 649 744 vero
681 711 752 741 haec
781 709 879 739 animo
915 715 1025 737 attento
1054 708 1271 738 consideremus
1293 730 1303 745 ‚
1332 715 1358 737 et
1382 709 1594 745 dijudicemus,

80 763 198 795 utrum,
225 758 319 796 qualia
340 761 427 791 nobis
445 761 602 798 videntur,
633 762 699 792 talia
718 770 811 792 revera
836 761 909 791 sint.
964 759 1005 788 Ut
1027 767 1121 788 autem
1145 768 1223 794 rem,
1255 768 1314 789 non
1339 766 1448 788 tautum
1473 768 1524 796 per
1546 768 1597 794 se,

82 809 132 838 sed
156 810 238 840 etiam
263 811 464 849 adjunctorum
487 813 597 842 ratione
619 813 738 849 habita,
758 813 967 850 exploremus,
994 811 1113 840 omnino
1134 811 1313 847 requifflur,
1346 811 1371 839 si
1394 811 1427 839 de
1450 819 1480 839 ea
1506 810 1599 848 legiti-

81 867 159 889 mum
182 861 313 899 proferre
335 864 459 894 velimus
480 865 636 902 judicium.

125 911 215 950 Quod
239 914 337 952 itaque
362 916 398 945 ad
423 915 550 952 primum
577 915 650 945 illud
671 915 792 953 attinet,
819 921 854 944 ex
874 913 932 951 iis,
961 922 1035 950 quae
1056 922 1143 950 supra
1166 913 1447 950 demonstravimus,
1479 914 1531 944 tria
1554 923 1598 944 se·

83 964 200 998 quentia
225 966 375 996 corollaria
400 967 468 997 duci
491 975 579 1004 posse
599 966 751 996 videntur:

125 1013 168 1044 10.
192 1014 341 1046 Foramine
362 1018 482 1055 clauso,
512 1019 692 1057 pressionem
720 1026 810 1054 aquae
832 1017 862 1046 in
891 1017 1012 1053 parietes
1043 1023 1174 1046 externos
1198 1018 1331 1054 maiorem
1359 1026 1423 1047 csse
1446 1018 1599 1055 pressione

83 1064 112 1093 in
131 1066 253 1101 parietes
268 1068 411 1098 internos.

124 1114 169 1146 20.
190 1116 343 1147 Foramine
367 1126 490 1155 aperto,
513 1120 692 1157 pressionem
719 1127 810 1155 aquae
839 1118 867 1147 in
895 1118 1015 1155 parietes
1038 1125 1188 1155 externos,
1215 1120 1360 1156 aequalem
1386 1129 1450 1152 esse
1470 1121 1601 1158 pressio·

85 1167 115 1197 ni
139 1176 229 1204 aquae
253 1169 283 1198 in
306 1170 428 1206 parietes
450 1171 594 1201 internos.

125 1217 170 1255 3⁰.
199 1219 350 1250 Foramine
372 1228 490 1259 aperto,
520 1223 698 1260 pressionem
723 1230 813 1258 aquae
838 1221 868 1250 iu
891 1221 1015 1259 parietes
1040 1227 1173 1252 externos
1201 1223 1347 1259 aequalem
1373 1231 1436 1253 esse
1457 1222 1603 1262 pressioni

84 1276 175 1305 aquae
196 1270 226 1300 in
251 1272 376 1308 parietes
397 1280 549 1309 externos,
571 1274 712 1303 foramine
733 1273 844 1303 clauso.

83 1363 88 1368 ¹
121 1319 149 1349 E
176 1321 284 1368 quibus
302 1324 359 1361 J‘am
382 1324 432 1354 illa
451 1331 618 1363 sequeretur
640 1324 815 1354 conclusio:

120 1369 304 1403 Pressionem
335 1382 426 1411 aquae
447 1376 478 1407 in
497 1367 630 1414 'parietes
655 1374 786 1405 internos
796 1372 812 1412 ,’
831 1373 972 1404 fora-mine
995 1372 1115 1413 aperto,
1144 1383 1278 1413 superare
1309 1377 1488 1414 pressionem
1511 1383 1605 1414 aquae

83 1419 114 1450 in
133 1423 256 1457 parietes
280 1425 431 1464 internos,
452 1428 596 1459 foramine
615 1424 728 1458 clauso.

122 1471 201 1500 Haec
225 1471 339 1508 quidem
362 1475 459 1510 primo
488 1477 598 1505 intuitu
623 1485 658 1505 ex
682 1479 845 1505 memoratis
874 1478 1014 1506 deducere
1044 1486 1132 1514 posse
1154 1478 1240 1508 nobis
1264 1479 1402 1510 videmur.
1444 1480 1484 1508 At
1510 1487 1599 1516 vero,

79 1522 126 1551 nti
148 1522 295 1559 diximus,
323 1525 406 1554 etiam
432 1526 528 1556 animo
560 1533 671 1556 attento
696 1536 727 1556 ea
751 1527 953 1564 considerare,
984 1537 1140 1565 eorumque
1165 1529 1312 1558 veritatem
1343 1531 1490 1567 explorare
1514 1530 1598 1560 debe-

79 1581 165 1609 mus,
187 1581 222 1603 ne
246 1573 322 1604 forte
342 1576 594 1607 verisimilitudine
617 1578 750 1615 decepti,
770 1585 919 1607 erroneum
942 1578 1065 1608 feramus
1085 1580 1239 1617 judicium.

119 1624 179 1663 Qui
200 1625 233 1653 de
257 1626 458 1657 conclusionis
482 1629 601 1658 veritate
624 1629 758 1664 dubitat,
779 1636 843 1658 eum
867 1636 931 1659 ante
958 1630 1054 1659 omnia
1070 1631 1099 1660 in
1121 1632 1356 1668 praemissarum,
1380 1633 1421 1661 uti
1438 1633 1594 1668 dicuntur,

76 1674 221 1704 veritatem
246 1676 373 1713 inquirat
395 1687 512 1709 necesse
529 1685 584 1709 cst.
627 1679 676 1709 sic
698 1671 766 1718 ergo
789 1686 818 1709 et
841 1688 897 1711 nos
928 1681 985 1711 hoc
1009 1683 1074 1711 loco
1096 1673 1228 1718 *primum
1254 1685 1420 1717 videamus,
1441 1690 1476 1710 an
1498 1682 1593 1711 corol-

76 1725 145 1755 laria
168 1734 288 1765 nostra,
307 1737 323 1758 e
344 1729 452 1766 quibus
474 1731 587 1760 demum
613 1731 830 1763 conclusionem
854 1732 992 1763 deducere
1020 1741 1198 1770 possumus,
1228 1733 1307 1762 omni
1335 1733 1515 1763 dubitatione
1533 1733 1596 1764 siut

72 1776 172 1807 lunera.

114 1826 264 1866 Primum,
284 1832 362 1868 quod
382 1834 557 1872 posuimus,
577 1835 760 1865 corollarium
786 1835 845 1865 hoc
868 1841 931 1866 est:

153 1880 263 1911 Clauso
287 1884 366 1914 vasis
391 1885 550 1925 foramine,
570 1888 747 1926 pressionem
771 1887 801 1918 in
824 1887 947 1927 parietes
973 1894 1107 1917 externos
1127 1888 1261 1925 majorem
1286 1886 1373 1917 videri
1398 1887 1590 1924 pressionem

187 1940 309 1968 parietes
332 1941 470 1968 internos,

77 1977 149 2009 Vera
175 1989 266 2022 sunt,
293 1994 366 2021 qnae
389 1988 436 2017 his
463 1989 559 2019 verbis
591 1990 797 2028 continentur,
825 1998 854 2020 et
882 1991 972 2020 simui
1000 1996 1092 2020 tamen
1125 1998 1186 2021 non
1211 1997 1276 2019 vera
1309 1996 1390 2020 sunt.
1431 1989 1589 2029 Quomodo

75 2037 166 2061 autem
190 2034 256 2065 hat-c
282 2045 350 2068 sunt
372 2040 563 2077 explicandi?

1532 2080 1586 2111 'leo
