1913 2417
282 125 323 168 45
647 127 1441 162 G.c.13.sUR1NGAR

290 214 342 239 *tur
363 210 436 239 satis
463 215 557 247 patere
579 212 709 248 videtur,
733 213 761 242 in
782 214 1004 251 parenchymate
1026 214 1163 244 foliorum
1186 215 1374 245 secretionem
1401 215 1529 245 obtinere
1552 215 1647 246 locum
1662 237 1674 253 ‚
1699 224 1726 248 et
1749 218 1805 250 hoe

291 262 521 299 praeparationis
543 271 716 298 succorum,
738 265 843 301 cuique
862 266 976 301 plantae
1000 267 1203 303 propriorum,
1228 267 1414 303 praecipuum
1441 275 1503 296 esse
1527 267 1766 297 Instrumentum.

333 313 413 342 Haec
438 314 558 343 secretio
576 315 804 352 par-enchymatis
832 317 867 345 ad
890 317 979 346 vitam
1010 318 1147 347 foliorum
1177 324 1285 347 tantum
1308 318 1453 355 pertinet,
1480 324 1509 348 et
1531 318 1566 348 ab
1593 327 1625 348 ea
1646 319 1806 349 immediate

288 364 407 401 pendet.

997 421 1028 457 §.
1070 427 1097 457 5.

560 493 622 523 Per
642 495 717 524 hanc
737 497 919 526 secretionem
940 497 1066 536 liquores
1085 496 1252 526 obtinentur
1270 497 1394 536 duplicis
1410 499 1536 537 generis.

330 567 477 606 Liquores
501 572 681 608 plantarum,
703 573 753 609 qui
771 582 822 610 per
838 574 1024 604 secretionem
1043 574 1228 610 obtinentur,
1249 575 1374 611 duplicis
1397 582 1467 605 sunt
1486 575 1616 613 generis;
1637 581 1706 605 sunt
1729 573 1805 604 enim

284 620 335 649 vel
356 621 484 657 liquores
508 623 671 659 lnquilini,
693 625 738 652 vel
760 625 1001 663 Excrementitii‚
1025 635 1150 662 quorum
1174 626 1220 655 illi
1237 626 1383 662 partium,
1405 627 1511 662 quibus
1535 632 1670 655 constant
1691 633 1806 662 vegeta·

282 670 375 707 bilia,
394 674 555 703 evolutioni
579 681 606 703 et
632 675 784 704 nutritioni
810 677 991 712 inserviunt,
1015 677 1045 705 hi
1068 686 1154 713 vero,
1184 686 1274 714 quum
1302 677 1454 706 nutritioni
1480 686 1540 706 non
1564 677 1690 713 amplius
1714 677 1803 706 inser-

277 722 382 759 viant,
402 730 418 752 a
439 726 561 761 planta,
583 733 614 754 ut
636 734 689 762 pro
713 726 892 757 Oeconomia
918 728 1078 765 Vegetabili
1101 728 1226 764 nociva,
1250 735 1452 758 excernuntur.

321 773 402 811 Quid
431 775 521 812 igitur
552 778 586 805 de
609 777 761 813 inquilinis
786 778 854 815 fiat,
884 779 1010 815 primum
1045 779 1293 817 contemplemur,
1323 788 1411 816 quum
1448 780 1483 809 de
1512 779 1733 810 excrementitiis
1754 778 1803 808 fo·

283 822 390 854 riorum
417 826 583 863 liquoribus
608 836 671 865 seq.
696 828 789 865 capite
809 829 850 858 sit
871 831 1022 867 agendum.

989 908 1023 944 §-
1063 908 1092 937 6.

434 978 551 1019 Liquor
569 981 715 1018 foliorum
734 981 896 1020 inquilinus
916 991 936 1011 a
952 984 1178 1021 parenchymatc
1189 983 1297 1020 fertur
1317 985 1360 1015 ad
1378 985 1529 1023 utriusque
1541 984 1637 1020 faciei

878 1034 1022 1072 foliorum
1042 1037 1188 1065 corticem.

309 1105 470 1144 Liquorem
497 1109 609 1140 huncce
638 1117 836 1148 praeparatum
860 1111 897 1140 ad
924 1110 1060 1141 corticem
1086 1111 1223 1142 foliorum
1248 1114 1411 1151 pervenire,
1438 1120 1467 1143 et
1495 1121 1546 1151 per
1569 1113 1647 1143 hunc
1672 1112 1740 1142 ferri
1761 1112 1797 1143 acl

273 1159 412 1189 corticem
434 1160 553 1198 petioli,
575 1171 656 1199 seqq.
681 1163 882 1199 experimentis
906 1163 1027 1199 patebit.
1762 1197 1763 1200 Ἰ

314 1219 342 1242 1.
368 1210 403 1240 Si
425 1218 524 1242 cortex
544 1213 685 1243 foliorum
709 1215 894 1251 vulneretur,
921 1215 1020 1251 liquor
1046 1221 1252 1253 praeparatus,
1282 1217 1419 1254 et,plane
1444 1217 1518 1246 alius
1547 1216 1678 1253 indolis,
1701 1223 1796 1254 ¹quatu

271 1261 326 1297 qui
352 1262 382 1291 in
406 1264 512 1293 sceleto
536 1263 674 1294 foliorum
700 1265 871 1302 invenitur,
892 1265 991 1295 effluit.

310 1320 338 1341 2.
365 1312 410 1341 De
435 1314 481 1343 his
514 1314 633 1344 constat
657 1316 721 1352 seq.'
745 1317 877 1354 egregio,
906 1317 936 1346 ni
961 1316 1070 1354 fallor,
1096 1319 1318 1355 experimento:
1349 1325 1478 1355 tempore
1510 1319 1622 1348 aestivo
1646 1318 1794 1355 infligatur

270 1360 340 1390 folii
359 1365 494 1401 carnosi,
515 1373 575 1395 uon
603 1366 690 1404 nimis
714 1368 896 1404 succulenti,
919 1368 1022 1397 cortici
1044 1369 1174 1405 vulnus,
1203 1376 1230 1399 et
1252 1370 1350 1406 liquor
1369 1370 1456 1399 effluit
1477 1376 1680 1406 praeparatus,
1710 1368 1792 1406 (nisi

271 1419 366 1442 autem
394 1415 450 1444 hoc
477 1417 644 1446 cautissima
671 1425 757 1447 manu
782 1418 975 1455 instituatur,
1004 1419 1057 1448 reti
1080 1419 1145 1449 folii
1171 1422 1328 1450 vasculoso
1353 1422 1522 1456 vulnerato,
1553 1421 1651 1456 liquor
1683 1415 1792 1451 mixtus'

270 1463 402 1503 effluit);
425 1474 502 1495 nunc
528 1466 635 1496 folium
659 1468 715 1498 sibi
740 1469 918 1505 relinquatur
948 1479 998 1507 per
1020 1472 1093 1500 duos
1125 1478 1218 1500 tresve
1244 1472 1323 1507 dies,
1353 1473 1435 1508 plaga
1459 1471 1603 1507 siccatur,
1641 1477 1668 1500 et
1689 1478 1790 1507 paren-

271 1513 376 1551 chyma
397 1518 506 1546 nudum
541 1525 677 1555 apparet,
708 1521 758 1549 sed
787 1529 847 1549 non
877 1522 1018 1559 moritur,
1046 1531 1123 1552 nunc
1157 1523 1365 1552 vulnusculum
1397 1522 1545 1560 infligatur
1575 1521 1793 1559 parenchymati

262 1573 323 1602 *per
345 1567 454 1603 apicem
476 1568 585 1605 cultri,
606 1578 633 1598 et
657 1571 757 1607 liquor
780 1572 873 1601 effluet
892 1575 1022 1604 nondum
1052 1580 1133 1604 totus
1157 1582 1355 1612 praeparatus.

975 1652 1007 1688 §-
1048 1659 1078 1689 7<

317 1719 350 1746 A
361 1720 505 1755 folior-um
525 1724 633 1752 cortice
653 1728 789 1764 pervenit
809 1727 853 1756 ad
868 1727 961 1756 caulis
980 1727 1178 1757 adscendentis
1191 1730 1348 1765 corticem,
1368 1733 1396 1756 tt
1411 1735 1467 1767 per
1485 1728 1569 1757 illum
1588 1726 1744 1757 descendit.

315 1793 461 1830 Liquores
492 1798 521 1827 in
547 1802 768 1838 parenchymate
790 1803 927 1834 foliorum
953 1805 1070 1841 secreti,
1103 1805 1239 1834 corticem
1264 1806 1414 1841 utriusque
1437 1804 1516 1833 faciei
1544 1804 1682 1833 foliorum
1704 1811 1790 1840 pene-

270 1851 400 1883 trames,
426 1855 453 1876 et
483 1850 513 1877 in
544 1851 606 1887 qus
639 1854 782 1889 glandulis
805 1855 870 1894 (8)
903 1855 1031 1885 ultimam
1059 1857 1244 1888 secretionem
1268 1857 1368 1894 passi,
1398 1857 1434 1885 ad
1465 1856 1557 1884 caulis
1587 1855 1788 1885 adscendentis

1721 1914 1788 1936 cor-

299 1979 355 2009 (8)
372 1980 427 2005 vid.
446 1980 474 2003 ἐι·
493 1984 598 2006 &annun
616 1985 634 2009 1.
653 1990 673 2008 e.
695 1992 781 2015 pagffg
796 1994 862 2017 seqq·
