1913 2417
236 183 626 226 COMMENTATIO
652 192 701 214 AD
725 185 1094 226 QUAESTIONEM
1117 187 1401 226 JURIDICAM.
1540 197 1582 228 47

69 275 202 302 structus
218 276 281 305 est,
304 270 462 306 quidquam
479 268 584 297 efficere
601 268 731 304 videtur,
753 274 785 295 ut
802 269 858 297 tale
869 269 919 306 jus
939 269 1062 298 Absenti
1086 270 1270 307 adquiratur,
1291 272 1348 300 nisi
1367 277 1442 300 certa
1468 269 1574 301 indicia

63 323 130 352 inde
143 322 313 357 eliciantur,
330 321 437 357 quibus
456 325 585 354 constet,
604 319 759 347 Absentem
775 327 810 348 eo
826 326 971 356 tempore,
986 329 1045 357 quo
1060 322 1109 358 J'us
1124 322 1246 351 delatum
1263 329 1326 359 est,
1343 323 1435 351 adhue
1451 322 1572 352 vixisse.

62 373 122 403 Hic
145 373 220 402 enim
242 381 301 401 non
325 371 419 408 agitur
442 371 477 399 de
498 369 582 405 bonis
604 368 741 398 Absentis
766 370 800 398 ad
823 376 936 406 tempus
952 372 1012 410 eius
1029 373 1249 402 successoribus
1262 365 1473 409 concedendis,
1490 373 1573 409 quod

61 423 196 462 profecto
218 423 350 451 mandato
380 421 563 449 Procuratoti
591 420 780 456 relinquendo
808 429 861 457 per
889 422 1008 458 aliquod
1032 430 1146 460 tempus
1175 424 1288 454 differre
1315 426 1414 461 potuit
1442 425 1578 461 Absens3

62 476 112 506 sed
136 475 301 511 quaeritur,
329 480 426 502 utrum
451 481 485 502 eo
510 473 576 508 ipso
599 477 768 508 momento,
795 481 854 508 quo
874 473 922 509 jus
947 474 972 502 ei
1000 473 1136 504 obvenire
1159 476 1258 512 potuit
1275 495 1286 511 2
1314 484 1409 505 revera
1435 475 1577 504 exstiterit

61 527 198 561 Absens,
220 526 300 561 quod
321 525 496 553 Procurator
515 524 648 552 mandato
675 532 730 552 suo
754 523 874 558 probare
895 525 1016 560 nequit,
1037 525 1095 554 nisi
1117 527 1178 563 ejus
1202 527 1261 555 dies
1285 526 1429 563 posterior
1450 525 1577 554 invenia-

63 582 113 605 tur
131 582 278 612 tempore,
307 575 342 603 de
364 583 424 610 quo
449 574 606 610 quaeritur.
648 573 729 611 Quae
752 582 816 602 cum
843 574 881 603 ita
911 575 989 610 sint,
1017 575 1102 605 facile
1130 584 1266 613 apparet,
1294 578 1364 613 quid
1387 578 1421 606 de
1451 577 1577 606 diversis

58 626 174 665 iuribus
204 626 343 655 Absentis
368 626 518 655 dicendum
546 625 604 653 sit:
631 625 656 653 si
679 625 752 653 enirn
782 632 848 653 ante
870 625 1031 655 discessum
1056 628 1091 655 iis
1112 628 1170 664 jam
1193 629 1310 664 gavisus
1335 628 1394 664 sit,
1423 628 1491 656 haee
1517 634 1578 656 uon

59 677 146 706 facile
171 678 197 706 ei
223 678 388 706 auferentur
413 678 448 706 ab
473 677 552 712 illis,
581 676 690 711 quibus
714 675 817 712 petitio
844 683 1038 713 competeret,
1067 678 1092 706 si
1115 677 1176 707 fato
1203 678 1323 707 functus
1346 685 1421 707 esset
1445 679 1579 715 Absens3

58 729 172 758 obitum
197 729 269 758 enim
290 728 428 765 Absentis
455 734 519 756 ante
543 728 638 755 omnia
662 727 781 763 probare
809 727 928 757 debent:
957 729 982 757 si
1010 738 1079 758 vero
1109 736 1178 766 post
1203 730 1371 758 Absentiam
1402 730 1428 757 ei
1448 730 1578 757 deferan-

55 786 125 815 tur,
152 780 201 808 illa
227 769 285 808 non
311 778 503 814 acquisivisse
526 777 709 812 censebitur,
737 776 793 804 nisi
825 777 911 806 certis
935 780 1158 815 probationibus
1189 781 1223 809 de
1251 781 1314 817 ejus
1344 786 1405 809 Vlta
1442 785 1578 814 constetg,

7 839 14 848 ·
55 831 126 859 adeo
148 837 180 858 ut
207 830 258 858 hac
289 830 320 857 in
344 837 445 858 caussa
463 836 620 865 possessor
642 828 743 864 p0t10r
772 826 930 866 habeatur,
960 836 988 858 et
1012 831 1179 867 cuicunque
1209 839 1289 868 agere
1319 831 1430 860 volenti
1466 831 1577 859 incum-

55 881 104 911 bat
135 882 280 918 probatio.

95 933 174 961 Hinc
195 933 284 969 igitur
310 932 334 960 si
356 932 471 962 Absens
490 931 645 961 usufructu
668 931 789 968 gaudet,
811 931 1018 968 proprietarius
1034 933 1113 961 iilum
1132 933 1188 962 sibi
1212 933 1336 962 cessisse
1362 939 1482 969 propter
1501 939 1582 961 mor-

55 989 110 1011 tem
135 983 274 1013 Absentis
298 984 468 1012 contendere
494 983 613 1020 nequit,
641 983 697 1011 nisi
720 984 782 1019 ejus
809 983 919 1011 obitum
944 984 1065 1020 probetz
1097 985 1163 1014 licet
1187 986 1266 1014 aliud
1293 986 1445 1014 dicendum
1475 985 1514 1012 sit
1538 984 1576 1012 de

53 1033 146 1062 reditu
173 1034 207 1061 ad
230 1034 318 1061 vitam
344 1033 375 1061 in
401 1033 529 1062 favorem
553 1033 692 1063 Absentis
717 1033 903 1069 constitum,
931 1036 977 1063 vel
1002 1036 1036 1064 ab
1061 1036 1188 1065 Absente
1212 1036 1399 1072 praestand03
1433 1035 1572 1070 quoniam

52 1092 179 1112 annuum
203 1092 351 1119 nunquam
373 1085 432 1119 peti
455 1091 572 1119 potest,
599 1084 656 1113 nisi
681 1084 705 1112 is
729 1084 821 1112 adhuc
850 1085 945 1113 vivere
972 1086 1129 1122 probetur,
1157 1088 1207 1123 qui
1229 1093 1381 1116 contractu
1405 1086 1577 1115 nominatus

29 1162 32 1165 .
54 1135 113 1170 sit,
139 1141 200 1164 art.
227 1136 310 1172 1983.
349 1135 448 1163 Potest
474 1142 568 1164 autem
591 1144 718 1164 annuum
741 1135 904 1177 constitui,
924 1137 969 1165 vel
991 1138 1082 1166 donec
1106 1138 1184 1167 vivet
1208 1139 1256 1174 is,
1281 1139 1311 1167 in
1336 1138 1420 1174 cujus
1452 1137 1573 1173 gratiam

51 1193 178 1214 annuum
199 1192 242 1213 est
263 1186 477 1221 constitutum,
504 1187 549 1215 ve}
569 1187 652 1215 etiam
677 1188 768 1215 donec
788 1186 867 1215 vivet
891 1188 1015 1223 tertius,
1046 1189 1096 1225 qui
1123 1190 1235 1218 nullum
1259 1191 1320 1228 eius
1345 1190 1573 1218 emolumentum

11 1244 14 1247 ’
35 1234 195 1271 .percipit;
216 1235 275 1262 imo
295 1241 394 1270 potest
417 1236 489 1262 idem
514 1237 678 1270 constitui,
697 1236 788 1264 donec
810 1236 868 1264 duo
882 1238 928 1267 vel
945 1239 1043 1274 piures
1069 1241 1189 1276 vivent,
1209 1247 1268 1270 art,
1292 1249 1383 1278 1971,
1405 1248 1447 1277 sq.
1491 1239 1573 1267 Hinc

49 1293 160 1323 porro,
181 1293 271 1321 quum
293 1285 381 1314 annui
407 1291 577 1314 contractus
598 1286 710 1314 nullum
733 1287 867 1318 effectum
893 1291 1012 1328 habeat,
1042 1293 1066 1322 si
1091 1294 1138 1329 is,
1161 1295 1197 1324 ad
1220 1295 1305 1331 cujus
1328 1294 1419 1322 vitam
1443 1299 1577 1321 annuum

49 1337 251 1375 praestandum
276 1343 339 1372 est,
365 1337 423 1373 iam
445 1344 578 1366 mortuus
603 1344 647 1366 est
672 1344 800 1375 tempore
826 1339 960 1370 celebrati
990 1350 1178 1381 contractus,
1207 1345 1342 1381 sequitur
1361 1351 1488 1373 annuum
1511 1342 1574 1378 peti

51 1395 110 1417 non
133 1396 239 1424 posse,
260 1388 287 1416 si
311 1388 355 1423 is,
385 1388 436 1424 qui
459 1394 613 1417 contractu
641 1389 809 1425 nominatus
831 1397 896 1429 est,
926 1401 960 1422 eo
983 1399 1112 1431 tempore
1135 1396 1276 1431 abfuerit,
1304 1395 1438 1432 quoniam
1457 1395 1515 1431 jam
1539 1393 1576 1422 de

55 1439 118 1476 ejus
141 1439 200 1468 vita
223 1440 268 1468 vel
289 1447 378 1468 morte
400 1448 459 1469 non
488 1447 615 1471 constat.
655 1441 791 1471 Similiter
819 1443 939 1473 maritus
965 1445 999 1474 ab
1029 1446 1181 1475 heredibus
1207 1447 1309 1476 uxoris
1343 1446 1482 1475 Absentis
1506 1442 1576 1481 cogi

50 1490 172 1526 nequir,
200 1496 235 1518 ut
251 1491 346 1519 dotem
373 1492 529 1527 restituat,
555 1491 612 1520 nisi
633 1493 758 1528 probent
784 1495 883 1523 uxoris
912 1496 1045 1532 obitum,
1076 1499 1211 1534 quoniam
1241 1499 1305 1535 jure
1329 1498 1424 1525 dotem
1446 1495 1568 1523 retinere

8 1573 11 1577 Δ
50 1547 150 1578 potest
173 1543 318 1577 maritus,
342 1551 435 1578 usque
463 1544 531 1572 dum
565 1553 682 1573 uxorem
704 1546 864 1576 decessisse
888 1548 1041 1584 probatum
1067 1548 1165 1577 fuerit.
1207 1547 1284 1576 Hinc
1312 1555 1431 1583 quoque
1452 1546 1576 1575 donata-

51 1590 129 1626 rius,
152 1591 202 1626 qui
224 1599 239 1619 a
258 1592 394 1620 donatore
415 1594 600 1622 donationem
623 1596 706 1632 iusto
731 1597 865 1633 majorem
898 1598 1044 1634 accepisse
1071 1599 1219 1635 arguitur,
1248 1598 1283 1628 ab
1306 1598 1477 1633 heredibus,
1506 1596 1577 1632 quin-

0 1679 1 1683 *
37 1639 109 1670 'bus
130 1642 228 1678 portio
250 1642 280 1670 in
305 1643 457 1672 hereditate
479 1644 591 1681 legibus
616 1653 800 1684 reservatur,
828 1649 915 1677 bonis
940 1651 1068 1686 acceptis
1096 1650 1202 1686 privari
1225 1649 1347 1685 nequit,
1379 1649 1436 1677 nisi
1459 1656 1579 1677 succes-

0 1695 1 1722 }
49 1692 127 1722 aioni
146 1694 293 1722 donatoris
318 1695 461 1724 Absentis
481 1696 564 1724 locus
588 1697 644 1733 sit,
671 1699 800 1734 adeoque
823 1700 885 1736 ejus
909 1701 1008 1730 obitus
1032 1701 1084 1730 rite
1109 1701 1248 1736 probetur
1263 1720 1274 1736 ‚
1304 1705 1366 1729 art.
1388 1708 1481 1735 9223
1511 1697 1575 1727 vid..

51 1743 221 1782 Proudhon,
248 1755 280 1782 p.
307 1748 379 1783 138,
400 1757 448 1784 sq.
489 1749 628 1779 Similiter
647 1751 728 1782 liberi
748 1760 878 1789 tempore
900 1753 1007 1781 delatae
1031 1751 1196 1780 hereditatis
1222 1751 1365 1780 Absentes
1394 1757 1501 1786 partem
1525 1747 1571 1777 fa-

53 1802 116 1824 eere
141 1804 198 1826 non
223 1797 356 1827 videntur
390 1799 419 1827 in
444 1803 640 1837 computanda
669 1803 847 1840 reliquorum
884 1805 1021 1841 portione
1061 1802 1216 1840 legitima3
1259 1801 1339 1832 conf.
1368 1801 1512 1836 Paillc'ct,
1541 1797 1580 1830 ad

54 1852 116 1876 art.
139 1848 217 1884 136.,
237 1857 271 1884 p.
292 1858 328 1887 75
348 1848 377 1878 in
402 1850 451 1879 fin.
465 1872 475 1886 ‚
496 1859 544 1887 sq.

94 1897 206 1934 Sponte
230 1907 298 1929 vero
321 1908 437 1937 apparet
458 1902 526 1931 haec
553 1904 647 1933 omnia
663 1911 773 1934 tantum
799 1906 933 1936 universe
960 1906 1090 1935 affirmari
1124 1912 1212 1942 posse
1239 1904 1273 1932 de
1298 1908 1395 1939 statu,
1427 1902 1475 1938 qui
1496 1907 1576 1937 prae²

5 1958 7 1967 ·
55 1947 130 1976 cedit
155 1949 368 1980 declarationem
395 1952 568 1990 Absenti-ae,
596 1963 659 1984 nam
685 1958 755 1992 quid
776 1957 850 1995 juris
872 1958 910 1986 sit
935 1958 1044 1986 ratione
1078 1964 1198 1991 eorum,
1230 1955 1280 1991 qui
1306 1960 1378 1991 post
1405 1953 1578 1982 declaratam

53 1997 218 2030 Absentiam
239 2001 293 2031 sub
317 2002 483 2033 conditione
509 2006 611 2036 mortis
635 2007 783 2038 Absentis·
807 2009 942 2046 quaedam
966 2008 1032 2047 iura
1060 2008 1096 2037 ab
1118 2006 1274 2036 heredibus
1302 2006 1331 2034 in
1357 2003 1573 2041 possessionem

1504 2058 1576 2084 mm
