1913 2417
699 109 1129 160 ‚ORATIQ
1629 120 1669 158 15

187 203 361 249 prudenter
389 203 489 245 ipsius
517 208 650 235 naturae
671 202 755 234 vires
776 203 809 234 in
829 210 1050 237 nostrosiusus
1075 208 1319 240 convertamus,
1346 213 1386 233 ne
1408 203 1505 235 nimis
1530 197 1668 238 delendo·

187 268 318 293 naturae
342 259 487 291 ordinem
511 258 702 298 turbemus,
731 271 766 291 ac
787 259 861 302 fuga
893 260 1020 291 levioris
1049 259 1159 290 damni
1196 258 1327 300 majoris
1354 260 1533 301 periculum
1556 262 1668 294 subea.

188 328 273 349 mus.
327 319 407 347 Haec
433 322 527 359 agant
552 317 696 348 acerrimi
720 317 888 360 Zuifilogiae
912 317 1059 348 cultores.
1104 316 1171 346 Nos
1197 320 1302 345 autem
1329 321 1418 346 tanto
1440 316 1531 359 digni
1559 318 1667 351 labore

189 374 250 404 alia
275 372 460 403 utilissimae
488 371 586 414 hujus
605 372 791 415 disciplinae
815 381 979 416 praecepta
997 373 1036 403 ad
1057 371 1184 403 subdita
1203 371 1298 402 nobis
1315 372 1463 404 animalia
1482 373 1664 408 referemus,

188 430 318 462 Avitam
343 430 493 461 virtutem
522 429 555 460 in
583 430 701 460 nostris
724 430 871 472 juvencis
896 429 1176 466 conservabimus,
1200 434 1295 471 atque
1311 427 1352 460 ab
1370 431 1460 460 omni
1478 429 1668 463 desistemus

191 485 378 530 proposito,
401 484 490 516 unde
512 484 710 523 efficeretur,
730 492 763 517 ut
790 486 916 529 egregia
933 492 1027 529 atque
1045 485 1084 516 ab
1103 485 1219 515 exieris
1243 491 1409 526 tantopere
1427 485 1551 517 laudata
1567 486 1667 519 boum

188 549 372 575 nostrarum
398 543 532 573 varietas
552 542 768 584 degeneraret.
793 541 951 580 stabulis,
978 553 1044 573 non
1061 541 1219 578 vestibus,
1250 552 1359 572 vaccas
1376 548 1499 574 nostras
1518 543 1558 574 ab
1585 545 1668 576 aeris

189 599 299 642 frigidi
323 606 418 642 atque
444 598 568 629 humidi
594 600 782 642 intemperie
814 599 997 637 tuebimur3
1021 599 1231 641 Perspicitnus
1257 601 1344 629 enim
1376 610 1523 641 pannos,
1548 600 1668 643 quibus

192 661 359 698 teguntur,
385 655 592 686 vehementer
620 667 735 687 nocere
755 656 863 699 pluvia
888 655 938 686 vel
964 665 1036 686 rore
1061 653 1244 693 madentes3
1276 655 1412 686 madidis
1436 657 1523 687 enim
1552 658 1670 700 pannis

192 723 289 755 aqua,
323 723 404 754 quae
436 711 585 753 ampullis
614 719 813 748 continetur,
847 709 1060 753 refrigeratur.
1104 712 1209 742 Lanae
1238 718 1364 743 nostrae
1397 714 1535 755 pretium
1567 725 1667 757 auge.

189 768 299 799 bimus
319 769 430 798 ovium
457 775 639 799 nostrarum
667 766 870 799 varietatibus
901 766 1184 809 praestantioribus
1210 767 1391 800 reddendis,
1438 770 1569 812 Apiaria
1596 782 1669 802 nos.

191 831 239 855 tra
261 824 301 855 ad
327 827 541 855 oeconomiae
565 824 679 856 ruralis
706 831 871 866 praecepta
895 823 1225 862 accommodabimus,
1248 835 1307 856 nec
1337 831 1461 856 tantum
1487 827 1667 870 intercipie-

192 891 265 912 mus
293 881 458 918 examina,
480 880 534 912 sed
563 881 623 923 ipsi
650 880 744 911 novis
771 879 908 911 coloniis
930 880 1126 918 deducendis
1153 880 1357 919 cavebimus,
1382 893 1423 913 ne
1443 884 1539 914 nimis
1564 884 1669 928 reple*-

191 945 289 969 antur
308 937 406 975 alvei,
428 944 483 968 aut
508 944 597 980 justo
624 936 715 979 plura
731 943 845 968 exeant
867 939 1026 969 examina.
1073 937 1110 968 ln
1131 937 1300 969 utilissima
1314 949 1382 969 non
1399 940 1575 971 saeviemus
1593 942 1662 972 aui·

191 993 349 1031 malcula,
372 993 428 1025 sed
455 995 494 1024 iis
522 1004 710 1037 parcemus,
734 1000 770 1024 ut
787 996 904 1025 nostris
928 994 989 1036 ipsi
1003 993 1181 1026 commodis
1198 995 1416 1027 inserviamus.
1462 997 1673 1030 Animalibus

195 1049 378 1081 domesticis
409 1051 648 1092 aegrotantibus
674 1061 742 1081 non
766 1049 966 1081 medebimur
992 1051 1072 1092 ipsi,
1096 1061 1155 1081 nec
1172 1051 1275 1082 cuivis
1289 1058 1417 1094 agyrtae
1440 1063 1563 1084 morem
1581 1065 1668 1097 gere.

194 1116 287 1144 mus,
309 1105 503 1136 salutiferam
526 1105 771 1148 implorabimus
788 1112 904 1137 artem.
950 1106 1053 1136 Falsas
1067 1116 1101 1136 ae
1115 1106 1344 1149 praejudicatas
1365 1109 1535 1151 opiniones
1552 1120 1666 1142 omnes

193 1161 396 1204 abjiciemus,
427 1172 464 1193 ac
499 1169 642 1193 veterum
674 1161 790 1193 fabulis
816 1163 1030 1193 recentiorum
1057 1162 1265 1204 Physicorum
1288 1163 1411 1195 lumina
1439 1165 1675 1199 substituentes-

190 1228 260 1249 non
292 1217 459 1249 credemus
492 1228 566 1260 apes
588 1229 606 1248 e
631 1217 785 1249 carnibus
808 1217 947 1261 putridis
966 1219 1060 1255 oriri,
1093 1230 1152 1250 nec
1186 1221 1286 1262 magis
1310 1231 1434 1252 vermes
1466 1221 1556 1261 illos,
1586 1233 1680 1266 quos<

188 1274 344 1305 Fasciolas
368 1273 527 1316 hepaticas
552 1274 684 1317 zoblogi
708 1281 843 1313 vocant,
872 1276 909 1305 in
932 1274 1059 1308 herbis.
1085 1286 1183 1319 quam
1206 1277 1326 1319 gryllos
1347 1280 1383 1309 in
1411 1279 1523 1310 ovium
1551 1279 1673 1322 hepate·

191 1340 390 1373 quaeremuS.
435 1330 483 1361 Ad
501 1330 646 1362 debitum
658 1332 779 1363 victum
799 1339 831 1363 et
836 1332 963 1374 justum
980 1332 1123 1374 regimen
1147 1339 1298 1375 tanquam
1315 1334 1355 1365 ad
1377 1336 1498 1379 optima
1515 1337 1660 1367 sanitatis

193 1387 330 1418 tuendae
355 1387 511 1428 praesidia
539 1387 787 1432 confugiemus,
811 1399 847 1419 ac
873 1395 963 1431 grato
982 1389 1092 1420 animo
1117 1390 1227 1421 omnia
1245 1391 1455 1435 arripiemus,
1479 1403 1561 1436 quae
1581 1392 1673 1428 hano*

194 1450 337 1478 nostram
363 1449 462 1475 artem
489 1454 604 1488 augere
631 1456 668 1477 ac
695 1446 863 1478 certiorem
888 1445 1020 1478 reddere
1043 1446 1186 1490 possint.

234 1610 294 1643 Sed
314 1613 442 1644 veniam
469 1623 526 1651 eo,
547 1624 615 1657 quo
636 1613 735 1647 officii
761 1615 842 1647 ratio
860 1626 912 1648 me
929 1622 1042 1654 vocat,
1064 1622 1103 1648 ut
1116 1616 1246 1660 publice
1267 1616 1359 1650 vobis
1375 1624 1502 1661 gratum
1521 1618 1675 1653 animum:

195 1667 344 1700 testificer
355 1692 364 1708 ,
400 1671 468 1701 Viri
501 1672 706 1715 Amplissimi
717 1696 728 1712 ,
753 1672 944 1704 Academiae
972 1672 1069 1715 hujus
1094 1676 1280 1713 Curatores,
1322 1675 1441 1718 quibus
1482 1676 1677 1708 auctoribus·

192 1724 259 1756 Rex
271 1726 526 1767 Angustissimus
545 1735 617 1769 post
635 1735 757 1760 tristem
774 1736 805 1761 et
821 1731 1030 1761 immaturum
1038 1729 1215 1763 Clarissimi
1234 1742 1364 1765 xm-:Yn
1375 1743 1425 1763 130
1436 1742 1518 1764 [ΕΗ
1541 1732 1676 1764 obitum=

192 1781 406 1813 oeconomiae
425 1782 540 1814 ruralis
558 1783 728 1816 tradendae
745 1787 943 1829 provinciam
961 1786 1001 1818 ad
1018 1797 1070 1818 me
1087 1785 1220 1827 detulit,
1242 1789 1277 1820 in
1292 1800 1357 1832 qua
1373 1788 1504 1832 quidem
1519 1801 1553 1821 re
1567 1791 1668 1832 insig‘.

191 1846 266 1872 nem
289 1845 436 1874 vestrum*
455 1842 575 1884 agnovi
597 1840 740 1875 favorem
761 1853 799 1877 ac
822 1843 1005 1878 benivolam
1027 1843 1067 1877 de
1094 1855 1147 1878 me
1162 1846 1306 1890 meisque
1328 1845 1443 1878 studiis
1458 1846 1665 1878 existimatio·

1565 1911 1673 1944 nem„
