1913 2417
280 174 344 221 ζ»,
546 159 781 200 JACOBI
837 155 1146 201 HERMANI
1201 154 1523 188 PHILIPSE

286 258 333 285 se,
359 245 470 277 abunde
500 250 616 274 constat
640 252 674 272 ex
696 243 768 279 ipsis
793 247 890 269 eorum
913 238 1092 268 sermonibus
1115 243 1142 266 et
1162 237 1420 274 disceptationibus
1444 238 1494 274 qui
1519 239 1594 275 leges
1619 245 1806 277 suaserunt,

284 307 367 329 easve
391 297 512 327 examini
532 295 726 324 submiserunt
750 293 779 321 in
809 289 946 319 Concilio
978 290 1113 319 Franciae
1139 297 1302 326 *suprem03
1331 291 1400 319 adeo
1427 296 1459 319 ut
1491 289 1576 319 facile
1598 290 1801 328 intelligatur,

287 357 426 386 quosnam
452 356 502 385 per
524 345 717 376 excellentiam
750 342 922 371 Absentium
944 341 1060 370 nomine
1092 341 1238 378 designare
1268 341 1426 378 legislatori
1457 341 1596 377 placuerit
1623 342 1699 379 (Ι).
1740 341 1796 371 Uti

282 401 376 436 enim,
407 399 458 435 qui
483 399 516 427 de
539 396 623 427 novis
645 394 757 431 legibus
788 393 928 430 judicium
954 393 1081 421 tulerunt
1107 393 1137 421 in
1170 392 1357 421 Consistorio
1383 391 1549 428 Principis,
1578 400 1683 428 easque
1716 392 1800 429 sigil-

282 451 361 480 latim
387 450 507 479 examini
536 447 732 477 submiserunt
757 444 811 474 viri
841 443 1034 480 amplissimi,
1062 443 1150 479 probe
1182 449 1345 478 noverunt,
1379 443 1569 480 vigilantibus
1597 444 1662 481 jura
1683 449 1802 472 tantum

286 509 468 536 succurrere,
496 506 588 536 neque
620 497 677 527 nisi
709 496 746 525 ob
778 492 925 532 urgentem
956 494 1152 523 necessitatem
1179 493 1286 531 judicis
1315 502 1401 529 esse,
1431 493 1537 523 civium
1566 494 1652 524 bonis
1685 502 1800 524 eorum·

286 561 341 590 que
367 551 526 581 rationibus
549 557 580 578 se
607 547 784 582 immiscere,
814 554 849 575 ne
872 554 1024 575 commune
1052 545 1126 574 illud
1148 546 1380 580 receptaculum,
1408 551 1436 574 et
1467 545 1620 575 sacrarium
1650 546 1795 583 cujusque

284 604 356 632 civis
388 603 533 638 violetur,
564 606 593 629 et
621 598 745 628 curiosis
776 603 869 634 pateat
894 598 978 635 (ωε
1009 597 1051 625 sic
1081 596 1154 625 inter
1182 604 1281 625 omnes
1315 596 1475 632 constitit,
1508 605 1569 626 non
1590 596 1648 626 nisi
1673 596 1798 634 pruden-

283 654 396 683 tissime
420 653 468 682 hic
496 651 707 689 procedendum
744 657 826 685 esse,
855 655 883 678 et
914 649 1041 686 urgentis
1073 654 1183 677 tantum
1217 647 1396 676 necessitatis
1429 647 1566 677 rationem
1598 656 1661 677 esse
1689 647 1796 676 haben-

285 706 369 740 dam,
390 712 425 733 ne
452 704 501 740 qui
522 708 641 740 propter
665 701 831 730 Absentiam
854 700 940 729 bonis
964 699 1129 736 prospicere
1153 705 1315 734 nequeant,
1341 705 1391 728 aut
1412 699 1460 727 alii
1470 720 1485 736 ,.
1510 699 1684 735 quibuscum
1708 706 1797 735 nego-

285 757 356 785 tium
384 756 537 793 gerendum
561 754 617 789 sit,
639 759 688 782 aut
711 760 832 788 quorum
865 751 1091 787 obligationibus
1121 751 1158 780 ab
1181 751 1308 779 Absente
1328 751 1486 779 contractis
1508 749 1640 779 satisfieri
1664 749 1798 783 intersit,

288 808 358 844 quid
381 805 542 835 detrimenti
566 805 697 841 capiant3
719 804 767 832 cui
791 811 818 832 et
847 809 1029 837 consequens
1056 801 1220 836 videbatur,
1247 810 1315 835 eos,
1345 802 1417 837 qui,
1444 809 1511 830 cum
1540 800 1626 829 bonis
1651 800 1799 836 prospice-

292 867 322 887 re
345 857 528 894 potuissent,
559 855 700 890 habeant,
732 855 811 890 quod
836 854 892 883 sibi
916 853 1057 889 imputent
1085 852 1110 880 si
1139 853 1277 890 jacturam
1302 851 1430 887 faciant,
1456 857 1505 880 aut
1531 852 1632 881 damna
1655 850 1800 886 experian-

288 916 358 944 tur,
379 908 451 945 legis
479 907 586 936 auxilio
611 915 670 936 non
693 914 755 934 esse
785 905 980 942 adjuvandos,
1017 904 1076 933 imo
1109 904 1225 932 nimiam
1259 903 1362 933 horum
1393 911 1488 932 curam
1520 903 1688 939 plerumque
1709 900 1798 937 magis

287 961 467 995 nocituram,
496 966 579 994 quam
608 956 812 994 profuturam,
839 964 904 983 cum
931 956 974 983 sic
997 955 1026 983 in
1050 954 1222 983 Absentium
1248 954 1449 983 detrimentum
1479 953 1565 982 facile
1594 961 1694 982 areana
1723 952 1800 981 dete-

286 1017 439 1048 gerentur,
461 1017 533 1045 quae
552 1009 639 1037 latere
663 1007 737 1044 ipsis
760 1007 850 1043 magis
881 1007 1064 1035 conduceret.
1109 1005 1290 1042 Quamquam
1313 1011 1341 1033 et
1369 1005 1518 1034 nonnullis
1548 1004 1680 1034 Concilii
1703 1010 1802 1039 supre-

288 1061 327 1091 mi
352 1061 412 1094 sive
442 1060 620 1090 Consistorii
649 1058 794 1095 Principis
825 1057 915 1086 sociis
942 1058 1081 1086 Absenti:
1108 1057 1284 1086 vocabulum
1320 1056 1406 1085 nimis
1434 1057 1489 1084 late
1512 1062 1609 1092 patere
1632 1054 1803 1090 videbatur,

287 1113 318 1142 id
340 1121 400 1142 non
419 1120 452 1142 eo
474 1111 601 1141 valuisse
621 1109 753 1145 videtur,
781 1115 814 1138 ut
840 1108 951 1145 vulgari
981 1108 1033 1136 hac
1056 1116 1130 1137 voce
1155 1116 1215 1137 non
1240 1113 1388 1136 uterentur
1413 1107 1444 1136 in
1471 1107 1528 1136 hoc
1550 1105 1672 1136 Codicis
1694 1105 1805 1141 titulo,

291 1172 357 1194 cum
381 1170 408 1192 et
429 1163 501 1200 legis
525 1170 604 1191 mens
626 1161 696 1190 satis
721 1166 815 1196 aperte
835 1159 972 1188 declarata
995 1159 1156 1196 videretur,
1185 1165 1213 1188 et
1228 1167 1266 1188 ex
1285 1157 1426 1188 omnibus
1444 1157 1501 1186 fere
1522 1157 1670 1193 articulis,
1695 1157 1804 1193 quibus

291 1215 432 1245 dividitur
457 1214 506 1242 lex
531 1214 565 1242 de
587 1211 790 1245 Absentibus,
814 1216 943 1247 pateret,
964 1210 1120 1239 Absentem
1144 1210 1288 1239 strictiore
1309 1209 1356 1237 hic
1374 1216 1460 1238 sensu
1476 1209 1617 1246 intelligi,
1637 1215 1665 1238 et
1687 1209 1806 1245 insuper

290 1267 347 1296 alio
371 1255 438 1295 loco
463 1264 529 1299 illi,
557 1263 608 1299 qui
632 1269 709 1291 extra
734 1262 830 1290 locum
854 1260 1017 1296 domicilii,
1043 1267 1095 1289 aut
1117 1261 1166 1290 ubi
1188 1261 1259 1296 quid
1282 1261 1425 1297 agendum
1445 1266 1513 1296 est,.
1534 1266 1695 1296 vagantur,
1730 1267 1805 1295 quo-

289 1326 354 1347 rum
380 1322 473 1345 autem
495 1315 530 1343 de
550 1314 610 1344 vita
632 1318 767 1348 constat,
795 1311 926 1340 dicantur
947 1319 1003 1340 non
1021 1317 1207 1349 praesentes,
1234 1318 1264 1340 et
1293 1311 1347 1339 rite
1371 1311 1586 1348 distinguantur
1609 1311 1644 1339 ab
1672 1310 1810 1339 Absenti·

291 1369 350 1398 bus.
386 1366 472 1404 (vid.
496 1370 556 1394 art.
576 1364 642 1402 840.
666 1363 734 1392 Coa.
761 1362 853 1400 (Σίν.)

331 1419 371 1447 At
398 1417 466 1446 hinc
487 1415 647 1452 quaesitum
676 1413 754 1448 fuit,
782 1421 850 1442 num
875 1414 978 1442 horum
1008 1420 1104 1441 curam
1133 1411 1250 1448 penitus
1278 1413 1410 1441 omittere
1438 1412 1567 1441 debuerit
1590 1412 1756 1449 legislator?
1780 1416 1808 1442 et

295 1477 392 1500 nonne
415 1468 445 1496 in
471 1467 524 1495 hac
548 1466 582 1495 de
615 1465 794 1494 Absentibus
820 1463 933 1493 materia
956 1465 1112 1492 nonnullas
1144 1463 1241 1491 saltem
1271 1465 1383 1500 regulas
1414 1464 1556 1500 generales
1590 1463 1724 1492 omnibus
1745 1463 1808 1492 Ab·

295 1515 428 1550 sentibus
456 1517 587 1546 universe
607 1516 743 1552 applicari
768 1522 930 1551 oporteret,
963 1522 1035 1549 quae
1065 1520 1177 1542 tantum
1209 1514 1487 1543 administrationem
1519 1514 1662 1543 bonorum
1696 1520 1809 1550 specta-

294 1570 375 1600 rent?
405 1569 439 1597 In
466 1567 606 1596 contraria
628 1565 769 1595 sententia
790 1573 985 1601 perseverasse
1007 1564 1140 1593 videntur
1165 1565 1260 1600 legum
1287 1564 1516 1600 disceptatores,
1540 1572 1633 1600 neque
1655 1564 1712 1593 alio
1735 1573 1805 1594 con-

294 1622 362 1652 silio
384 1621 435 1649 has
462 1618 646 1655 quaestiones
670 1616 803 1645 retulisse
830 1616 943 1644 videtur
966 1615 1097 1644 Locreus
1119 1615 1250 1643 adhunc
1279 1615 1375 1644 locum
1400 1616 1486 1651 (3),
1512 1615 1587 1651 nisi,
1618 1622 1648 1643 ut
1673 1616 1737 1644 inde
1758 1624 1808 1653 ορ·-

295 1678 424 1711 pareret,
445 1670 525 1700 solos
547 1668 689 1697 Absentes
717 1676 802 1696 sensu
825 1667 953 1703 legitimo
983 1673 1010 1694 et
1033 1666 1177 1694 strictiore
1202 1667 1272 1694 tales
1306 1662 1445 1694 contineri
1469 1666 1514 1694 his
1538 1666 1685 1701 articulis,
1714 1674 1808 1701 neque

295 1723 412 1752 caeteris
433 1723 455 1752 i.
481 1729 505 1749 e.
533 1727 592 1748 nou
615 1718 835 1755 praesentibus,
864 1726 913 1746 eos
935 1717 1072 1753 applicari
1097 1725 1203 1753 posse,
1235 1725 1300 1745 cum
1333 1716 1435 1745 horum
1468 1716 1628 1744 commodis
1653 1716 1810 1751 superiori-

298 1774 355 1803 bus
381 1773 493 1809 legibus
518 1769 588 1800 satis
611 1770 649 1799 sit
666 1775 853 1806 prospectum
880 1768 966 1807 (4),
995 1776 1087 1804 neque
1111 1768 1167 1797 ulla
1191 1768 1222 1797 in
1243 1773 1323 1804 parte
1348 1768 1426 1796 hisce
1455 1775 1549 1797 novus
1568 1767 1668 1796 Codex
1692 1767 1811 1802 deroga-

1763 1824 1811 1847 ve-

327 1873 377 1902 (1)
397 1874 466 1895 Vidd,
480 1871 563 1899 Motis}
582 1876 603 1892 n
625 1871 687 1898 conf,
708 1870 737 1891 du
761 1869 814 1891 eoae
836 1871 864 1892 ad
887 1869 974 1893 initium
996 1870 1046 1897 cap.
1063 1876 1082 1894 Ι.
1104 1869 1128 1890 de
1148 1869 1243 1891 Abum.
1262 1867 1350 1898 passim.

329 1916 361 1942 (ι
375 1917 379 1921 ⁴
401 1915 445 1936 Vid
477 1913 609 1939 anlevNIe,
624 1912 719 1938 Analyse
739 1912 839 1935 miserm,
862 1912 926 1934 Tom.
939 1913 956 1935 Ι,
983 1914 1010 1934 gd
1033 1917 1073 1935 art,
1087 1917 1135 1934 ιη,

326 1956 375 1983 (2)
398 1953 450 1976 vid.
471 1954 549 1979 Exprit
567 1953 595 1974 du
616 1953 668 1973 CA,
688 1953 747 1979 an.
766 1954 802 1975 ed.
825 1953 847 1974 in
869 1953 940 1974 sonna
954 1954 975 1975 8.
997 1954 1062 1975 Tom.
1075 1953 1105 1974 ll.
1128 1957 1178 1979 pag.
1193 1957 1327 1980 29¹,seqq.

330 1997 383 2026 (4)
405 1997 473 2018 Vidd.
490 1995 546 2021 legg.
565 2000 592 2021 ’.η
612 1995 671 2019 Aug,
693 1999 748 2021 ¹790
773 1999 796 2015 et
819 1999 842 2016 η
858 1993 921 2016 Febr.
944 1999 967 2016 et
984 1995 998 2016 6
1019 1994 1096 2016 octob.
1113 1998 1174 2020 ¹79¹-
1204 1993 1265 2016 conf.
1281 1991 1351 2012 Locri
1368 1991 1384 2015 1.
1397 1991 1411 2014 l.
1431 1997 1455 2018 p.
1470 1996 1526 2017 294,
1543 1994 1594 2018 :95-
1625 1990 1744 2014 Neminem
1762 1998 1817 2020 qu·-

303 2045 347 2068 με
368 2039 435 2061 latere
455 2039 546 2065 potest,
569 2036 678 2063 quaedam
699 2034 722 2058 in
740 2035 827 2059 codice
846 2037 898 2062 loc·
918 2034 1027 2064 reperiri,
1045 2033 1084 2058 ubl
1103 2033 1206 2058 universe
1228 2034 1256 2056 de
1276 2033 1380 2056 omuibus
1399 2032 1553 2060 timentibus,
1569 2032 1636 2054 etiam
1650 2033 1731 2055 miore
1748 2039 1815 2056 semu

1777 2079 1816 2096 ιο.
