1913 2417
297 172 333 203 μ
466 180 469 181 ⁷
565 161 804 203 ,traco—1³1
861 159 1171 190 HERMANI
1228 150 1540 191 parmasu

304 246 444 277 Absentia
465 245 590 283 legitime
616 246 754 275 declarata
782 249 843 279 est3
874 243 966 272 hosce
986 243 1060 272 enim
1086 248 1196 271 tantum
1226 249 1353 278 spectare
1369 242 1530 271 doctrinam
1550 246 1611 271 art.
1633 248 1719 280 1351,
1744 250 1810 281 sqq.
1832 276 1836 282 ἱ

308 306 397 334 quum
429 298 487 326 illis
509 298 578 326 satis
613 302 797 332 prospectum
823 294 861 323 sit
884 293 988 331 Capite
1013 297 1058 330 1„
1086 294 1114 322 in
1146 302 1204 329 quo
1230 292 1263 321 de
1291 293 1418 322 Absente
1446 299 1609 329 praesumto
1643 292 1756 329 agitur,
1783 299 1813 322 et

311 349 362 377 ubi
386 349 505 384 insuper
530 349 558 376 in
588 352 648 375 art.
672 354 736 381 113.
764 353 897 380 expressa
917 345 1029 382 mentio
1051 344 1084 373 fit
1107 344 1287 381 negotiorum
1317 345 1353 373 ad
1375 342 1537 372 hereditatis
1561 342 1621 379 ipsi
1642 343 1748 371 delatae
1771 343 1814 372 di·

308 399 450 429 visionem
471 396 692 434 pertinentium,
722 401 800 424 certo
821 395 948 431 indicio,
976 396 1113 424 articulos
1139 400 1238 430 postea
1257 394 1312 431 Legi
1337 395 1464 422 insertos
1485 400 1600 422 tantum
1621 393 1759 429 pertinere
1780 393 1816 422 ad

311 459 383 485 eos,
405 457 479 485 quos
504 448 602 483 Caput
612 444 642 475 Ἰ.
664 454 723 475 non
745 445 956 481 complectitur.
996 445 1031 475 ld
1053 451 1145 474 autern
1168 444 1331 480 praesertim
1352 444 1388 472 iis
1408 444 1541 480 prodesse
1557 451 1718 480 asseverat,
1741 452 1817 480 quo.

314 509 398 534 rum,
420 507 484 527 cum
512 498 677 534 plerumque
698 496 841 525 Absentes
864 496 894 525 in
917 497 1004 526 alium
1027 496 1123 525 locum
1149 495 1304 531 migrantes
1329 495 1418 524 multa
1440 503 1539 523 secum«
1559 502 1671 523 sumere
1686 496 1821 530 soleant,

311 551 386 580 tanti
407 559 466 579 non
485 550 602 578 interest
617 547 785 576 Absentiam
804 547 927 583 legitime
942 547 1092 582 declara1i3
1115 545 1194 574 hisce
1210 547 1283 573 enim
1303 552 1362 574 non
1376 546 1540 574 nociturum
1559 552 1660 582 putat,
1682 546 1708 574 si
1723 545 1820 574 omnia

314 602 363 631 illa
387 600 535 635 solennia,
557 607 628 634 quae
646 597 801 626 Absentiae
819 597 971 626 declaratio
992 597 1150 631 desiderat,
1170 596 1312 632 negligere
1331 596 1498 630 maluerint,
1521 596 1659 631 quoniam.
1678 597 1823 626 hereditas

312 653 424 682 interim
447 650 570 680 Absenti
592 650 680 678 delata
697 656 749 684 pro
766 655 799 676 eo
816 648 1060 676 administrabitur
1074 648 1233 677 seeundum
1257 652 1320 676 art.
1339 654 1400 683 113.
1424 653 1451 674 et
1468 646 1587 681 insuper
1603 654 1705 682 nemo,
1723 647 1754 676 in
1767 654 1825 676 cu·

313 706 362 742 jus
384 699 503 731 mortem
527 700 699 736 probandam
725 699 782 726 huc
810 707 901 734 usque
924 699 996 728 nihil
1020 699 1183 735 impensum
1209 703 1272 739 est,
1293 697 1375 724 facile
1400 702 1534 724 mortuus
1555 696 1651 725 haberi
1670 696 1767 727 debet..

356 754 411 782 Sed
437 761 472 781 an
495 751 585 788 igitur
611 750 766 778 Absentiae
790 750 941 778 declaratio
966 749 1069 778 nititur
1095 750 1157 778 sola
1186 748 1287 777 mortis
1311 747 1544 783 praesumtione,
1573 747 1612 775 ita
1634 754 1668 775 ut
1690 754 1826 784 tempus,

317 805 396 840 quod
419 810 499 832 antea
518 799 675 836 effluxerit,
699 800 760 828 sine
781 802 836 829 ulla
858 801 1036 829 dubitatione
1059 801 1134 828 vitae
1154 798 1298 828 accenseri
1323 797 1444 826 debeat?
1490 797 1537 825 Sic
1554 798 1662 833 optime
1677 798 1732 827 sibi
1752 807 1824 828 con.-

316 856 462 889 sulerent,
483 853 534 889 qui
559 861 594 881 ex
616 851 755 880 Absentis
779 851 950 885 hereditate,
979 851 1078 888 ejusve
1100 849 1290 887 possessione
1312 848 1477 883 fiduciaria,
1499 841 1627 885 magnam
1653 838 1727 877 lucri
1744 857 1825 886 spem

315 914 376 936 non
400 905 552 938 foverent,
573 911 632 932 non
655 902 782 938 urgendo
805 902 879 931 hanc
903 902 1094 938 petitionem,
1111 901 1161 930 sed
1183 900 1402 936 exspectando,
1422 899 1512 928 donee
1530 899 1669 928 hereditas
1685 901 1825 936 quaedam

315 957 345 986 ei
379 956 566 990 obvenisset,
593 954 669 983 unde
702 954 795 990 majus
826 953 1050 982 emolumentum
1085 960 1199 989 sperare
1230 951 1340 980 liceret.
1381 952 1422 979 At
1452 958 1488 978 ne
1511 950 1573 986 ipse
1599 949 1712 986 quidem
1732 951 1831 988 JCtus

316 1008 388 1036 illud
413 1006 499 1035 facile
521 1005 670 1040 tuebitur,
691 1012 781 1040 quum
804 1005 890 1042 paulo
914 1011 999 1040 ante,
1023 1011 1059 1040 p.
1078 1011 1141 1039 152.
1154 1024 1169 1038 ,¹
1188 1002 1390 1037 affirmaverit,
1406 1000 1491 1028 etiam
1510 1008 1577 1036 post
1590 1001 1758 1030 Absentiam
1780 1003 1830 1030 de·

318 1059 451 1086 claratam
474 1057 630 1085 Absentem
655 1063 748 1091 neque
770 1061 934 1090 mortuum,
956 1062 1052 1091 neque
1071 1054 1168 1082 vivum
1190 1053 1307 1088 haberi,
1328 1053 1415 1087 idque
1437 1058 1558 1086 prorsus
1583 1051 1736 1080 conveniat
1755 1059 1840 1081 menn

319 1109 343 1137 ti
366 1107 538 1144 legislatoris
564 1107 701 1143 (Locrd,
728 1114 760 1141 p.
780 1113 848 1141 499.
874 1105 966 1141 init.)
981 1115 993 1134 ⁸.
1008 1097 1150 1141 'nuspiam
1184 1105 1282 1139 enim,
1310 1103 1376 1132 licet
1400 1102 1538 1138 temporis
1568 1103 1652 1139 lapsu
1676 1102 1834 1131 invalescat

322 1159 425 1188 mortis
447 1158 603 1194 suspicio,
624 1157 718 1186 omnis
738 1156 813 1185 vitae
835 1164 903 1192 spes
927 1157 1010 1192 plane
1036 1157 1149 1186 sublata
1168 1157 1300 1190 videtur,
1326 1155 1365 1183 ita
1386 1160 1417 1182 ut
1439 1153 1519 1182 nulla
1544 1153 1606 1190 ejus
1633 1153 1705 1182 ratio
1728 1153 1830 1182 habea-

322 1218 387 1246 tur3
410 1209 460 1239 sed
483 1209 520 1238 ob
539 1209 655 1238 eandem
679 1208 836 1242 rationem,
857 1215 892 1236 ne
917 1209 961 1236 vel
985 1209 1082 1244 primo
1107 1208 1267 1237 Absentiae
1282 1213 1412 1242 tempore
1432 1206 1491 1235 vita
1515 1204 1653 1233 Absentis
1680 1210 1830 1233 tafmvcerta

322 1262 464 1296 habetur,
489 1266 522 1288 ut
546 1267 605 1288 non
629 1259 716 1287 simul
745 1259 821 1287 adsit
844 1259 946 1287 mor-tis
970 1260 1134 1296 cogitatio,
1162 1267 1246 1294 quam
1271 1267 1330 1287 non
1354 1258 1448 1286 solum
1480 1263 1599 1293 propter
1631 1255 1729 1284 var-ios
1750 1261 1839 1284 casus-

324 1313 455 1349 quotidie
476 1311 623 1349 imminere
646 1318 736 1339 nemo·
762 1310 897 1345 ignorat,
920 1311 969 1338 sed
996 1309 1160 1345 praesertim
1188 1309 1333 1343 Absenti,
1356 1309 1380 1336 si
1406 1309 1436 1336 in
1458 1308 1534 1336 vitae
1557 1305 1723 1335 discrimine
1743 1313 1842 1335 versa*

328 1369 377 1392 tus
409 1363 447 1391 sit
480 1368 600 1398 propter
622 1361 676 1389 iter
699 1360 894 1396 periculosum
924 1360 999 1389 forte
1021 1367 1209 1396 susceptum,
1240 1367 1289 1388 aut
1318 1357 1343 1387 si
1372 1358 1470 1386 subito
1495 1356 1662 1391 evanuerit,
1689 1364 1725 1385 eo
1747 1355 1836 1392 magis

325 1419 390 1442 ante
418 1414 465 1450 jus
488 1412 547 1448 ipsi
570 1412 691 1440 delatum
719 1402 861 1439 accidisse
884 1411 1038 1439 verisimile
1067 1417 1121 1439 est.
1169 1410 1246 1439 Hinc
1278 1410 1368 1446 igitur
1395 1414 1536 1443 apparet,
1563 1413 1739 1442 quantopere
1767 1405 1841 1434 huic·

328 1463 495 1493 Malevillii
513 1462 670 1492 sententiae
693 1462 749 1499 jam
775 1461 922 1490 obstarent
943 1461 1028 1490 verba
1049 1467 1113 1490 art.
1130 1470 1210 1497 135.:
1232 1462 1251 1488 ὰ
1273 1470 1313 1488 un
1337 1458 1492 1493 indivisim,
1522 1457 1592 1486 dont
1618 1457 1784 1486 l'existcnce
1805 1465 1847 1486 nc:

328 1523 394 1543 scra
416 1521 471 1552 pas
494 1522 653 1548 rcconmee,
675 1512 784 1549 etiamsi
811 1511 884 1540 nihil
907 1511 985 1540 aliud
1012 1512 1163 1546 suaderet,
1193 1519 1228 1539 ne
1251 1519 1312 1539 eam
1339 1511 1562 1546 amplectamur:
1593 1516 1665 1545 quae
1683 1517 1750 1537 cum
1770 1507 1848 1537 satis

329 1565 390 1594 sint
415 1563 571 1600 generalia,
600 1569 628 1591 et
656 1563 752 1599 negari
784 1568 927 1598 nequeat,
956 1562 991 1590 de
1019 1569 1099 1591 sorte
1122 1562 1224 1596 illius,
1251 1562 1303 1597 qui
1331 1561 1431 1589 abesse
1453 1560 1604 1596 creditur,
1632 1559 1704 1587 nihil
1735 1557 1848 1585 certius

333 1622 485 1650 constare,
517 1621 601 1649 quam
627 1613 661 1641 de
684 1613 808 1642 Absente
834 1613 984 1642 declarato
1009 1612 1059 1649 (si
1083 1612 1156 1640 enim
1182 1612 1217 1639 de
1237 1620 1272 1639 eo
1295 1618 1458 1646 constaret,
1482 1612 1549 1637 haec
1573 1608 1703 1637 doctrina
1725 1608 1760 1637 de
1777 1607 1845 1636 Ab·

332 1666 464 1695 sentibus
490 1664 521 1694 in
543 1672 606 1692 eum
632 1672 753 1700 prorsus
777 1671 836 1692 non
865 1663 1079 1700 conveniret),
1106 1668 1211 1698 sponte
1234 1661 1406 1698 intelligitur
1428 1660 1463 1688 ad
1493 1660 1571 1688 illius
1596 1666 1714 1695 quoque
1734 1664 1846 1688 statum*
1893 1684 1899 1692 ‚

333 1716 492 1745 adtendisse
525 1715 717 1752 legislatorem
744 1714 775 1743 in
807 1719 869 1743 art.
890 1721 974 1750 135,
994 1723 1058 1751 sqq.
1103 1713 1179 1748 Sed,
1208 1713 1287 1748 quod
1311 1712 1400 1748 magis
1423 1717 1488 1746 est,
1516 1710 1580 1747 ipsa
1603 1709 1670 1738 haec
1691 1709 1845 1746 quaestio,

338 1774 469 1795 narrante
491 1766 622 1801 Locreo,
644 1772 721 1794 mota
747 1771 789 1794 est
818 1764 847 1793 in
873 1764 1062 1793 Consistorio
1085 1763 1252 1799 Principis,
1276 1763 1404 1799 illudque
1426 1760 1536 1796 effecit,
1565 1766 1597 1788 ut
1619 1759 1649 1789 in
1677 1765 1738 1790 art.
1759 1768 1852 1798 135,

336 1826 397 1855 sqq.
424 1817 508 1845 verba
540 1817 634 1853 primo
659 1816 749 1853 magis
782 1815 891 1851 dubia,
921 1821 948 1843 et
980 1815 1014 1843 de
1040 1814 1148 1849 quibus
1170 1815 1309 1842 incertum
1333 1812 1502 1846 videbatur,
1530 1817 1624 1839 utrum
1651 1810 1686 1839 de
1711 1819 1766 1846 eo,
1795 1809 1846 1846 qui

336 1868 451 1898 Absens
475 1869 531 1904 jam
559 1868 717 1896 declaratus
746 1873 843 1902 esset,
876 1873 987 1895 tantum
1013 1871 1107 1894 essent
1131 1865 1337 1901 intelligenda,
1365 1871 1400 1892 an
1423 1870 1492 1890 vero
1514 1867 1543 1890 et
1564 1862 1597 1890 de
1620 1861 1743 1890 Absente
1761 1869 1855 1900 prae·

339 1924 431 1947 sumto
440 1938 456 1954 ,v
476 1918 674 1954 generaliorem
695 1926 810 1947 sensum
834 1919 1014 1954 acciperent,
1035 1924 1071 1945 ne
1093 1917 1122 1945 in
1149 1922 1296 1952 posterum
1321 1921 1452 1950 perverse
1475 1913 1540 1948 quis
1566 1921 1595 1941 ea
1619 1913 1850 1948 interpretaretur

338 1975 440 2000 eontra
470 1974 591 1999 mentem
615 1969 810 2007 legislatoris,
839 1975 890 1998 aut
915 1968 1039 1998 fortasse
1062 1967 1128 1997 talis
1153 1965 1302 1997 distinctio
1331 1964 1361 1994 in
1385 1963 1454 1994 foro
1478 1964 1572 1993 locum
1596 1963 1758 2002 obtineret3
1786 1962 1854 1992 vid.

1795 2013 1859 2044 La—
