1913 2417
169 778 352 846 Naturae
377 805 646 850 contemplatione
669 813 704 837 ut
725 805 807 838 nihil
826 812 873 837 est
890 803 1083 848 jucundiuS,
1110 802 1155 835 ita
1179 801 1306 835 nullum
1323 802 1405 834 vitae
1423 812 1547 846 genum,
1571 800 1648 834 nul·

170 857 204 897 la*
224 864 405 896 studiorum
420 864 669 905 ratio‘majorem
687 863 748 894 sibi
759 862 942 905 adjunctam
961 861 1057 893 habet
1076 859 1335 897 delectationem,
1353 870 1450 902 qnam
1467 871 1549 902 quae
1568 870 1647 891 con·

170 923 292 964 tingere
316 921 396 951 solet
419 920 478 959 iis,
499 921 556 963 qui
578 931 634 962 per
660 920 817 962 integram
848 920 947 950 vitam
985 919 1020 950 in
1057 924 1188 949 naturae
1218 917 1342 948 viribus
1371 928 1407 948 ac
1433 916 1557 960 legibus
1581 927 1652 959 per-

170 977 349 1010 scrutandis
373 976 488 1008 versati
510 975 689 1006 uberrimos
711 975 809 1017 hujus
834 974 1115 1018 contemplationis
1141 972 1264 1004 fructus
1289 974 1323 1004 in
1347 974 1472 1004 Summi
1496 974 1647 1005 Numinis

165 1035 304 1078 gloriam
330 1041 361 1065 et
387 1035 421 1065 in
448 1043 656 1064 communem
680 1033 814 1064 humani
835 1033 960 1075 generis
980 1022 1074 1063 usum
1096 1036 1300 1062 convertunt.
1348 1031 1387 1060 Et
1411 1036 1543 1072 propter
1564 1030 1648 1061 hanc

169 1090 300 1133 q'uidem
325 1091 480 1121 eximiam
509 1089 698 1120 suavitatem
728 1098 933 1131 summopere
955 1085 1228 1119 commendandae
1246 1092 1322 1116 sunt
1342 1085 1493 1128 Physicae
1508 1085 1650 1128 discipli-

169 1159 233 1180 nae
248 1172 257 1185 ⁷
281 1144 535 1178 commendanda
552 1151 599 1175 est
620 1145 780 1187 imprimis
795 1145 991 1175 Oeconomia
1010 1143 1144 1177 ruralis,
1165 1143 1258 1183 cujus
1273 1143 1307 1172 in
1323 1141 1558 1173 hacMusarum
1576 1141 1650 1173 sede

170 1203 343 1236 tradendae
371 1208 577 1244 suscepturus
599 1211 672 1231 sum
690 1201 907 1244 provinciaim
939 1201 1174 1242 Quamcunque
1192 1199 1280 1229 euim
1298 1204 1420 1241 partem
1436 1198 1651 1229 Oeconomiae

170 1259 285 1292 ruralis
308 1259 582 1301 contemplemur,
618 1258 685 1289 sive
716 1264 895 1302 spectemus
924 1250 1055 1295 omnia,
1088 1256 1171 1287 circa
1194 1264 1276 1298 quae
1298 1261 1443 1286 versatur
1459 1278 1469 1293 ,
1492 1265 1624 1297 corpora
1638 1277 1650 1294 ,

169 1317 237 1349 sive
270 1315 310 1347 ad
347 1316 449 1359 ipsius
469 1317 671 1359 propositum
699 1314 919 1355 attendamus,
949 1325 1006 1346 seu
1033 1313 1173 1356 denique
1202 1311 1441 1350 subsidiorum,
1469 1311 1588 1354 quibus
1611 1311 1653 1341 ad

170 1371 233 1406 linc
254 1376 455 1417 propositum
482 1372 745 1415 consequendum
772 1373 890 1411 utitur,
913 1373 1071 1403 rationem
1094 1371 1259 1407 ineamus,
1284 1368 1324 1399 ab
1355 1368 1446 1399 omni
1462 1374 1549 1410 parte
1567 1368 1652 1398 intra

171 1431 320 1476 scientiae
347 1429 500 1462 naturalis
524 1428 607 1460 fines
633 1439 747 1460 sumus
765 1429 950 1468 constituti,
974 1428 1097 1470 ubique
1119 1433 1233 1458 natura
1249 1436 1314 1456 sese
1329 1424 1423 1456 nobis
1436 1423 1529 1455 offert
1547 1434 1651 1466 agres-

170 1489 194 1520 ti
229 1499 287 1519 nec
314 1494 420 1518 tamen
448 1485 600 1517 indecoro
631 1487 750 1517 vestitu
781 1485 904 1518 induta.
963 1486 1083 1517 Omnia
1112 1486 1200 1515 enim
1228 1481 1280 1513 illa
1304 1491 1438 1524 corpora
1463 1481 1540 1512 huic
1564 1480 1660 1512 illive·

168 1534 300 1576 naturae
330 1554 431 1585 regno
459 1549 535 1574 sunt
564 1542 740 1585 adscripta,
763 1543 846 1573 circa
876 1552 958 1585 quae
987 1540 1147 1572 non'alio
1172 1538 1308 1580 consilio
1337 1544 1480 1569 versatur
1506 1533 1652 1568 Oecono-

167 1602 231 1632 mia
257 1599 371 1631 ruralis
387 1622 396 1638 ‚
427 1599 490 1629 nisi
517 1605 554 1629 ut
585 1609 621 1629 ea
648 1599 783 1641 sapienti
809 1599 926 1630 virium
951 1604 1082 1629 naturae
1116 1595 1336 1627 moderatione
1365 1594 1405 1625 ad
1441 1602 1658 1626 communem‘

167 1659 250 1689 vitae
285 1666 381 1687 usum
411 1654 546 1686 adducat
573 1652 608 1685 ac
634 1654 768 1698 dirigam
797 1654 836 1686 ad
867 1655 957 1698 quod
985 1652 1191 1698 efficiendum
1227 1662 1295 1682 non
1335 1649 1405 1681 aliis
1434 1652 1538 1682 utitur
1563 1650 1658 1680 auxit

168 1706 236 1752 liis,
259 1714 320 1744 nisi
350 1722 431 1754 quae
462 1718 494 1742 et
519 1713 585 1754 ipsa
614 1722 653 1742 ex
682 1713 800 1743 intimo
826 1718 958 1743 naturae
983 1722 1070 1755 penu
1092 1710 1282 1753 deprompta
1311 1708 1345 1738 in
1378 1706 1485 1749 legum
1519 1713 1650 1738 natura·

170 1770 250 1802 lium
282 1768 421 1801 efficacia
446 1768 510 1799 sint
542 1768 682 1800 tundata.
729 1767 852 1808 Quidni
869 1768 1013 1800 dicamus
1031 1768 1130 1811 igitur
1155 1765 1384 1797 Oeconomiam
1410 1763 1549 1795 ruralem
1584 1767 1660 1795 stu·'

168 1827 257 1859 dium
292 1833 423 1857 naturae
463 1824 503 1856 ad
545 1824 633 1856 hunc
674 1824 807 1856 modum
846 1825 1009 1857 excultum
1024 1847 1033 1864 ,
1064 1829 1100 1855 nt
1134 1821 1304 1865 multiplex
1343 1820 1418 1853 inde
1451 1820 1574 1851 bonum
1616 1821 1651 1851 iu

170 1884 317 1915 homines
346 1881 512 1912 redundet.
570 1884 608 1913 ln
634 1881 696 1915 hoc
722 1883 810 1915 enim
835 1888 967 1915 naturae
988 1881 1096 1914 studio
1122 1879 1264 1924 positum
1288 1884 1335 1910 est
1366 1878 1533 1910 universae
1567 1877 1651 1919 agri·

171 1941 314 1974 culturae
337 1932 594 1972 fundamentum.
1392 1950 1396 1954 ‹

189 1988 191 1991 ’
992 1981 1023 2014 A
1047 1991 1067 2022 ²,
1579 1974 1632 2009 Nc
1639 1987 1647 1999 ·
