1913 2417
198 191 240 222 ’μ
563 185 593 221 J.
671 178 1389 216 R‚.THORBECKE.

208 287 231 303 ,‚
254 272 383 295 naturum
410 266 564 302 sapientem
590 264 770 300 existimem3
800 264 848 292 sed
869 264 928 301 ita,
957 270 990 294 ut
1010 264 1152 302 intelligat
1176 273 1206 294 se
1230 265 1358 301 opinari,
1383 264 1527 301 sciatque,
1556 265 1628 295 nihil
1649 274 1719 297 'esse

213 309 239 354 „
262 318 340 353 quod
359 317 562 353 comprehendi
589 322 616 344 et
640 316 750 352 percipi
767 316 884 351 possit:
914 325 1014 352 parum
1038 309 1103 353 (ι)
1128 318 1234 353 ἐποχὴν
1261 317 1338 345 illam
1361 324 1453 344 rer-um
1488 317 1616 346 omnium
1641 326 1728 359 com-¹

210 389 232 405 „
255 368 399 404 probans,
429 368 470 396 illi
503 367 583 395 alteri
613 367 788 401 sententiae,
817 367 890 396 nihil
912 376 995 402 esse,
1025 368 1103 403 quod
1132 368 1239 404 percipi
1268 367 1388 404 possit,
1415 369 1597 397 vehementer
1621 377 1719 397 assen-

209 408 233 455 „
256 419 323 448 tior.
333 418 352 431 ”
390 419 458 447 Alio
486 419 551 447 loco
576 419 639 454 (2)
663 418 735 446 idem
754 420 851 448 Cicero
871 419 1054 447 Carneadem
1074 419 1111 447 ab
1129 419 1183 448 hoc
1202 419 1320 447 crimine
1343 418 1494 454 defendite
1518 439 1542 455 „
1563 419 1665 454 licebat
1683 434 1721 444 -

209 490 232 506 „
252 469 323 498 nihil
345 470 507 505 percipere,
529 476 555 497 et
581 475 674 498 tamen
699 469 827 505 opinari:
860 470 937 505 quod
955 479 970 498 a
997 469 1148 500 Carneade
1172 470 1278 498 dicitur
1300 470 1462 506 probatum.
1504 470 1646 506 Equidem
1662 470 1722 500 Cli-

203 540 232 556 .‚,
253 521 381 548 tomaclao
400 520 489 555 plus,
521 527 605 555 quam
635 520 754 549 Philoni
773 527 827 548 *aut
845 519 1040 556 Metrodoro,
1063 521 1198 556 credens,
1226 521 1282 550 hoc
1305 522 1394 558 magis
1411 522 1453 551 ab
1477 529 1512 550 eo
1542 521 1720 557 disputatum

207 591 233 608 ,9
256 579 341 607 quam
368 569 520 607 probatum
544 570 657 606 puto.''
1104 601 1107 605 ,
1473 605 1476 607 .

249 622 412 651 Carneadis
431 641 441 656 ‚
472 622 711 656 quemadmodum
741 628 768 650 et
800 622 976 658 reliquorum
1003 621 1059 650 fere
1087 622 1343 657 Academicorum,
1374 621 1562 658 philosophia
1586 620 1716 651 bifariam

210 679 307 709 potest
336 672 477 709 spectati:
501 679 531 700 ut
548 679 604 701 ,aut
629 674 792 702 attendatur
813 674 849 702 ad
870 674 946 702 illam
967 681 1096 709 partem,
1119 673 1148 701 in
1168 682 1222 709 qua
1241 674 1274 702 <le
1298 672 1511 701 necessitudine
1534 672 1607 701 inter
1625 672 1720 708 phan-

208 725 308 753 tasiam
336 730 363 752 et
388 723 533 760 objectum
560 724 677 760 agebat,
700 733 818 761 quaque
843 725 915 753 nihil
942 724 1053 761 percipi
1078 730 1176 753 contra
1200 724 1318 753 Stoicos
1342 723 1529 752 defendebat:
1557 729 1608 751 aut
1628 724 1664 751 ad
1682 723 1723 751 al·
1743 763 1747 766 .

209 783 316 811 teram,
340 783 412 810 quae
437 781 576 810 occupata
606 775 635 803 ln
663 775 771 804 ratione
791 776 962 812 phantasiae
986 776 1020 804 ad
1047 775 1209 812 subjectum
1240 775 1417 810 definienda,
1440 774 1604 811 ‚probabilia
1628 773 1722 810 capie-

209 827 269 856 bat.
310 846 333 862 „
357 826 456 862 Itaque
479 825 591 854 dicebat
617 826 799 862 Carneades,
819 835 894 862 quae
919 834 1018 855 contra
1045 835 1164 861 sensus,
1187 833 1344 861 contraque
1368 826 1604 861 perspicuitatem
1625 825 1723 854 dican·

207 897 236 913 „
257 884 325 913 tur,
355 885 385 905 ea
411 877 549 913 pertinere
573 877 607 905 ad
629 877 805 912 superiorem
837 877 1026 906 divisionem:
1055 883 1157 905 contra
1187 877 1376 912 posteriorem
1410 876 1493 916 nihilq
1517 876 1573 904 dici
1603 883 1721 912 oporte-

210 948 238 963 „,
262 936 289 956 re
313 928 398 964 (3);
423 936 510 962 quare
535 927 574 955 ita
594 928 725 963 placere,
754 928 808 957 tale
829 928 923 956 visum
947 929 1057 956 nullutn
1085 936 1166 963 esse,
1185 934 1222 955 *ut
1243 927 1393 963 perceptio
1419 933 1658 962 consequeretur:
1688 934 1721 956 ut

215 999 239 1014 „
260 984 352 1006 auten]
381 978 531 1014 probatio,
555 979 643 1006 multa
665 977 773 1015 (2>.''
823 979 883 1007 Hac
908 986 999 1007 autem
1028 980 1112 1007 altera
1137 978 1341 1014 philosophiae
1363 984 1445 1013 parte
1471 978 1635 1007 Carneades
1662 984 1723 1006 ute-

212 1019 296 1057 batur
318 1035 344 1056 et
368 1029 402 1056 ad
424 1029 510 1058 vitam
539 1029 706 1064 regendam,
736 1034 763 1056 et
784 1029 820 1057 ad
843 1029 1010 1057 sententiam
1037 1037 1116 1057 suam
1143 1036 1232 1064 ,super
1263 1027 1351 1057 variis
1377 1028 1572 1063 cognoscendi
1590 1029 1722 1064 partibus

211 1079 422 1109 stabiliendam.
465 1078 561 1108 Vitam
586 1087 666 1108 suam
692 1078 893 1115 probabilibus
910 1080 988 1116 regi,
1011 1086 1105 1115 aperte
1126 1079 1285 1113 fatebatur,
1309 1085 1341 1106 ut
1370 1078 1535 1107 Stoicorum
1563 1078 1724 1116 objectioni

212 1137 394 1165 occurreret,
425 1138 535 1158 omnem
567 1139 631 1158 eum
657 1129 801 1159 actionem
828 1130 945 1158 tollere:
976 1131 1010 1159 de
1031 1131 1147 1166 altero,
1175 1129 1331 1160 sententiae
1363 1128 1392 1157 in
1422 1129 1609 1166 philosophia
1639 1131 1724 1160 etiam

213 1182 451 1216 constituendae,
472 1181 589 1217 officio,
612 1181 685 1210 nihil
711 1189 836 1217 unquam
866 1181 1077 1210 manifestavit:
1101 1181 1284 1215 scilicetne,
1307 1180 1332 1208 si
1356 1181 1490 1215 quaedam
1514 1181 1548 1209 ab
1569 1190 1603 1210 eo
1626 1181 1723 1211 defen-

215 1223 247 1261 sa
271 1232 425 1261 sententiae
453 1232 595 1261 stabilitas
619 1239 746 1269 unquam
770 1233 799 1262 in
821 1233 927 1270 vulgus
951 1239 1129 1267 emanasset,
1158 1242 1174 1262 a
1195 1231 1398 1268 Dogmaticis‚
1420 1232 1455 1260 ad
1479 1232 1574 1268 ipsius
1593 1232 1722 1269 sceptici

219 1283 391 1313 sententiam
415 1284 662 1319 provocantibus,
684 1283 901 1320 prohiberetur,
925 1292 1036 1313 omnem
1060 1292 1272 1320 quamcumque
1291 1283 1495 1319 philosophiae
1521 1289 1629 1320 partem
1654 1292 1724 1313 con-

212 1335 302 1364 traria
325 1334 521 1370 disputatione
545 1341 664 1365 tentare.
704 1334 797 1370 Igitur
815 1335 913 1363 debuit
935 1335 987 1364 hac
1010 1334 1120 1364 ratione
1143 1334 1303 1369 discipulus
1329 1333 1520 1363 Clitomachus
1543 1343 1722 1370 asseverare,

217 1406 239 1422 „
261 1393 416 1421 numquam
446 1393 476 1413 se
502 1385 660 1422 intelligere
683 1384 832 1421 potuisse,
854 1385 924 1420 quid
949 1384 1097 1414 Carneadi
1121 1384 1290 1421 probaretur
1317 1384 1433 1421 (5):'’
1461 1385 1545 1420 dum,
1567 1385 1592 1414 si
1613 1394 1725 1422 specte.

215 1443 262 1465 tur
283 1437 369 1465 altera
390 1435 592 1471 philosophiae
610 1443 694 1471 pars,
727 1435 788 1463 sive
815 1435 1009 1470 probabilium
1032 1435 1124 1469 ditio,
1152 1434 1299 1463 verissime
1327 1435 1393 1463 item
1421 1435 1533 1464 Tullius
1558 1436 1627 1473 (6)
1652 1437 1725 1465 affir-

216 1486 406 1522 matevpotuit
435 1506 459 1521 „
479 1486 657 1514 Academicis
698 1494 804 1514 morem
837 1484 928 1514 fuisse
963 1485 1128 1514 occultandi
1159 1485 1330 1514 sententiam
1354 1494 1434 1515 suam
1452 1506 1464 1522 ‚
1493 1495 1545 1517 nec
1573 1496 1631 1516 earn
1663 1488 1726 1517 cui-

222 1559 247 1574 „
271 1546 354 1573 quam
369 1557 378 1572 ,
402 1536 458 1565 nisi
485 1537 534 1572 qui
557 1545 652 1565 secum
676 1537 710 1564 ad
731 1543 903 1565 senectutem
930 1544 1022 1572 usque
1042 1536 1178 1572 vixisset,
1199 1536 1306 1572 aperire
1328 1537 1523 1566 consuesse.”
1559 1538 1664 1567 Eadem
1682 1547 1728 1568 n-

219 1590 297 1618 tione
324 1590 488 1617 Numenius
513 1588 547 1616 de
572 1587 724 1617 Carneade
754 1587 895 1616 contraria
920 1587 1094 1616 Clitomacho
1118 1594 1191 1616 recte
1219 1588 1326 1616 tradere
1347 1588 1460 1625 potuit:
1491 1590 1541 1625 qui
1564 1589 1629 1627 (7)
1656 1590 1726 1627 ὅμως

217 1642 261 1675 δὲ,
283 1640 398 1675 inquit,
429 1640 514 1668 nair-01
548 1639 629 1670 αὐτὸς
657 1640 708 1668 ὑπὸ
735 1639 861 1672 Στὼϊιιης
887 1640 1050 1674 Φιλονεικίας
1073 1639 1109 1672 εἰς
1133 1640 1163 1668 τὸ
1179 1640 1292 1676 φκνερὸν
1315 1642 1419 1674 κυκῶν,
1440 1641 1502 1676 πρός
1522 1652 1557 1676 γε
1577 1642 1640 1674 τοὺς
1663 1642 1726 1671 ἑαν-

219 1695 264 1723 τοῦ
290 1692 407 1728 ἑταίρους
429 1689 463 1721 δι’
481 1690 633 1727 ἀπορῥήτων
655 1690 789 1727 ὡμολόγει
813 1701 843 1720 τε
869 1691 916 1720 καὶ
941 1691 1064 1725 meave,
1086 1690 1131 1720 καὶ
1156 1691 1346 1727 ἀπεφαίνετο,
1374 1690 1394 1721 ἅ
1415 1692 1467 1729 κᾷν
1489 1692 1573 1726 ἄλλος
1597 1695 1647 1723 τῶν
1667 1693 1728 1722 ἐτι·

1687 1753 1734 1775 m!

252 1841 308 1869 (ι)
329 1841 360 1862 Ex
381 1839 467 1862 Davisii
489 1839 626 1866 coniectura.
743 1840 794 1869 (ει)
813 1839 882 1862 flend.
899 1839 926 1861 Π.
941 1844 977 1866 ι4.
998 1846 1020 1867 p.
1040 1844 1089 1867 ¹⁴²·

251 1882 299 1908 (3)
321 1882 388 1903 conf.
412 1887 444 1902 est
464 1883 545 1907 locus,
566 1881 630 1905 cuius
649 1882 717 1903 verba
736 1888 788 1903 aute
809 1882 986 1909 adscripsimus,
1008 1879 1116 1907 Eurebir',
1139 1881 1164 1902 P.
1180 1879 1206 1902 E·
1223 1879 1282 1904 XIV.
1307 1885 1328 1904 c.
1344 1886 1366 1909 7·
1389 1887 1413 1910 p.
1429 1885 1478 1910 737.
1503 1882 1533 1904 Δ.

250 1923 304 1950 (4)
326 1922 371 1943 Cic.
394 1923 462 1944 Acad.
485 1923 512 1944 Π.
530 1928 564 1947 3¹.
588 1929 602 1949 p
630 1923 678 1947 163·
794 1922 849 1950 (5)
869 1923 941 1944 Acad.
959 1923 987 1945 11.
1000 1927 1038 1949 ⁴⁵-
1059 1929 1081 1949 p.
1100 1922 1148 1943 2¹8.

251 1963 305 1990 (6)
324 1964 349 1984 ln
368 1963 446 1987 sragm.
464 1969 555 1984 servato
576 1963 602 1984 ab
623 1962 747 1988 Auessw‘n.
766 1967 844 1985 contra
863 1963 984 1988 Aeac-111.
1005 1969 1026 1986 c.
1040 1968 1077 1985 201
1099 1962 1118 1989 S,
1133 1967 1168 1990 43-
1187 1969 1214 1990 2·
1229 1967 1278 1984 no.
1293 1962 1320 1985 R·

250 2005 300 2033 (a)
322 2006 388 2032 Apud
406 2004 487 2026 mm.
510 2004 532 2026 ι).
550 2005 567 2025 ε
590 2004 650 2026 xiv.
668 2005 688 2026 ε.
709 2011 731 2032 p.
748 2006 799 2031 75⁸.
813 2005 841 2029 o,
