1913 2417
717 150 1095 185 ORATIO.
1628 159 1651 196 9

171 256 244 278 rum
259 246 376 279 artium
398 243 595 284 habendam,
624 241 882 285 arithmeticam,
917 247 950 279 id
975 253 1023 279 est
1049 253 1149 279 artem
1182 255 1334 279 numeros
1363 248 1506 279 numeris
1536 246 1640 280 deme-

168 302 285 341 uendi,
308 311 469 333 vocamus.

212 359 447 401 Agnoscimus,
477 368 612 401 corpora
643 359 798 390 naturalia
831 359 965 391 diversis
996 359 1102 391 modis
1134 367 1262 392 extensa
1295 370 1387 398 esse3
1416 362 1635 405 concipimus,

166 422 295 447 extensa
317 425 335 445 a
363 415 510 451 materia,
535 425 599 456 qua
621 425 755 457 corpora
777 426 795 446 a
814 423 927 446 natura
950 414 1093 446 confecta
1115 416 1199 455 sint,
1224 418 1352 459 penitus
1378 416 1502 449 differe:
1525 425 1558 449 at
1581 431 1639 450 no-

165 471 216 503 his
235 477 283 502 est
313 468 464 508 facultas,
487 469 626 512 quodvis
646 477 812 502 extensum
840 471 881 502 ad
903 482 960 502 sua
989 474 1092 515 prima
1113 471 1268 503 elementa
1303 472 1501 511 revocandi3
1530 475 1638 517 itaque

165 528 206 560 de
221 527 338 570 quovis
353 532 485 557 extenso
504 525 711 564 meditantes,
730 530 790 559 tria
801 529 928 559 extensi
938 540 1054 571 genera
1068 539 1154 567 esse,
1171 539 1252 571 quae
1266 527 1382 560 deinde
1399 529 1434 560 in
1455 530 1640 562 innumeras

165 584 297 627 species,
314 593 395 625 quae
411 581 533 624 figurae
549 583 757 624 geometricae
776 590 950 623 vocantur,
971 583 1207 628 discerpsimus.
1248 585 1445 616 Invenerunt
1462 592 1567 617 autem
1591 596 1642 621 τινα,

165 639 294 678 tem.,ab
309 640 450 680 antiquis
459 638 603 669 divinam
621 639 957 678 habitam‚extensum
975 648 1107 672 extenso
1126 640 1269 682 ejusdem
1286 642 1411 683 generis
1426 641 1636 681 demetiendi,

163 703 261 739 atque
292 693 493 737 dijudicandi
525 695 592 726 sive
621 695 864 738 investigandi,
895 696 1061 738 quomodo
1085 696 1275 739 magnitudo
1302 697 1472 739 cujuslibet
1499 700 1641 743 extensi,

163 758 232 783 tum
256 762 274 781 a
301 750 543 793 magnitudine,
567 761 641 781 cum
673 762 691 782 a
719 758 830 782 mutua
852 751 1012 794 positione
1036 752 1178 795 ejusdem
1213 752 1353 784 limitum
1381 753 1537 797 pendeat?
1581 757 1637 788 Est

160 819 199 841 ea
223 806 370 839 sublimis
412 818 481 846 ars,
510 817 592 850 quae
621 818 700 838 voce
733 808 831 840 nimis
865 807 980 840 idonea
1013 809 1212 841 Geometriae
1232 831 1242 849 ,
1273 817 1374 842 artem
1404 817 1500 843 terras
1531 810 1639 844 deme·

160 865 263 898 tiendi
287 862 509 907 significante,
525 863 598 905 jam
619 865 664 895 ab
689 866 877 908 antiquitate
901 867 1029 910 cognita
1050 865 1122 899 fuit.

201 923 265 953 Hae
299 921 489 964 primariae,
525 927 678 964 tanquam
712 929 808 965 caput
844 925 1008 962 omnium,
1037 923 1219 964 habendae,
1251 931 1303 964 et,
1335 924 1424 969 quod
1455 925 1494 957 ad
1526 937 1637 959 earum

159 979 319 1023 principia
346 978 478 1017 attinet,
510 977 763 1021 simplicissimae
791 986 892 1019 artes,
923 980 1166 1012 multitudinem
1197 991 1314 1024 nempe
1346 983 1556 1025 computandi
1589 991 1639 1015 at·

161 1046 225 1078 que
245 1041 374 1066 extensa
396 1034 610 1073 demetiendi‚
634 1046 831 1078 quamquam
860 1048 900 1068 ex
926 1036 1060 1068 diversis
1085 1036 1230 1068 fontibus
1254 1036 1385 1068 haustae
1414 1038 1504 1076 sint,
1529 1045 1638 1073 tamen.

161 1097 227 1124 tam
250 1097 334 1122 arcte
358 1092 443 1122 inter
463 1101 497 1122 se
518 1090 690 1133 *copulatae
711 1098 807 1130 sunt,
838 1098 875 1123 ut
903 1099 1031 1124 extensa
1054 1091 1215 1131 deffiniri,
1248 1093 1318 1124 sine
1347 1103 1409 1136 ope
1434 1094 1511 1125 artis
1534 1102 1640 1138 partes

159 1150 220 1192 (ut
239 1148 376 1183 vocant)
399 1147 556 1190 aliquotas
581 1146 815 1186 enumerandi,
848 1159 1051 1192 nequaquam
1075 1156 1223 1193 possent3
1254 1148 1352 1192 idque
1373 1160 1392 1180 a
1418 1150 1531 1192 primis
1557 1152 1642 1183 anti·

159 1206 291 1249 quitatis
315 1205 500 1235 Geometris
535 1202 795 1235 animadversum
829 1215 922 1244 esse,
955 1216 995 1237 ex
1022 1216 1136 1238 eorum
1165 1206 1292 1249 scriptis
1309 1228 1319 1244 ,
1349 1205 1472 1249 ubique
1502 1214 1635 1241 constat.

157 1263 203 1294 Ut
222 1262 313 1292 enim
336 1259 428 1291 valde
457 1269 570 1302 vagam
601 1259 730 1302 majoris
753 1259 805 1292 vel
828 1261 963 1293 minoris
986 1264 1173 1300 notionem,
1198 1273 1297 1306 quam
1323 1263 1358 1294 in
1385 1265 1528 1295 extensis
1553 1265 1635 1306 ejus-

154 1317 231 1352 dem
260 1316 405 1360 generis,
432 1317 465 1348 si
493 1326 575 1360 quae
602 1316 687 1348 inter
719 1327 753 1348 se
783 1327 1025 1361 comparemus,
1054 1320 1269 1363 percipimus,
1302 1321 1420 1351 arctius
1454 1327 1486 1352 et
1514 1331 1637 1354 accura-

156 1375 278 1408 tissime
301 1372 437 1405 definire
469 1374 652 1417 possimus,
685 1384 812 1407 necesse
831 1381 902 1417 est,
935 1382 972 1407 ut
1001 1387 1116 1408 eorum
1141 1386 1352 1408 communem
1377 1387 1560 1408 mensuram
1584 1378 1635 1416 inf

158 1430 331 1475 dagemus,
362 1436 458 1473 atque
485 1441 734 1470 enumeremus,
767 1433 894 1474 quoties
922 1443 958 1464 ea
984 1432 1019 1464 in
1050 1432 1186 1475 singulis
1213 1443 1326 1464 eorum
1357 1434 1398 1464 sit
1425 1433 1634 1476 comprehen-

156 1498 213 1527 sa,
236 1494 272 1519 ut
301 1488 343 1518 ita
373 1497 412 1517 ex
440 1488 583 1518 numeris
610 1487 826 1530 aliquotarum
857 1490 998 1531 partium
1031 1488 1219 1527 eliciamus,
1252 1500 1392 1532 quanam
1422 1490 1633 1532 proportione

157 1553 267 1574 earum
293 1549 425 1581 mutua,
449 1554 547 1586 quam
565 1551 704 1581 vocant,
735 1543 847 1576 relatio
869 1551 1012 1576 accurate
1038 1544 1221 1577 definiatur.
1260 1547 1293 1576 Si
1315 1555 1413 1587 porro
1437 1546 1471 1575 in
1495 1547 1631 1577 Geome-

157 1600 236 1635 tria‚
274 1598 363 1642 quod
392 1600 422 1629 ei
453 1601 620 1641 proprium
653 1606 718 1636 est,
751 1599 886 1642 simplex
907 1601 1174 1643 superpositionis
1200 1601 1395 1644 principium
1428 1602 1626 1644 excipimus,

156 1654 247 1687 nulla
275 1654 345 1695 ejus
371 1656 405 1684 in
428 1654 594 1685 infinitum
619 1662 766 1688 extensae
794 1657 870 1688 artis
889 1667 963 1700 pars
985 1657 1165 1696 invenitur,
1196 1659 1250 1688 cni
1274 1668 1334 1700 ope
1355 1663 1387 1688 et
1410 1657 1530 1688 auxilio
1554 1659 1629 1689 artis

155 1709 362 1754 computandi
384 1720 450 1740 non
472 1720 554 1753 opus
577 1712 626 1746 sit,

200 1767 415 1798 Geometriam
449 1768 514 1808 jam
554 1778 571 1798 a
603 1769 814 1801 remotissima
848 1770 1067 1813 antiquit-ate,
1101 1771 1245 1813 primum
1283 1769 1323 1801 ab
1353 1769 1569 1801 Orientalibus
1598 1774 1630 1800 et

157 1824 342 1866 Aegyptiis,
368 1822 503 1859 deinde,
527 1825 642 1865 majori
668 1836 743 1856 cum
767 1836 932 1865 successu,
964 1837 982 1857 a
1002 1827 1130 1857 Graecis
1154 1826 1322 1868 diligenter
1348 1826 1562 1862 elaboratam,
1594 1830 1627 1856 et

154 1878 197 1909 ab
233 1879 272 1909 iis
300 1880 436 1909 maxime
470 1886 651 1922 promotam
685 1880 800 1918 fuisse,
832 1881 932 1913 Vobis
972 1881 1143 1921 omnibus,
1171 1882 1343 1914 Auditores
1376 1879 1627 1924 Exoptatissimil

156 1941 272 1967 notum
296 1941 353 1966 est.
398 1936 539 1975 scimus,
562 1945 653 1975 eam,
686 1936 726 1969 ab
749 1947 1020 1970 ARCHIMEDIS
1046 1948 1125 1971 aevo
1161 1949 1263 1982 usque
1291 1938 1332 1972 ad
1365 1937 1482 1972 saeculi
1509 1935 1627 1969 decimi

952 1994 978 2036 Β
1534 2000 1630 2033 qum:
