1913 2417
289 195 681 235 'COMMENTATIO
711 205 760 227 AD
789 196 1157 236 QUAESTIONEM
1182 198 1477 237 JURIDICAM.
1598 211 1651 243 «91

118 288 262 324 sessorem
287 282 316 310 in
339 282 440 318 primis
468 281 495 310 in
518 281 634 318 gratiam
661 280 755 316 ipsius
777 280 916 310 Absentis
941 282 1055 318 negotia
1079 291 1192 320 gerere,
1222 292 1249 314 et
1278 285 1319 314 sic
1344 286 1480 315 omnibus
1506 287 1637 317 remctsis*

113 333 254 374 :legitimis
280 334 321 362 uti
344 334 460 368 debere,
483 340 514 361 ut
535 333 688 362 Absentem
714 338 843 367 tueatur,
872 340 899 360 et
923 341 1040 369 caven,
1070 343 1106 363 ne
1128 336 1198 371 quitl
1224 337 1386 366 detrimenti
1408 338 1520 373 capiat,
1553 338 1628 367 idem

119 391 214 414 tamen
237 385 364 413 affirmari
390 391 511 421 posset,
532 385 560 413 si
582 393 646 414 eum
671 393 723 420 pro
748 392 816 412 vero
839 384 938 412 herede
961 385 1143 415 haberemus:
1177 388 1219 416 uti
1242 388 1314 417 enim
1338 390 1361 417 is
1387 390 1438 418 hac
1467 390 1576 418 ratione
1599 390 1633 419 it}

113 445 165 465 on.
169 445 205 465 ne
226 436 349 465 Absenti
352 445 365 463 s
390 436 595 472 patrimonium
616 435 795 464 successisse
799 441 830 470 t,
854 435 946 464 nihilo
969 437 1064 465 secius
1086 447 1185 467 omnes
1212 440 1262 469 hae
1290 442 1417 470 actiones
1440 447 1467 469 et
1485 441 1632 476 semedia,

113 496 192 524 quae
217 496 270 516 una
293 496 357 516 cum
380 487 575 523 patrimonio,
596 486 643 515 cui
666 486 783 522 insunt,
804 487 961 516 transmitti
985 496 1157 526 censentur,
1187 491 1222 519 ad
1247 499 1310 520 eum
1335 492 1505 528 pertinerent
1527 492 1628 528 (31).

155 539 210 568 Sed
234 539 303 574 quid
329 539 478 567 dicendum
502 539 535 566 de
560 539 806 574 praescriptione,
833 547 908 574 quae
922 547 1038 569 contra
1045 541 1201 570 Absentem
1227 542 1337 578 impleri
1363 543 1528 578 potuisset,
1556 551 1627 571 eon-

111 597 160 619 tra
181 598 378 627 possessorem
404 598 472 618 vero
497 598 556 618 non
578 589 668 618 item?
691 599 720 618 v,
745 592 790 626 gr,
814 589 839 618 si
862 590 908 619 hic
929 590 1023 620 minor
1047 591 1123 620 foret
1144 601 1176 622 21
1192 594 1296 629 annis,
1319 593 1432 622 Absens
1451 601 1546 622 autem
1565 602 1627 629 per·-

112 642 220 671 erectam
251 648 367 670 aetatem
397 642 454 678 jam
481 641 642 678 attigisset:
672 649 707 670 an
739 641 795 670 hoc
827 642 856 670 in
888 651 976 678 casu,
1005 644 1140 678 quoniam
1166 645 1353 681 praescriptio
1381 646 1547 682 regulariter
1570 653 1630 674 non

112 694 206 722 currit
227 699 328 722 contra
352 693 495 735 minore-5,
517 699 579 721 art.
598 701 702 735 2253,
724 693 796 735 idem
822 692 906 721 etiam
929 695 1079 735 prodesset
1096 695 1219 724 Absenti
1235 696 1372 725 reverso?
1414 696 1497 724 Licet
1513 704 1632 732 posses·

116 753 167 774 sor
193 744 417 780 praescriptione
450 733 609 780 interrupta
631 744 703 772 illud
730 744 824 773 revera‘
858 745 888 772 in
913 744 1038 774 favorem
1067 745 1206 775 Absentis
1230 746 1366 782 fecisset,
1397 748 1534 783 quoniam
1567 748 1629 784 ejus

110 804 265 833 >personam
292 796 434 830 sustinet,
463 796 568 825 saltem
593 796 746 832 legitimam
780 795 922 824 bonorum
949 804 1044 824 curam
1072 803 1100 824 et
1122 796 1399 826 administrationem
1424 799 1525 834 babet,
1556 798 1630 828 idem

109 853 209 876 'tamen
225 835 454 883 respondendum
472 854 530 875 non
541 837 705 875 videtur'ad
722 846 916 880 quaestionem
936 838 1129 883 propositam.
1150 847 1226 876 Nam
1244 848 1358 877 Absens
1376 857 1506 878 reversus
1523 850 1626 878 iterum

110 898 258 927 ¹'bonorum
283 898 408 935 regimen
428 898 572 934 suscipit,
594 904 622 925 et
637 897 679 926 sic
696 904 800 933 sponte
817 904 952 934 apparet,
976 906 1174 934 possessorem
1192 900 1320 928 nondum
1340 909 1393 936 pro
1415 901 1515 929 herede
1530 900 1628 929 haberi

113 949 270 986 potuisse,
299 955 348 978 aut
373 957 406 979 ex
425 957 477 978 sua
507 956 628 985 persona
646 949 709 986 jura
734 948 768 976 ab
792 949 921 978 Absente
949 956 1064 985 accepta
1092 958 1146 986 pro
1176 959 1207 979 se
1238 952 1419 988 exercuisset
1446 953 1574 989 adeoque
1603 952 1629 982 si

107 1000 300 1040 praescriptio
323 1007 425 1030 contra
442 1001 598 1030 Absentem
622 1000 779 1038 impletur,
801 1000 825 1028 is
852 1009 912 1029 non
937 1001 1044 1036 poterit
1062 1001 1186 1038 objicere
1204 1010 1322 1032 aetatem
1344 1003 1480 1032 minorem
1505 1011 1624 1040 posses·

106 1051 204 1095 ἦρι-ιε,
236 1052 297 1095 qui
306 1060 374 1095 non
397 1051 484 1096 suis,
511 1053 560 1080 sed
587 1043 683 1081 revera
717 1051 859 1080 Absentis
887 1051 972 1079 bonis
1004 1060 1035 1080 ac
1064 1053 1179 1089 juribus
1204 1053 1339 1090 praefuit.
1390 1055 1430 1083 At
1455 1055 1480 1083 si
1507 1055 1624 1083 Absens

104 1108 240 1139 ’tempore
264 1092 501 1139 praescriptionis
528 1093 660 1138 impletae
687 1102 816 1130 nondum
837 1109 971 1130 reversus
995 1102 1101 1139 fuerit,
1123 1112 1277 1139 possessor
1297 1105 1411 1141 optimo
1429 1106 1497 1142 jure
1515 1114 1621 1134 assere-

109 1162 140 1185 te
153 1153 277 1190 poterit,
302 1161 332 1182 se
348 1153 376 1182 in
398 1154 461 1191 J'ura
487 1153 628 1183 Absentis
653 1153 851 1188 successisse,
881 1159 908 1181 et
931 1161 967 1181 ex
989 1160 1040 1182 sua
1063 1154 1176 1183 demum
1200 1163 1321 1191 persona
1344 1155 1559 1192 dijudicandum
1582 1165 1628 1185 es·

109 1213 162 1240 se,
183 1210 278 1233 utrum
304 1205 496 1241 praescriptio
516 1204 610 1233 ‘fuerit
635 1204 772 1240 impleta,
793 1211 829 1232 an
859 1211 955 1233 secus.
994 1204 1035 1232 Et
1059 1204 1132 1233 idem
1158 1205 1310 1234 dicendum
1335 1206 1448 1235 videtur
1470 1209 1505 1236 de
1521 1209 1626 1237 simili-

99 1244 164 1298 4Ιῇιις»
186 1256 404 1291 quaestionibus
427 1263 460 1284 ex
475 1249 701 1291 praescriptione
713 1254 846 1284 oriundis
863 1275 873 1289 ,
895 1255 991 1290 quoad
1018 1255 1159 1285 diversam
1175 1257 1342 1293 qualitatem
1358 1258 1496 1287 Absentis
1512 1267 1539 1288 et
1556 1268 1626 1296 pos-

104 1315 273 1342 sessorum,
295 1315 324 1336 v.
344 1306 442 1348 guin
465 1312 529 1347 tert.
548 1307 654 1342 2265„
671 1314 739 1342 sq.‚
763 1305 834 1334 adeo
857 1311 888 1333 ut
911 1305 939 1334 in
962 1305 1062 1342 primis
1087 1308 1294 1336 adtendendum
1314 1309 1371 1345 sit,
1394 1310 1460 1346 quis
1483 1312 1623 1346 praescri-

103 1357 206 1395 ptioni
224 1366 255 1389 se
277 1364 433 1394 opponat„
449 1364 547 1393 utrum
570 1365 800 1394 possessor,wan
823 1364 891 1386 vero
912 1357 1027 1398 Absens
1048 1366 1199 1394 reversus,
1220 1366 1253 1396 ut
1271 1367 1424 1403 appareat,
1446 1369 1540 1390 utrum
1563 1363 1619 1392 im.

101 1409 184 1447 pleri.
200 1409 343 1445 potuerit,
363 1417 403 1448 an
418 1417 486 1449 vero
513 1409 620 1438 minus.
664 1407 747 1446 Quae
770 1415 837 1437 vero
858 1408 915 1436 huc
937 1408 1099 1445 pertinent,
1121 1409 1218 1439 fusius
1236 1418 1421 1452 exponuntttr
1438 1421 1451 1440 a
1466 1412 1617 1442 Prozcdho-

97 1469 158 1495 m,
179 1468 209 1496 p.
228 1467 403 1500 193—1932.
415 1469 426 1495 3
447 1460 512 1490 add.
536 1459 659 1491 Delvirc
661 1461 778 1494 artius,
799 1459 875 1488 adl.
897 1460 949 1488 cit

142 1511 219 1540 Haec
237 1519 304 1539 vero
326 1511 361 1540 de
384 1511 437 1546 iis,
459 1519 533 1547 quae
554 1511 584 1540 in
601 1511 690 1539 altero
710 1510 800 1545 hujus
823 1510 993 1545 scriptionis
1012 1511 1118 1546 Capite
1135 1513 1280 1542 tractanda
1294 1513 1366 1542 mihi
1384 1522 1613 1550 proposueram,

98 1562 174 1596 dicta
192 1561 371 1599 sufficerent,
393 1562 449 1592 nisi
467 1563 502 1590 ad
524 1562 600 1590 hunc
620 1561 716 1589 locum
735 1562 867 1596 quaestio
880 1561 999 1589 maximi
1017 1563 1154 1591 momenti
1175 1571 1316 1593 reservata
1331 1564 1454 1594 fuisset:
1477 1565 1611 1601 scilicet,

97 1620 254 1649 antequam
273 1613 475 1651 progredimur
485 1613 520 1642 ad
530 1612 629 1648 Caput
641 1612 775 1647 tertium,
792 1612 870 1648 ouod
880 1621 1045 1642 miss1onem
1062 1614 1092 1642 in
1110 1614 1323 1650 possessiouem
1340 1616 1503 1651 bonorum,
1522 1624 1610 1652 quam

95 1671 223 1700 vocant,
246 1663 444 1700 definitivam,
466 1664 528 1692 sive
538 1663 742 1700 proprietatem
759 1663 900 1692 bonorum
918 1664 1139 1700 possessoribus
1162 1674 1347 1703 concessam,
1376 1668 1607 1703 complectetur,

90 1716 232 1755 agendum
263 1721 307 1744 est
334 1715 367 1744 de
390 1715 569 1752 effectibus,
600 1715 651 1752 qui
678 1723 711 1744 ex
742 1714 881 1743 Absentia
909 1714 940 1743 in
965 1714 1179 1744 matrimonium
1204 1718 1380 1754 redundant3
1410 1724 1437 1746 et
1459 1718 1606 1754 inquiren·

89 1767 180 1802 dum»,
209 1775 245 1795 an
270 1767 447 1805 matrimonii
469 1767 594 1805 legitime
617 1766 750 1796 celebrati
775 1766 890 1795 vincula
910 1772 1032 1802 propter
1056 1767 1225 1797 Absentiam
1257 1769 1474 1805 dissolvantur,
1502 1769 1541 1797 ita
1569 1775 1604 1798 ut

89 1818 243 1854 superstiti,
263 1818 305 1847 ad,
321 1826 412 1847 novas
434 1818 552 1855 nuptias
574 1819 694 1852 transire
712 1818 814 1853 liceat3
845 1817 967 1853 denique
988 1818 1058 1853 quid
1079 1819 1154 1856 jtiris
1181 1820 1238 1855 sit,
1260 1820 1286 1849 si
1308 1820 1394 1849 novis
1418 1821 1530 1856 nuptiis
1553 1829 1600 1849 ce-

86 1867 203 1900 lebratis
229 1868 353 1907 Absens,
369 1871 571 1908 superveniat,
592 1876 642 1899 aut
674 1868 794 1899 nuntius
819 1867 968 1898 afferatur:
999 1871 1080 1906 quod
1102 1871 1177 1911 enim
1202 1873 1319 1901 tutelam
1342 1872 1539 1915 temporariam
1564 1872 1600 1900 ii-

1555 1922 1605 1952 be-

116 1999 183 2030 (31)
200 2003 259 2027 Adel.
275 2003 415 2033 Pmdlunfl
427 2010 452 2033 μ’
464 2002 861 2035 φρένα·βοο.-“θι-ὒ11νίηιοιινι,
877 2003 901 2027 in
921 2008 974 2027 ιω,-
988 2011 1012 2033 p,
1025 2008 1077 2032 330,
1096 2015 1100 2018 -

818 2057 850 2087 N
879 2065 896 2088 2
