1913 2417
213 132 495 167 RESPONSIO
521 140 573 166 An
602 130 979 173 QUAESTonEM
1007 127 1459 166 HYDROST‘ATICAMa
1556 135 1594 172 ᾖ

75 226 190 250 'massae
215 226 306 256 aquae
333 220 363 248 in
386 219 483 257 lagena
508 218 566 248 hoc
591 217 718 255 pondere
748 217 906 246 innotescit
937 217 1057 246 eiFectus
1088 214 1286 254 gravitationis
1317 208 1397 246 illius
1426 217 1595 253 quantitatis

79 279 189 308 aquae,
216 279 300 307 quam
330 272 427 308 lagena
455 269 593 299 continet.
638 269 701 306 Jam
728 269 753 297 si
782 269 870 305 priori
908 268 939 298 in
973 277 1041 298 casu
1072 276 1181 305 corpus
1213 276 1400 297 memoratum
1434 268 1594 306 insertum,

79 322 219 351 indirecte
246 322 275 351 in
304 322 443 351 bilancem
474 321 630 358 gravitasse
662 319 768 348 dicitur
785 341 795 355 ‚
825 320 897 348 nihil
927 320 1047 348 omnino
1073 319 1194 356 impedit
1211 340 1223 355 ,
1260 320 1418 356 quominus
1450 320 1505 348 hoc
1530 318 1598 350 loc'o

85 381 191 409 aquam
216 373 350 402 indirecte
374 373 405 402 in
427 381 501 409 aqua
524 380 580 408 ope
610 371 731 399 bilancis
762 372 948 407 ponderatam
982 370 1073 399 fuisse
1102 376 1272 400 statuamus.
1322 371 1466 409 Quinimo
1503 368 1599 400 omnia

80 431 176 460 aperte
199 425 394 453 demonstrant
409 445 425 460 ‚.
450 424 502 453 hac
527 423 665 452 methodo
689 430 791 458 aquarn
816 422 846 451 in
870 430 943 458 aqua
968 422 1050 450 etiam
1081 421 1111 450 in
1143 421 1281 451 bilancern
1304 430 1404 459 agere,
1433 429 1460 450 et
1482 421 1600 459 quidem

81 481 146 505 toto
170 483 225 504 suo
247 475 373 511 pondere
393 475 551 512 absolu103
573 475 707 511 quamvis
729 474 816 502 simul
842 480 997 510 appareat,
1017 481 1078 502 non
1099 472 1223 509 directe,
1243 481 1337 510 neque
1352 473 1415 503 sine
1432 474 1500 503 ullis
1518 478 1600 510 prae·

76 526 279 563 parationibus
302 527 358 555 hoc
381 526 441 554 fieri
464 534 561 562 posse.

116 577 354 614 Experimentum
379 577 554 614 Boyleanum
579 577 676 613 itaque
697 577 754 606 hoc
780 576 867 605 modo
890 575 1029 604 vindicari
1056 581 1175 612 potest,
1196 582 1224 604 et
1248 575 1422 605 vindicatur.
1461 574 1597 604 nemon-⁷

74 635 172 664 -strat,
196 628 274 664 quod
296 629 357 666 ejus
380 635 436 664 ope
457 629 651 657 demonstrare
671 628 827 657 voluerunt
852 634 914 655 tum
938 627 1001 663 ipse
1016 627 1267 663 'Boyleus,'tum
1299 627 1446 663 quotquot
1470 631 1539 663 post
1558 622 1598 653 ''it-

82 679 142 708 lum
170 679 392 716 experimentum
415 680 471 708 hoc
495 680 639 717 egregium
668 679 831 708 instituere.
878 678 1037 707 Refellitur
1057 679 1280 714 argumentatio
1303 677 1499 714 Hesselingii,
1529 677 1603 706 alica

77 730 292 766 rumque,¹qui
317 731 351 759 de
370 738 405 759 eo
425 738 485 759 non
508 731 547 759 ita
569 738 722 766 censuere,
752 731 861 766 quique
879 729 913 758 ad
937 729 1008 758 illud
1041 729 1283 765 exprobrandum*
1298 728 1358 757 alia:
1379 727 1531 756 instituere
1552 735 1601 756 ex-

78 782 237 818 perimenta
264 782 440 810 contrarium
463 789 502 809 ex·
516 790 614 810 eorum
636 781 777 810 sententia
799 780 962 817 probantia,-
1003 779 1081 808 Haec
1104 781 1294 816 experimenta
1311 780 1372 816 J'am
1386 779 1609 814 examinemus,

79 840 109 863 et
133 840 198 861 curn
219 832 367 869 Boyleano
388 831 589 867 conferamus,
611 839 643 860 ut
661 832 704 861 sic
728 831 923 866 discrimina,
937 839 1010 867 quae
1030 830 1111 859 inter'
1126 839 1156 859 ea
1180 830 1313 859 obtinent
1324 832 1441 866 ,plana
1464 830 1544 860 fiant.

115 883 150 913 In
172 884 300 913 animum
325 889 394 912 sunt
411 883 569 912 revocanda
589 891 639 918 ea,
667 891 741 918 quae
762 883 799 912 ad
822 883 900 912 litem
925 882 1101 919 superiorem
1126 881 1273 916 diximus,
1302 880 1519 918 Hesselingium
1545 880 1603 910 sci·

78 934 167 970 licet,
188 935 309 972 ejusque
338 940 512 969 sectatores,
533 934 643 970 Boyleo
668 942 733 963 cum
761 934 829 963 suis⁴
847 934 1016 963 sententiam
1043 933 1200 968 tribuisse,
1223 939 1322 968 quam*
1336 932 1440 961 habere
1464 928 1532 961 non'
1549 927 1602 967 po-

74 986 196 1015 z'tuerunt
205 1008 222 1022 ,v
238 994 290 1016 nec
315 994 429 1021 revera,
450 991 483 1014 ut
501 993 535 1014 ex
557 985 689 1021 ipsorum
714 985 803 1013 dictis
827 992 962 1020 apparet,
982 984 1156 1012 habuerunt.
1197 983 1309 1012 Contra
1333 984 1410 1011 illam
1432 983 1601 1011 sententiam

79 1044 172 1072 aeque
194 1045 227 1065 ac
250 1043 358 1065 contra-
374 1036 598 1073 experimentum
626 1036 804 1072 Boyleanum
835 1035 957 1065 maxime
980 1035 1075 1066 valent
1107 1042 1206 1064 eorum
1237 1034 1441 1070 experimenta.
1479 1034 1603 1071 Progre-

75 1087 187 1116 diamur
205 1094 263 1123 per·
278 1093 396 1123 partes„
910 1110 912 1113 ,

123 1137 213 1174 Quod
237 1137 449 1175 Hesselingius-
465 1138 697 1167 demonstrande
719 1138 842 1167 diversis
867 1143 1026 1175 corporum
1045 1137 1076 1166 in
1099 1144 1174 1174 aqua
1202 1137 1424 1174 ponderatorum
1447 1136 1597 1167 densitati-

81 1189 138 1217 bus
148 1208 167 1224 ,ι
180 1189 347 1217 certissime
361 1196 460 1217 verum
484 1195 549 1225 est,
568 1195 596 1218 et
617 1190 652 1218 de
674 1197 708 1219 eo
732 1198 792 1219 non
814 1195 880 1226 est,
901 1189 982 1225 quod
1001 1188 1178 1218 dubitemus.
1219 1187 1307 1218 Nihil
1327 1194 1422 1217 tamen
1452 1196 1486 1217 eo
1513 1188 1600 1218 efficit

81 1246 192 1268 eontra·
207 1239 430 1275 experimentum
446 1240 645 1276 Boyleanum‚
669 1241 766 1277 quod,
788 1242 831 1270 uti
854 1240 999 1275 vidimus,
1021 1245 1136 1269 constat
1159 1240 1272 1269 duabus
1300 1238 1504 1276 partibus‚'in
1528 1244 1600 1276 qua·

80 1298 144 1320 rum
170 1290 264 1318 alter&
285 1290 385 1327 lagena
403 1299 493 1319 vacua
521 1298 549 1320 et
569 1293 670 1320 clausa
696 1292 888 1329 ponderatur,
916 1291 947 1320 in
973 1291 1060 1320 altera
1085 1298 1154 1320 vero
1177 1299 1250 1328 aqua
1273 1290 1402 1327 impleta.
1438 1290 1501 1327 Jam
1524 1287 1601 1318 Hes-

76 1341 220 1378 aelingius
247 1341 276 1370 in
307 1341 382 1370 hanc
414 1342 544 1371 ultimam
570 1348 680 1372 tantum
714 1349 822 1379 partem
849 1342 961 1378 tendit,
993 1342 1100 1371 omissa
1131 1348 1211 1378 parte
1234 1342 1334 1379 priori.
1374 1338 1464 1377 Quae
1485 1339 1602 1369 disserit

79 1393 114 1422 de
138 1392 249 1422 diversa
274 1392 414 1422 densitate
437 1393 551 1430 lagenae
571 1400 599 1422 et
620 1393 707 1428 vitri,
728 1393 858 1429 equidem
883 1394 918 1422 ad
944 1400 1093 1429 utramque
1115 1399 1223 1429 partem
1253 1392 1437 1429 experimenti
1461 1390 1598 1427 Boyleani

79 1443 245 1480 pertinent,
275 1444 325 1472 sed
350 1444 400 1471 ubi
425 1444 543 1479 proprie
566 1444 596 1473 in
627 1444 727 1480 Boylei
758 1444 976 1473 conclusionem
1008 1445 1139 1481 invehit,
1170 1445 1212 1473 ibi
1242 1444 1371 1473 ultimam
1398 1449 1510 1471 tantum
1534 1443 1597 1479 ejus

78 1494 265 1530 experimenti
285 1500 393 1530 partem
420 1495 546 1530 respicit.
585 1494 657 1523 Non
680 1503 777 1523 secum
799 1501 933 1530 reputat,
964 1496 1091 1532 lagenam
1115 1503 1234 1524 vacuam
1260 1503 1319 1523 non
1342 1494 1436 1531 egisse
1457 1493 1487 1521 in
1509 1492 1601 1521 bilan-

82 1553 166 1581 cem,
187 1545 243 1574 nisi
267 1544 363 1574 addito
386 1545 593 1581 pondusculo,
613 1545 749 1581 illamque
771 1552 840 1581 post
859 1554 961 1581 aquam
977 1546 1132 1582 ingressam
1153 1546 1249 1575 itidem
1272 1554 1372 1583 agere,
1394 1544 1506 1573 etiamsi
1528 1551 1602 1580 pon·

78 1597 133 1625 dus
156 1596 228 1624 illud
249 1595 411 1625 addititiam
438 1596 605 1632 auferatur,
634 1596 676 1625 uti
702 1602 779 1632 patet
805 1605 839 1625 ex
863 1597 1019 1626 stabilitate
1048 1597 1228 1634 aequilibrii,
1258 1597 1338 1633 quod
1368 1604 1436 1626 sane
1460 1604 1519 1624 non
1547 1594 1601 1624 ob-

76 1647 198 1682 tineret,
228 1646 252 1674 si
277 1653 342 1674 ante
371 1647 521 1676 introitum
549 1655 639 1683 aquae
661 1647 877 1683 pondusculutn
909 1648 980 1676 illud
1003 1648 1160 1677 auferatur.
1206 1648 1299 1684 Igitur
1327 1656 1392 1676 curn
1426 1646 1500 1675 nihil
1523 1645 1601 1674 aliud

79 1697 110 1727 in
130 1697 324 1734 experimento
347 1697 500 1734 acciderit,
532 1699 589 1728 nisi
616 1699 693 1733 quod
724 1699 820 1734 lagena
842 1706 916 1734 aqua
951 1698 1038 1728 fuer-it
1070 1700 1206 1735 impleta,
1236 1700 1303 1728 haec
1335 1706 1407 1734 aqna
1435 1696 1597 1726 necessario

82 1748 170 1785 hujus
197 1747 316 1776 effectus
349 1757 434 1777 causa
459 1756 501 1778 est
530 1750 677 1784 habenda,
705 1757 763 1778 non
786 1750 899 1784 quidem
927 1751 1033 1778 directa
1063 1751 1112 1779 sed
1138 1750 1294 1779 indirecta:
1325 1750 1399 1777 unde
1423 1748 1512 1777 simul
1538 1756 1599 1777 non

80 1800 186 1829 directe
207 1799 419 1828 sed-indirecte
447 1801 509 1837 ejus
538 1801 653 1838 pondus
679 1808 735 1836 ope
759 1800 929 1829 saccomatis
958 1800 1082 1829 addititii
1113 1801 1142 1829 in
1178 1801 1290 1830 bilance
1323 1800 1493 1829 innotescit.
1536 1799 1598 1828 Hac

82 1851 171 1887 igitur
192 1850 221 1879 in
245 1856 324 1886 parte
346 1851 448 1880 erravit
470 1851 691 1890 Hesselingiuffi
721 1853 772 1889 qui
796 1861 857 1882 non
877 1853 912 1882 ad
937 1861 1052 1882 causam
1075 1853 1244 1887 attenderit,
1274 1861 1331 1888 qua
1353 1852 1384 1881 in
1408 1856 1530 1886 utraque
1553 1858 1600 1879 ex-

82 1900 228 1939 perimenti
254 1907 331 1937 parte
358 1902 454 1939 lagena
487 1904 516 1932 in
539 1912 611 1940 aqua
643 1904 794 1940 ponderari
827 1905 969 1941 potuerit.
1011 1904 1111 1939 Aeque
1140 1912 1172 1932 ac
1208 1912 1281 1940 aqua
1313 1904 1440 1940 lagenam
1475 1902 1598 1937 implens

80 1960 170 1986 ‚causa
192 1959 235 1981 est
259 1960 381 1983 mutatae
405 1954 577 1992 densitatis,
598 1955 636 1984 ita
658 1963 685 1985 et
709 1964 796 1986 causa
824 1962 869 1985 est
894 1955 1050 1985 descensus
1074 1955 1198 1992 lagenae.
1239 1955 1300 1984 Hae
1325 1962 1429 1983 causae
1451 1961 1530 1988 non,
1554 1952 1596 1980 uti

1551 2003 1600 2032 be-
