1913 2417
709 177 1107 213 ORATIO:
1314 211 1321 216 ,,
1604 177 1642 212 31

156 286 262 314 autern
284 278 389 322 aliqua
411 278 495 309 inter
522 284 583 308 nos
609 274 649 307 sit
676 275 827 317 cognatio
852 273 1056 310 studiorum,
1079 278 1134 304 aut
1158 271 1193 303 in
1217 271 1269 303 his
1288 269 1403 303 studiis
1430 282 1504 303 cum
1524 281 1641 315 magna

151 336 248 369 laude
272 337 340 380 ipse
366 342 508 367 versatus
536 333 579 365 sis
596 356 605 371 ‚
627 339 682 364 tua
704 342 785 375 quae
809 330 849 362 ad
878 330 1013 374 gloriam
1044 335 1188 373 spectant
1220 330 1402 360 communis
1433 335 1560 359 nostrae
1586 339 1640 371 pa-

160 394 238 425 triae
258 404 276 424 a
303 403 354 424 me
379 392 481 422 aliena
506 401 572 422 esse
603 400 671 420 non
697 387 859 427 debeant,
889 398 963 419 cum
994 387 1049 418 hic
1083 386 1271 429 conjunctio
1311 384 1429 416 laboris
1461 388 1642 425 accesserit,

158 461 227 482 non
259 449 393 481 verebor
421 448 502 491 quin
531 455 652 478 munus
687 444 785 486 hujus
816 444 1081 482 necessitudinis,
1114 442 1203 486 quod
1234 442 1292 473 tibi
1325 443 1489 484 integrum
1522 441 1641 481 offero,

155 514 187 538 et
213 512 248 537 ut
274 505 414 536 vicissim
440 503 521 534 mihi
546 501 718 534 confirmes
748 507 779 532 et
806 511 922 533 serves.
970 501 1037 532 Vos
1064 506 1191 537 autem,
1216 509 1298 542 quos
1321 498 1458 541 collegas
1480 499 1546 541 jam
1576 499 1641 529 mi.

155 562 191 593 hi
219 562 385 593 nominare
411 560 500 598 licet,
536 557 730 590 Professores
762 557 949 594 clarissimi,
981 557 1008 588 si
1038 556 1117 599 quid
1146 555 1259 587 habeat
1293 562 1348 587 aut
1379 556 1535 587 momenti
1557 566 1640 586 com-

157 618 320 649 mendatio
346 623 401 648 aut
429 616 624 647 auctoritatis
647 615 818 658 probatum
844 613 936 644 vobis
958 624 1162 644 summorum
1184 613 1329 643 virorum
1345 612 1503 654 judicium
1517 635 1525 648 ,
1548 611 1642 643 hune

157 675 318 717 accipiatis
346 672 490 703 obsidem
520 678 696 703 constantis
724 671 786 701 mei
812 669 932 708 studii,
956 681 1054 713 quem
1087 675 1124 700 ut
1155 679 1347 711 recuperare
1367 667 1540 710 aliquando
1567 678 1641 711 pos-

157 731 238 768 sim,
261 730 350 760 omni
375 729 498 759 ratione
525 728 606 759 mihi
637 728 697 758 erit
723 725 958 758 laborandum:
990 726 1163 769 proposita
1195 724 1276 755 milii
1308 731 1447 755 vestrum
1479 725 1638 755 existima-

156 787 262 824 tione,
294 785 459 828 proposita
488 795 544 827 spe
570 784 656 814 illius
680 782 854 819 felicitatis,
888 793 951 825 qua
988 793 1046 813 vos
1083 781 1147 812 frui
1169 780 1282 818 video⁷
1313 780 1449 811 tuendae
1475 779 1640 822 diguitatis

155 838 452 884 hujus'Athenaei‚
483 852 522 872 ex
554 851 657 883 eoque
683 838 877 870 beneficium
906 838 965 869 late
1000 837 1086 881 apud
1116 848 1228 868 omnes
1253 836 1449 875 collocandi,
1478 842 1642 880 quotquot

157 899 193 931 in
218 899 276 930 hac
299 898 425 929 civitate
451 897 534 934 sint,
558 896 677 939 quibus
703 895 866 927 doctrinae
893 901 924 925 et
955 894 1078 926 litterae
1105 893 1195 925 cordi
1223 893 1394 925 habentur.

199 954 340 986 Studiosi
364 953 606 997 spectatissimi.
628 952 707 984 dum
734 951 848 983 vestris
873 950 1067 983 utilitatibus
1091 949 1266 993 aliquando
1298 960 1367 980 mea
1399 959 1496 992 opera
1520 960 1639 983 consu.

156 1010 221 1043 lere
253 1010 393 1054 possim,
423 1010 542 1041 interea
581 1008 678 1040 velim
709 1014 895 1051 perpetuam
924 1019 1029 1040 meam
1057 1006 1255 1040 voluntatem
1285 1016 1359 1048 erga
1386 1016 1444 1038 vos
1467 1018 1505 1038 ex
1531 1007 1640 1055 'animi

157 1060 242 1098 votis
268 1067 481 1110 cognoscatis,
504 1065 624 1109 quibus
644 1071 754 1108 optam
786 1071 822 1095 ut
850 1065 907 1107 qui
937 1065 1072 1108 inceptis
1100 1064 1214 1095 vestris
1251 1062 1360 1094 eximii
1389 1064 1545 1105 propositi
1572 1064 1639 1096 sint

158 1122 301 1161 fructus,
329 1133 384 1154 eos
408 1128 446 1154 ut
474 1121 688 1165 amplissimos
717 1121 962 1163 consequamini
977 1145 988 1160 ,
1023 1131 1188 1152 summum
1210 1119 1269 1151 Dei
1294 1130 1417 1152 numen
1442 1119 1533 1151 vobis
1558 1131 1638 1152 con·

156 1179 264 1218 cedat,
288 1179 493 1222 laboremque
514 1179 618 1221 juvet.
661 1178 757 1210 Certo
787 1180 857 1209 scio
886 1178 991 1210 studia
1022 1183 1126 1209 vestra
1160 1183 1191 1208 et
1223 1176 1293 1207 aliis
1317 1176 1502 1219 profutura,
1523 1184 1555 1208 et
1580 1188 1643 1209 vo-

154 1235 206 1268 his
230 1247 358 1267 summo
381 1237 509 1267 ornatui
530 1234 618 1273 fore,
649 1235 678 1266 si
701 1244 828 1277 semper
854 1235 1044 1274 enitamini,
1066 1240 1103 1265 ut
1128 1232 1289 1265 excellatis
1314 1234 1348 1264 in
1373 1234 1484 1266 vestris
1510 1234 1634 1276 quique

156 1292 357 1336 disciplinis,
388 1298 458 1323 tum
490 1302 541 1323 eas
569 1291 690 1322 ornetis
720 1292 811 1322 omni
837 1290 898 1322 alia
923 1291 1048 1334 egregia
1081 1289 1247 1328 doctrina;
1277 1289 1409 1333 quando
1434 1301 1502 1322 non
1526 1290 1635 1322 solum

156 1360 195 1381 ex
231 1356 336 1380 vetere
361 1355 527 1392 praecepto
556 1348 734 1386 discimus,
778 1358 891 1379 omnes
927 1359 995 1380 uno
1026 1347 1168 1391 quodam
1194 1347 1326 1379 vinculo
1362 1348 1547 1385 contineri,
1579 1346 1636 1379 sed

156 1407 261 1449 gravis
286 1407 369 1437 vitae
401 1407 573 1449 magfflra,
599 1404 795 1447 experientia
829 1404 1004 1447 probavit,
1039 1405 1194 1448 optima-m
1217 1415 1399 1448 quamque,
1421 1405 1596 1447 sejunctam
1618 1415 1637 1435 a

155 1463 307 1505 reliquis,
333 1462 496 1493 horridam
520 1463 682 1499 eminere,
706 1467 737 1492 et
760 1463 908 1504 quamvis
935 1472 1063 1493 summo
1081 1461 1189 1492 studio
1211 1461 1389 1499 excultam,
1417 1462 1562 1492 utilitatis
1582 1461 1635 1491 ali·

159 1529 224 1560 qua
244 1525 271 1549 at
291 1518 470 1561 splendoris
489 1525 572 1550 certe
599 1519 737 1551 maxima
760 1525 849 1561 parte
871 1529 996 1557 carere3
1017 1518 1056 1549 ad
1087 1520 1169 1550 hanc
1199 1518 1363 1549 doctrinae
1385 1517 1510 1549 laudem
1538 1517 1635 1548 adda-

158 1575 198 1605 tis
223 1574 276 1604 ilia
302 1575 506 1617 exquisitiora
536 1575 641 1606 officia
664 1574 886 1611 humanitatis,
910 1576 978 1605 sine
997 1585 1059 1616 qua
1084 1577 1204 1616 optima
1229 1575 1343 1604 metitis
1365 1574 1447 1605 baim
1473 1576 1572 1604 tristia
1600 1580 1632 1604 et

153 1641 261 1674 aspera
283 1630 443 1670 evadunt,
468 1642 549 1674 quae
576 1638 624 1662 est
648 1641 759 1662 eorum
788 1632 957 1674 proprium
985 1638 1230 1669 oruamentum,
1264 1642 1494 1674 §tinnitumque
1522 1630 1630 1663 decus.

1553 2042 1630 2074 AN-
