1913 2417
307 180 345 200 22
575 167 1175 206 JACOBIMHERMANI
1231 167 1544 200 PHILIPSE

349 253 409 281 vic
436 259 503 281 vero
524 252 607 281 locus
629 253 662 281 de
687 251 815 287 judicum
841 251 929 279 libero
956 250 1072 280 arbitrio
1091 251 1243 280 absolutus
1267 258 1325 278 non
1348 240 1477 285 videtur,
1499 251 1555 279 nisi
1571 258 1661 286 pauca
1677 250 1818 280 addantur
1846 270 1851 274 -

315 304 350 333 de
375 303 560 339 quaestione,
588 311 642 337 an,
670 303 694 330 si
718 301 870 329 Tribunali
898 301 967 330 utile
997 302 1145 337 videatur,
1175 302 1344 330 Curatorem
1373 301 1496 330 Absenti
1524 303 1588 330 date
1611 302 1714 339 liceat,
1741 303 1822 339 quod

318 355 386 384 olim
410 354 440 383 in
461 354 575 382 Francia
599 359 664 381 ante
688 353 776 388 legem
798 351 864 380 anni
889 353 963 388 1667
985 353 1071 381 moris
1085 352 1159 382 fuit.

359 405 452 434 Nullo
476 405 532 433 alio
556 412 648 439 scopo
672 404 706 431 de
728 411 787 431 usu
809 402 910 431 horum
932 404 1107 432 Curatorum
1130 404 1158 432 in
1186 409 1334 438 utramque
1358 409 1463 439 partem
1491 409 1546 432 tarn
1573 404 1674 432 acriter
1696 404 1826 440 disputa-

323 462 385 485 tum
415 461 479 491 est,
502 455 557 483 nisi
582 460 614 482 ut
640 459 807 489 constaret,
829 462 863 483 an
888 454 959 491 legis
984 462 1114 491 expressa
1138 453 1333 491 prohibitione
1355 455 1494 483 contineri
1515 454 1627 483 deberet
1653 455 1718 483 talis
1739 455 1830 483 Cura·

318 508 393 536 toris
415 506 509 534 datio:
533 514 594 534 nam
609 526 619 540 ,
640 513 705 534 cum
723 505 792 534 satis
816 505 890 533 inter
912 513 1011 534 omnes
1032 505 1216 538 constiterit,
1238 505 1337 533 melius
1357 506 1521 541 prudentiae
1536 505 1663 542 judicum
1684 505 1827 535 bonorum

325 558 449 593 regimen
474 557 636 592 committi,
666 565 750 592 quam
779 562 888 584 certum
914 556 1041 585 ordinem
1069 556 1103 585 iis
1129 555 1301 592 praescribi,
1329 556 1513 584 solummodo
1538 556 1572 584 ab
1598 556 1652 591 iis,
1675 558 1725 591 qui
1749 557 1830 586 hisce

319 608 516 638 Curatoribus
543 616 601 636 non
627 607 781 641 favebant,
805 607 871 635 baec
898 607 1030 642 quaestio
1052 606 1156 643 agitata
1180 605 1257 641 fuit,
1284 613 1319 634 ne
1342 607 1406 641 lex,
1432 615 1504 642 quae
1528 607 1661 636 universe
1682 607 1830 644 judicibus

326 660 501 696 permitteret
534 665 683 693 statuere,
714 658 792 693 quod
821 657 898 694 ipsis
923 658 1064 693 optimum
1091 657 1232 685 videretur
1250 677 1261 691 ,
1300 657 1372 685 hane
1396 657 1561 686 facultatem
1585 657 1736 687 Tribunali
1765 659 1831 688 reli-

327 712 429 748 quisse
444 717 622 744 censeretur,
649 715 676 738 et
695 710 737 737 sic
754 708 898 744 fortasse,
918 709 1038 744 huiusce
1063 708 1178 736 remedii
1199 708 1333 744 periculis
1355 716 1414 737 non
1437 710 1508 737 satis
1529 709 1698 745 perpensis,
1718 709 1833 739 Absen-

327 763 350 791 ti
375 769 589 796 nonnumquam
619 761 745 790 Curator
768 761 899 795 daretur,
913 760 1001 795 -quod
1023 767 1056 788 ex
1082 767 1177 788 eorum
1204 759 1341 795 opinione
1363 759 1484 788 Absenti
1509 760 1631 788 maximo
1649 760 1724 789 foret
1745 761 1832 790 detri-

321 820 432 842 mento.
473 812 516 840 Ut
540 812 626 847 igitur
647 812 719 840 hauc
743 811 913 839 sententiam
935 811 1104 846 suaderent,
1127 810 1297 846 gravissima
1317 817 1518 839 recensuerunt
1533 811 1736 846 incommoda,
1759 819 1831 847 quae

328 873 361 892 ex
386 865 441 892 boc
463 871 541 900 wore
566 861 729 897 antiquitus
758 867 873 898 recepto
897 868 1083 900 emanarunt,
1112 869 1213 897 nempe
1237 861 1445 890 confectionem
1468 862 1638 898 inventarii,
1669 863 1754 900 cuius
1785 871 1834 892 ne-

327 914 463 944 cessariae
492 913 605 942 fuerant
635 912 787 948 sequelae,
817 919 850 941 ut
880 912 955 941 bona
977 912 1133 947 AbsentiS,
1159 920 1315 948 eorumque
1343 913 1471 941 rationes
1493 913 1675 949 patefierent,
1704 922 1836 950 quaeque

328 974 444 1002 magnas
473 965 616 1000 impensas
649 972 743 992 secum
781 964 853 993 ferre
883 964 1012 992 debebat.
1064 963 1206 991 Praeterea
1237 971 1303 992 curn
1333 965 1488 993 sententiae
1516 970 1615 993 contra
1644 964 1837 1000 Curatorem,

328 1024 461 1052 tanquam
487 1015 646 1051 legitimum
672 1014 810 1042 Absentis
835 1014 1011 1043 defensorem
1035 1015 1125 1049 latae,
1153 1022 1243 1042 rerum
1266 1014 1454 1051 judicatarum
1472 1015 1642 1044 auctoritate
1662 1016 1835 1052 gauderent,

330 1068 414 1096 facile
445 1066 510 1102 ipso
541 1065 682 1093 Curatore
709 1070 848 1099 corrupto
880 1065 1057 1093 adversarios
1085 1065 1210 1093 victores
1242 1074 1276 1094 ex
1308 1065 1358 1095 lite
1387 1065 1544 1094 decessisse
1572 1066 1705 1102 aiebant,
1733 1074 1782 1096 aut
1812 1068 1838 1096 si

328 1119 456 1148 Curator
483 1117 577 1146 minus
605 1115 746 1150 idoneus,
774 1120 824 1143 aut
857 1115 931 1151 juris
964 1115 1115 1151 imperitus
1139 1116 1222 1145 datus
1246 1123 1340 1152 esset,
1367 1117 1450 1145 etiam
1481 1116 1546 1145 inde
1569 1116 1702 1145 damnum
1726 1117 1840 1153 cepisse

331 1170 495 1204 Absentes,
531 1167 641 1203 quibus
671 1165 795 1201 insciis,
830 1172 858 1194 et
889 1174 1106 1203 nonnumquam
1139 1168 1220 1196 etiam
1253 1168 1353 1197 invitis
1383 1168 1453 1196 tales
1488 1167 1648 1196 Curatores
1676 1167 1840 1205 dabantur,

336 1228 470 1257 quosque
493 1227 508 1247 e
530 1218 578 1246 tali
607 1217 736 1254 gestione
758 1216 880 1253 obligari
903 1217 1054 1246 admodum
1080 1218 1212 1255 iniquum
1236 1218 1449 1248 existimabant.
1491 1218 1532 1247 At
1558 1217 1699 1254 quicquid
1722 1226 1840 1255 respon·

332 1273 425 1301 derint
449 1269 602 1307 oppositae
627 1267 785 1297 sententiae
809 1267 991 1305 defensores,
1018 1269 1230 1299 confectionem
1257 1270 1408 1299 inventarii
1431 1277 1490 1298 non
1519 1277 1631 1305 semper
1653 1269 1840 1301 necessariam

337 1331 420 1358 esse,
445 1328 472 1350 et
495 1320 611 1356 insuper
633 1328 711 1348 novo
733 1319 840 1347 auxillo
857 1319 1036 1348 Absentibus
1061 1322 1287 1350 succurrendum
1304 1329 1386 1355 esse,
1408 1328 1510 1355 nempe
1526 1319 1720 1348 restitutionis
1745 1320 1775 1349 in
1800 1321 1844 1349 in.

334 1379 444 1409 tegrum
473 1376 571 1400 contra
593 1370 760 1400 sententiam
788 1371 873 1399 latam
899 1371 1041 1409 (reque‘ze
1061 1372 1191 1409 civile),
1222 1372 1290 1400 haec
1315 1378 1408 1400 tamen
1428 1371 1530 1399 ceteris
1551 1378 1610 1399 non
1630 1371 1758 1400 sufficere
1781 1372 1844 1401 visa

333 1431 422 1458 sunt,
445 1430 476 1451 ut
499 1422 655 1451 Curatores
679 1422 875 1456 admitterent,
897 1428 925 1450 et
951 1421 986 1450 lis
1009 1429 1067 1450 non
1091 1423 1186 1451 statim
1212 1424 1246 1451 ad
1268 1423 1376 1451 exitum
1398 1427 1441 1451 est
1460 1422 1607 1457 perducta.

375 1474 429 1502 Sed
456 1480 532 1502 statu
558 1472 755 1507 quaestionis,
785 1473 825 1501 uti
853 1481 915 1501 eum
944 1473 1082 1509 proponit
1101 1474 1251 1509 Locrdus,
1280 1482 1311 1510 p.
1336 1474 1425 1510 3¹8„
1447 1472 1518 1500 bene
1543 1471 1728 1507 constituto,
1750 1468 1845 1502 Cura-

332 1532 430 1555 torum
461 1524 538 1552 datio
567 1523 650 1551 etiam
685 1526 777 1553 novae
813 1524 847 1552 de
878 1522 1057 1552 Absentibus
1088 1523 1235 1553 doctrinae
1265 1524 1373 1560 optime
1402 1523 1574 1558 conveniet,
1602 1528 1630 1551 et
1654 1523 1705 1551 hac
1731 1523 1845 1559 quidem
1887 1527 1891 1530 ’

334 1577 442 1605 ratione
474 1574 596 1603 fortasse
625 1575 658 1603 de
682 1575 850 1610 qunesrione
874 1574 987 1603 tandem
1017 1575 1174 1610 convenit,
1202 1584 1266 1604 cum
1290 1575 1338 1603 hic
1363 1576 1446 1604 locus
1470 1576 1499 1603 in
1523 1573 1751 1603 deliberationem
1777 1574 1848 1604 inci-

339 1628 403 1661 dit,
433 1626 518 1661 idque
541 1634 575 1654 ex
602 1633 635 1653 eo
666 1626 831 1662 colligitur,
861 1626 941 1661 quod
965 1626 995 1653 in
1022 1632 1083 1654 art.
1105 1634 1178 1662 112,
1209 1635 1268 1662 quo
1290 1625 1382 1662 judici
1413 1625 1501 1654 libera
1531 1624 1699 1654 decernendi
1723 1624 1846 1654 facultas

334 1676 526 1712 relinquitur,
548 1677 626 1704 nulla
642 1676 730 1713 liujus
744 1676 950 1712 prohibitionis
971 1677 1078 1705 mentio
1096 1677 1232 1706 occurrit.
1274 1676 1391 1705 Scilicet
1407 1684 1466 1705 non
1491 1676 1622 1704 universe
1641 1676 1847 1712 quaerebatur,

336 1737 370 1756 an
396 1736 527 1763 semper,
556 1728 605 1755 sed
629 1729 740 1756 demum
768 1737 801 1756 an
826 1730 955 1763 exigente
973 1736 1064 1756 rerum
1089 1734 1185 1763 statu,
1207 1728 1227 1758 i.
1251 1736 1299 1763 e.,
1318 1728 1433 1764 quando
1447 1724 1588 1755 Tribunal
1609 1725 1767 1762 judicasset
1792 1727 1847 1757 hoc
1882 1751 1883 1754 ,

343 1779 482 1808 Absentis
514 1779 664 1808 commoda
696 1778 870 1813 desiderare,
898 1779 1068 1808 Curatorem
1098 1779 1161 1806 dare
1184 1779 1303 1808 liceret:
1329 1778 1446 1813 insuper
1466 1781 1549 1806 nemo
1573 1776 1734 1806 absolutam
1758 1777 1851 1808 Cura-

346 1829 460 1858 toribus
491 1831 520 1857 in
541 1829 679 1858 Absentis
709 1830 784 1859 bona
815 1828 977 1858 facultatem
1004 1830 1159 1858 concedere
1181 1830 1336 1866 cupiebat,
1363 1836 1453 1864 neque
1483 1828 1588 1864 majore
1609 1835 1659 1856 eos
1683 1829 1851 1858 auctoritate

344 1889 477 1915 munire,
508 1889 590 1915 quem
621 1880 649 1908 in
678 1880 821 1917 praesenti
850 1880 1038 1910 necessarium
1065 1881 1179 1909 duceret
1204 1881 1364 1915 Tribunal;
1388 1881 1455 1907 adeo
1478 1885 1509 1907 ut
1532 1879 1672 1915 ejusmodi
1694 1879 1852 1909 Curatores

342 1938 453 1960 tantum
481 1931 680 1959 Procuratores
703 1931 872 1960 haberentur
894 1940 908 1960 a
928 1932 1024 1969 judice
1049 1931 1222 1966 constituti,
1247 1939 1367 1967 quorum
1394 1929 1516 1959 officium
1537 1936 1563 1957 et
1580 1936 1710 1964 potestas
1726 1930 1847 1958 circnm-

340 1981 531 2011 scriberentur
554 1981 706 2016 mandam,
727 1982 806 2017 quod
829 1991 845 2011 a
867 1982 1022 2013 Tribunali
1045 1982 1237 2020 accepissent.
1288 1981 1335 2011 Sic
1359 1981 1468 2019 Qitur,
1491 1988 1579 2016 quum
1604 1979 1772 2009 Tribunalis
1798 1981 1850 2009 hae

1822 2039 1853 2060 m
1885 2043 1899 2050 ,
