1913 2417
264 119 551 152 REVSPONSIO
580 130 630 153 An
659 121 1026 162 QUAESTIONEM
1053 121 1499 155 HYDROSTATICAM.
1604 125 1640 162 67

125 205 211 236 notio
232 205 407 242 verborum,
430 207 576 243 gravitas,
600 206 734 243 pondus,
757 211 818 233 tum
838 205 1024 241 absolutum,
1045 211 1108 234 tum
1131 206 1300 241 relativum,
1323 214 1439 242 magnae
1464 207 1552 244 hujus
1573 208 1633 237 litis

123 258 209 287 unica
233 256 291 286 fuit
315 266 412 286 causa.
454 258 537 296 Quae
561 258 602 286 sic
627 256 739 292 quidem
774 255 911 285 facillima
945 259 1055 286 ratione
1084 257 1179 286 dirimi
1207 266 1295 294 posse
1322 258 1454 293 videtur,
1483 260 1636 288 statuendo

121 311 235 339 scilicet
264 317 331 338 cum
356 308 464 345 Boyleo
493 315 521 337 et
547 307 732 344 Hesselingio
748 328 759 343 ,
790 315 916 343 cumque
942 308 1078 336 omnibus
1109 308 1228 343 reliquis
1253 308 1318 339 VV.
1343 309 1432 344 DD.,
1460 309 1579 337 fluidum
1605 310 1636 338 in

122 360 214 390 fluido
235 360 434 397 homogeneo,
463 359 523 388 sive
554 359 583 387 in
608 359 673 387 loco
701 367 756 387 suo
791 359 941 395 naturali,
970 359 1139 394 ubicunque
1170 360 1294 396 posito,
1323 361 1444 389 omnino
1473 360 1634 396 gravitate,

122 412 145 441 i.
170 420 198 441 e.
225 411 390 448 gravitatem
413 418 492 439 suam
515 419 530 438 a
551 417 668 438 naturae
691 410 752 446 lege
777 410 952 438 immutabili
975 418 1139 446 acceptam,
1168 419 1298 448 servare,
1321 418 1348 440 et
1367 411 1493 447 pondere
1513 419 1567 439 suo
1591 417 1638 439 to-

122 469 175 498 to,
196 462 242 491 vel
260 462 418 496 absoluto,
439 462 469 490 in
493 461 612 490 fluidum
631 462 833 496 circumdans,
855 469 914 490 non
938 470 1007 490 vero
1031 462 1091 490 ullo
1109 462 1253 498 pondere,
1275 470 1329 492 nec
1350 463 1506 498 absoluto,
1524 470 1575 491 nec
1595 470 1639 491 re-

121 513 235 549 lativo,
256 520 331 543 extra
351 512 475 541 fluidum
495 513 525 541 in
549 513 709 547 bilancem,
732 521 855 548 quacum
878 513 1068 549 conjunctum
1094 519 1155 548 est,
1176 521 1267 548 agere,

157 565 256 593 Altera
279 565 374 593 adhuc
407 564 591 593 examinanda
622 572 754 600 superest
781 564 934 600 quaestio,
963 564 1036 593 inter
1067 565 1181 593 eosdem
1210 563 1279 592 VV.
1306 563 1372 592 DD.
1399 564 1571 593 recentiores
1593 564 1637 594 in-

118 615 242 651 stituta,
265 623 359 644 utrum
387 616 497 644 scilicet
519 614 743 652 experimentum
758 614 936 651 ssoyleanum
960 615 991 644 id
1013 615 1116 652 probet
1138 622 1165 643 et
1188 616 1390 650 demonstret,
1411 616 1447 644 ad
1471 616 1550 651 quod
1571 623 1639 651 pro-

119 667 246 695 bandum
270 674 297 695 et
321 666 573 695 demonstrandum
597 666 632 694 ab
659 667 725 702 ipso
756 665 867 703 Boyleo
897 666 1020 702 aliiSque
1049 667 1215 696 institutum
1239 674 1300 702 est;
1330 667 1410 701 sive,
1438 667 1518 701 quod
1539 667 1638 695 eodem

115 718 215 753 sedit,
241 718 387 753 quaeritur
406 718 485 755 jam,
517 725 612 746 utrum
635 718 862 753 experimentum
888 716 1065 754 Boyleanurn
1091 718 1213 754 probet,
1242 725 1344 752 aquam
1369 717 1399 745 in
1423 726 1496 752 aqua
1518 717 1642 754 gravita-

114 776 170 804 te,
192 769 255 797 sive
274 770 455 805 ponderare,
476 776 503 797 et
528 769 642 804 quidem
672 776 801 804 tantum,
823 774 963 804 quantum
985 769 1080 797 eadem
1104 769 1251 805 quantitas
1273 768 1426 804 gravitaret
1450 768 1479 796 in
1502 769 1573 798 aere.

156 819 275 848 eUltima
296 819 497 855 praecedentis
521 819 705 855 quaestionis
729 819 814 847 verba
836 827 891 848 nos
916 820 1058 855 docuere,
1079 820 1153 848 inter
1173 827 1273 847 omnes
1294 826 1363 855 post
1385 819 1524 855 Boyleum
1544 818 1644 847 Philo-

116 871 238 907 =soph0s
268 870 460 906 constitisse,
490 871 603 898 nullum
629 870 748 899 fluidum
775 870 805 899 in
831 879 886 900 suo
911 871 978 900 loco
1008 871 1132 900 naturali
1164 871 1289 907 pondere
1318 871 1379 899 ullo
1409 878 1490 907 agere
1519 871 1550 899 in
1581 871 1644 898 bra-

111 923 220 951 chium
241 921 382 951 bilancis:
415 928 477 950 toto
502 929 569 950 vero
596 922 721 957 pondere
744 930 799 950 suo
829 922 967 951 absoluto
994 922 1135 959 gravitate
1155 922 1185 951 in
1212 921 1331 950 fluidum
1365 922 1559 952 circumdans.
1600 922 1643 951 At

112 981 189 1003 ‘vero
217 981 285 1008 cap.
304 974 332 1002 Il
367 973 444 1001 litem
471 972 506 1000 de
537 972 732 1008 experimento
764 973 912 1009 Boyleano
943 974 1020 1001 haud
1049 982 1166 1009 parvam
1199 973 1441 1008 memoravimus,
1469 974 1555 1009 cujus
1578 981 1643 1002 exa-

112 1031 186 1054 men
202 1025 238 1053 ad
261 1023 334 1052 hanc
352 1023 556 1059 responsionis
573 1030 679 1058 partem
697 1023 783 1051 nobis
801 1024 1018 1060 reliqueramus.
1058 1025 1294 1061 Experimentum
1317 1024 1413 1060 illud,
1434 1025 1543 1060 quippe
1560 1024 1642 1060 quod

115 1082 181 1111 est,
206 1081 243 1104 ‘ut
266 1075 306 1104 ait
331 1073 475 1111 Boyleus‚
504 1073 658 1102 artificium
688 1073 858 1103 aestimandi
888 1075 1056 1111 gravitatem
1085 1084 1176 1111 aquae
1200 1076 1235 1105 in
1269 1084 1342 1112 aqua
1373 1075 1529 1105 bilancium
1562 1084 1639 1113 ope,

115 1135 183 1156 eum
207 1126 293 1155 altera
315 1126 377 1163 ejus
402 1125 544 1154 sententia
569 1133 697 1161 pugnare
718 1125 844 1154 videtur.
885 1125 982 1164 Hujus
1005 1128 1231 1164 repugnantiae,
1260 1127 1324 1157 sive
1345 1135 1409 1156 vera
1432 1126 1492 1163 sit,
1515 1127 1577 1156 sive
1599 1127 1641 1158 ita

117 1178 320 1208 tantummodo
342 1177 490 1211 videatur,
511 1176 677 1205 observatio
697 1184 755 1205 non
774 1176 831 1204 nisi
854 1183 925 1212 post
949 1185 1082 1214 magnum
1101 1179 1238 1214 temporis
1261 1178 1462 1213 intervallum,
1484 1177 1560 1207 facta
1583 1185 1641 1210 est.

116 1228 322 1265 Hesselingius
338 1227 420 1255 ‹enim
444 1227 556 1263 primus
575 1228 710 1264 negavit,
731 1232 854 1264 probum
874 1238 937 1258 esse
960 1229 1016 1258 hoc
1040 1229 1264 1265 experimentum
1277 1250 1288 1265 ,
1311 1229 1441 1266 illudque
1463 1230 1642 1259 demonstra-

113 1287 166 1316 -re,
187 1279 232 1308 vel
256 1278 340 1307 etiam
367 1278 562 1306 demonstrare
588 1287 696 1314 posse,
717 1280 797 1315 quod
820 1280 1015 1309 demonstrare
1035 1280 1222 1316 pertimetur,
1245 1280 1374 1316 scillcet,
1396 1289 1498 1317 aquam
1514 1281 1544 1311 ia
1565 1289 1643 1317 aqua

108 1330 257 1369 :gravitate
276 1330 306 1358 in
333 1328 486 1357 bilancem.
528 1328 628 1358 Talem
655 1330 825 1359 sententiam
847 1339 899 1360 nec
917 1331 1021 1368 Boylei
1043 1332 1156 1368 fuisse,
1177 1332 1249 1361 satis
1277 1340 1421 1368 superque
1438 1333 1638 1368 ostendimus;

109 1381 214 1419 itaque
235 1381 410 1416 videndum,
441 1390 476 1410 an
495 1381 573 1410 forte
598 1381 634 1410 iis
656 1381 753 1411 verbis
776 1382 857 1411 aliam
883 1383 1045 1419 adjunxerit
1075 1383 1327 1419 significationem.
1366 1384 1538 1412 Praecedens
1560 1384 1637 1412 enim

112 1433 155 1463 15,
180 1441 238 1462 nos
260 1432 373 1461 abunde
395 1433 512 1468 docuit,
534 1439 714 1469 quantopere
738 1432 778 1462 sit
800 1441 936 1470 necesse,
957 1434 1134 1471 litigantium
1152 1434 1332 1470 sententias,
1351 1441 1379 1463 et
1403 1433 1508 1469 verba,
1530 1434 1639 1470 quibus

111 1491 166 1515 *ens
190 1483 397 1518 enuntiarunt,
418 1483 489 1512 bene
510 1484 678 1520 intelligere.

157 1534 233 1565 Cum
260 1534 334 1562 illud
350 1534 492 1571 gravitate
513 1535 666 1570 (pondere
690 1535 792 1571 agere)
818 1533 979 1571 significare
1005 1535 1120 1571 possit,
1143 1535 1187 1564 vel
1212 1535 1352 1572 gravitate
1376 1535 1405 1564 in
1427 1536 1568 1565 bilancem
1592 1544 1640 1565 ex-

113 1592 163 1617 ‘tra
182 1593 307 1622 aquam,
338 1585 381 1613 vel
404 1585 486 1613 etiam
514 1586 656 1621 gravitate
689 1586 718 1614 in
748 1592 841 1621 partes
874 1586 1085 1615 circumdantes
1114 1595 1223 1623 aquae,
1252 1587 1378 1623 quisque
1401 1587 1458 1624 jam
1483 1587 1640 1624 intelligit,

113 1637 318 1674 quaestionem
341 1637 377 1665 de
406 1636 605 1672 experimento
631 1636 778 1674 Boyleano
807 1636 892 1665 etiam
917 1636 1028 1673 duplici
1062 1639 1149 1666 modo
1173 1638 1266 1674 accipi
1291 1646 1401 1675 posse,
1429 1638 1490 1667 sive
1515 1644 1549 1670 nt
1572 1646 1640 1674 pro—

118 1688 189 1725 bet,
220 1695 321 1724 aquam
348 1687 378 1717 in
398 1696 473 1723 aqua
499 1688 641 1723 gravitate
667 1689 696 1717 in
727 1688 887 1724 bilancem,
917 1687 979 1716 sive
1001 1693 1033 1716 ut
1057 1688 1180 1724 probet,
1208 1697 1309 1725 aquam
1339 1689 1368 1718 in
1396 1697 1471 1725 aqua
1498 1690 1640 1725 gravitare

116 1740 151 1772 in
175 1746 270 1777 partes
292 1738 524 1775 circumdantes,
544 1746 572 1768 et
599 1740 712 1775 quidem
740 1739 770 1768 in
795 1745 918 1774 utroque
939 1747 1009 1767 casu
1027 1747 1061 1767 eo
1083 1740 1227 1775 pondere,
1248 1749 1308 1776 quo
1331 1747 1424 1777 ageret
1449 1740 1541 1768 eadem
1560 1749 1634 1769 mas-

119 1800 151 1821 sa
173 1798 263 1827 aquae
290 1790 320 1818 in
352 1789 491 1819 bilancem
518 1791 547 1819 in
571 1792 643 1820 aere.
680 1791 741 1828 Jam
773 1798 842 1818 vero
869 1797 904 1818 ex
937 1790 1136 1826 superioribus
1169 1790 1351 1819 manifestum
1383 1798 1445 1827 est,
1473 1791 1632 1828 Bofieum,

114 1843 240 1881 ejusque
257 1848 411 1871 sectatores
430 1850 489 1870 non
507 1842 670 1871 instituisse
687 1842 934 1878 experimentum,
956 1847 989 1870 ut
1010 1841 1188 1878 probarent,
1209 1849 1309 1877 aquam
1335 1841 1365 1871 in
1389 1851 1464 1879 aqua
1489 1843 1540 1872 illo
1563 1851 1637 1879 pon-

115 1893 185 1924 dere
212 1901 293 1927 agere
322 1893 350 1921 in
376 1893 526 1922 brachium
554 1892 696 1928 bilancis,
727 1901 787 1928 quo
811 1899 903 1930 ageret
933 1892 1027 1922 eadem
1059 1892 1108 1921 illa
1133 1893 1164 1922 in
1187 1894 1266 1928 aere,
1298 1893 1433 1928 quoniam
1466 1893 1562 1923 ubivis
1588 1894 1642 1922 do-

115 1950 185 1974 cent
211 1951 314 1982 aquam
337 1943 368 1974 in
394 1952 469 1981 aqua
495 1944 588 1974 totius
615 1944 665 1974 sui
689 1944 825 1982 ponderis
853 1945 998 1983 jucturam
1021 1943 1126 1974 facere.
1168 1943 1371 1982 Hesselingius
1403 1953 1472 1974 vero
1498 1944 1533 1972 iis
1564 1945 1637 1973 hanc

894 1994 911 2025 1
928 2002 947 2024 2
1590 1995 1641 2023 tri·
