1913 2417
262 178 654 220 ⁷comminTA'Tto
685 190 733 211 tm
758 176 1139 218 ‘QUAESTIONEM
1162 178 1459 220 JURIDICAm.
1576 193 1613 222 97

795 277 824 313 §-
864 271 894 304 Β.

136 377 291 409 Absolutis
316 376 421 413 igitur,
443 381 513 410 quae
535 372 569 400 ad
593 370 736 399 bonorum
758 365 974 402 possessionem
998 368 1159 405 pertinent,
1182 377 1268 406 atque
1290 372 1509 408 emolumentis,
1537 375 1609 407 quae

96 439 131 460 ex
149 428 396 459 administratione
413 425 674 463 percipiuntur,ac
691 419 847 449 retinentur
864 426 879 446 a
897 420 1139 456 possessoribus,
1160 421 1229 457 ubi,
1252 424 1435 452 cessantibus
1454 424 1604 452 effectibus

96 480 293 510 neclarationis
311 477 487 512 Absentiae,
509 476 543 504 ad
559 474 682 502 rationes
700 470 957 500 administrationis
972 471 1123 500 reddendas
1143 474 1352 508 procedendum
1371 481 1430 503 est:
1453 481 1558 510 restat,
1582 483 1614 503 ut

96 531 297 566 inquiramus,
327 538 386 565 quo
413 529 499 556 modo
524 526 572 554 alii
603 525 720 553 durante
749 523 801 550 hac
829 521 1014 557 possessione
1038 522 1182 553 fiduciaria
1209 525 1274 562 jura
1300 530 1351 554 su'a
1377 525 1520 554 vindicare
1544 534 1614 561 pos».

95 582 173 617 sint,
203 587 230 610 et
249 581 424 617 quibuscum
451 577 572 614 experiri
600 576 740 610 debeant3
772 579 832 601 tum
860 582 926 602 vero
949 581 1104 612 quousque
1122 577 1150 605 hi
1174 578 1295 614 legitimi
1317 580 1492 608 Absentiurn
1517 579 1614 607 deFen⁴¹

96 641 177 663 sores
204 632 388 669 obligentur,
420 636 448 658 et
475 629 651 665 quibusnam
677 625 808 654 remediis
833 624 873 654 uti
899 626 1033 662 possint,
1064 635 1095 656 ut
1123 628 1263 658 Absentis
1286 630 1351 667 jura
1375 631 1428 659 rite
1449 630 1613 666 vindicent,

95 692 237 720 eumque,
258 689 289 711 ut
307 690 357 719 par
375 688 438 716 est,
459 680 631 714 defendant3
653 678 798 714 denique,
823 687 858 706 an
880 679 933 706 hac
951 678 980 707 in
1004 688 1032 708 re
1054 681 1189 710 omnibus
1209 683 1326 719 juribus
1351 683 1512 719 gaudeant,
1536 691 1608 719 quae

95 736 220 765 'Absenti
238 734 478 771 'competiissent-,
499 734 524 762 si
544 733 609 769 ipse
631 733 677 760 a'dv
692 732 817 760 actiones
840 732 870 760 in
894 738 924 760 se
938 730 1067 759 'directas
1088 734 1299 768 respondisset.

126 787 224 825 'Quod
244 793 361 815 cautum
386 784 548 813 invenimus
572 784 602 812 in
623 783 712 818 prima
733 782 889 810 Absentiae
911 782 1049 817 periodo,
1077 791 1143 811 cum
1168 785 1276 813 nemini
1302 785 1391 821 licet,
1413 785 1469 814 nisi
1493 789 1612 822 urgente

91 837 291 871 necessitate,
318 836 403 864 bonis
429 835 535 863 relictis
561 843 592 863 se
616 834 787 868 inmiscere,
807 840 853 868 et,
876 833 901 862 si
924 833 986 869 ipse
1010 833 1126 863 Absens
1148 835 1368 865 Procuratorem
1393 844 1454 865 non
1474 836 1614 871 reliquit,

94 897 199 925 nemo,
222 888 278 917 nisi
295 888 350 917 >cui
371 886 512 915 Tribunal
532 886 563 913 id
589 893 695 913 munus
724 885 851 921 dederit,
881 886 1023 914 bonorum
1043 886 1172 922 'regimen
1198 887 1346 924 suscipit,
1377 888 1404 916 id
1429 894 1496 923 post
1520 888 1612 916 deela-

94 949 183 972 ratam
211 928 373 969 Absentiam
396 939 480 974 plane
502 944 618 966 cessat}
647 942 723 965 nunt:
746 937 840 971 enim,
857 942 927 965 curn
950 937 1013 974 ipsa
1031 938 1183 966 'bonorum
1211 939 1363 975 possessio
1390 944 1418 967 et
1437 938 1619 967 administra-

92 993 139 1023 ³tio
168 991 307 1020 tribuitur
331 989 481 1018 heredibus
495 1009 505 1024 ,
525 989 609 1018 'hisce
626 988 715 1017 etiam
739 988 812 1017 iilud
836 989 1020 1026 injungitur,
1048 995 1081 1018 ut
1102 990 1242 1019 Absentis
1263 991 1327 1028 J'ura
1350 997 1505 1026 tucantur,
1527 994 1553 1019 et
1577 990 1613 1019 ad

92 1044 251 1081 petitiones
271 1042 391 1071 aliorum
412 1041 612 1078 respondeant.

90 1105 94 1109 ·
137 1095 314 1132 Quicunque
338 1093 428 1129 igitur
449 1091 663 1128 possessionem
688 1090 831 1120 bonorum
862 1092 1036 1122 fiduciariam
1055 1091 1259 1130 obtinuerint,
1289 1100 1317 1122 et
1339 1094 1466 1132 conjux,
1489 1093 1539 1129 qui
1563 1093 1615 1122 bo-

91 1155 202 1177 norum
226 1145 459 1174 communionem
478 1143 708 1179 continuaverit,
729 1145 850 1181 legitimi
877 1145 1016 1174 Absentis
1039 1145 1205 1174 defensores
1236 1146 1477 1180 constituunturg,
1500 1153 1613 1174 omnes·-

45 1229 49 1233 ,
92 1207 177 1235 ·que,
209 1198 259 1233 qui
282 1197 346 1233 jura
371 1196 405 1224 ab
425 1196 561 1224 -Absente
586 1195 754 1223 vindicanda
777 1196 901 1231 habent,
924 1196 1060 1225 'actiones
1081 1203 1180 1225 contra
1208 1197 1296 1224 hosce
1321 1203 1504 1231 possessores
1528 1195 1616 1224 insti·-

89 1256 177 1279 'tuere
191 1249 312 1283 debent,
336 1254 397 1277 art.
416 1255 482 1283 134.
524 1246 629 1282 Neque
650 1247 698 1275 hic
719 1247 843 1282 amplius
867 1247 1043 1283 requiritur,
1075 1253 1107 1274 ut
1132 1247 1305 1275 Procurator
1328 1246 1437 1282 Regius
1463 1247 1492 1275 vi
1518 1255 1617 1275 mune-

90 1301 139 1332 *ris
164 1300 341 1333 intercedat,
373 1306 437 1326 cum
464 1297 534 1326 satis
557 1297 717 1325 commodis
739 1296 878 1326 Absent‘is
904 1306 938 1325 eo
961 1304 1148 1333 prospectum
1177 1297 1326 1332 videatur,
1355 1297 1453 1332 quod,
1485 1297 1534 1332 qui
1557 1298 1618 1325 Ab·

89 1358 207 1381 ‘sentem
235 1350 282 1378 hic
313 1348 484 1384 defendant,
514 1356 594 1377 suam
622 1348 706 1377 etiam
738 1356 795 1376 rem
819 1349 866 1384 agi
901 1348 1155 1377 animadvertentes
1185 1353 1296 1376 omnem
1321 1356 1433 1383 operam
1463 1349 1622 1384 impensuri

94 1402 173 1437 sint,
201 1409 236 1430 ne
261 1400 345 1429 bonis
374 1400 481 1428 relictis
514 1400 583 1435 quid
607 1399 769 1428 detrimenti
795 1400 923 1435 accidat,
951 1406 1000 1428 aut
1030 1400 1124 1435 aliqua
1149 1399 1257 1436 jurium
1283 1400 1424 1435 particula
1457 1400 1614 1428 amittatur.

89 1464 91 1467 ·
137 1453 274 1482 Attamen
296 1452 363 1480 licet
386 1457 502 1479 eatenus
524 1444 932 1488 Absentemrepraesentent,
961 1458 1105 1486 quatenus
1131 1451 1290 1479 habeantur
1316 1450 1431 1479 heredes
1455 1451 1615 1488 filaciarii,

86 1503 226 1538 ‘adeoque
247 1502 375 1531 actiones
396 1509 497 1531 contra
520 1502 586 1530 illos
613 1502 727 1530 institui
754 1503 871 1538 possint
898 1510 929 1530 ac
954 1502 1092 1537 debeant3
1114 1509 1203 1536 quum
1227 1507 1320 1529 tamen
1352 1501 1404 1529 hac
1431 1501 1617 1536 possessione

93 1553 189 1591 ²petita
217 1560 245 1581 et
269 1552 416 1588 impetrata
451 1561 482 1581 se
512 1560 571 1581 non
597 1553 738 1589 gesserint
760 1561 812 1588 pro
835 1553 909 1582 veris
932 1552 1106 1586 heredibus,
1136 1552 1218 1579 etiarn
1243 1558 1347 1586 sponte
1369 1552 1518 1587 sequitur,
1548 1553 1623 1581 ultra

99 1605 175 1633 vires
201 1602 368 1640 patrimonii
394 1602 536 1631 Absentis
560 1610 610 1630 eos
632 1603 825 1631 creditoribus
854 1611 913 1631 non
939 1602 1078 1638 obligari,
1106 1609 1142 1630 ne
1162 1601 1192 1629 in
1219 1610 1315 1629 eorum
1337 1603 1470 1630 damnum
1495 1610 1623 1632 vertatur

86 1655 176 1692 *tegis
199 1654 381 1684 beneficium.
427 1654 503 1684 Cum
527 1654 600 1682 enim
626 1653 814 1683 inventarium
840 1655 952 1682 demum
977 1653 1036 1681 fieri
1061 1653 1161 1681 debeat
1185 1659 1253 1688 post
1273 1652 1439 1681 missionem
1457 1654 1486 1682 in
1502 1662 1620 1690 posses-

95 1707 211 1736 sionem
233 1706 376 1733 bonorum
403 1705 602 1741 impetratam,
631 1713 715 1734 nemo
741 1713 801 1734 non
825 1705 1023 1734 animadvertit
1048 1703 1271 1741 injustissimum
1294 1701 1376 1738 fore,
1408 1703 1475 1733 illos
1502 1713 1621 1741 quoque

102 1765 218 1788 eatenus
243 1758 316 1791 veris
339 1757 489 1786 heredibus
514 1757 686 1793 assimilari,
709 1764 740 1786 ut
761 1758 795 1786 de
820 1757 900 1786 omni
921 1765 982 1785 aere
1004 1755 1098 1784 alieno
1123 1760 1307 1789 tenerentur,
1332 1755 1411 1790 quod
1428 1761 1493 1784 ante
1511 1763 1620 1785 statum

98 1809 246 1838 ‘bonorum
278 1814 459 1845 perspectum
487 1815 515 1836 et
540 1808 736 1836 inventarium
761 1809 926 1838 confectum
954 1809 1037 1845 ipsos
1063 1807 1138 1836 forte
1170 1806 1274 1835 latuit:
1303 1806 1361 1835 imo
1386 1807 1414 1834 id
1441 1815 1500 1835 non
1523 1808 1620 1837 solum

88 1857 246 1898 “injustum
273 1859 384 1895 foret‚'
402 1859 451 1888 sed
481 1866 508 1887 et
542 1860 718 1896 legislatoris
749 1860 875 1889 consilio
902 1858 1100 1893 contrarium,
1130 1856 1239 1894 quippe
1267 1857 1318 1893 qui
1340 1857 1625 1889 administratoribus

102 1911 223 1946 »aliquot
244 1910 358 1939 fructus
379 1910 565 1947 proposuit,-
579 1918 638 1945 quo
660 1910 750 1947 magis
769 1911 951 1941 allicerentur
976 1911 1011 1940 ad
1028 1910 1242 1946 possessionem
1268 1910 1414 1946 petendam
1428 1932 1438 1946 ,
1459 1921 1544 1941 nemo
1572 1922 1623 1941 au.

105 1967 164 1990 tem
184 1967 287 1989 temere
301 1967 365 1989 ante
385 1960 549 1990 confectum
576 1962 764 1990 inventarium
788 1970 849 1991 eam
874 1968 967 1998 petere
990 1962 1092 1997 vellet,
1114 1961 1141 1989 si
1161 1969 1195 1990 eo
1220 1961 1286 1997 ipso
1311 1970 1342 1990 se
1366 1962 1504 1997 obligaret
1528 1964 1619 1992 credi-

111 2011 225 2041 toribus
242 2012 401 2050 Absentis,
427 2018 454 2042 et
483 2011 526 2042 sic
555 2010 641 2042 facile
664 2021 726 2043 acre
751 2013 844 2043 alieno
868 2014 1047 2044 obrueretur.
1088 2013 1166 2046 Hinc
1189 2014 1279 2052 igitur
1300 2021 1434 2052 apparet,
1463 2022 1523 2044 non
1551 2015 1622 2043 adeo

823 2064 855 2094 N
1547 2074 1624 2104 opus
