1913 2417
240 177 275 200 ιιι
603 159 1385 203 J.R.THOR13ECKE

283 248 390 277 Verum
422 252 456 276 ut
487 252 599 276 omnem
625 244 809 283 Scepticismi
841 243 1030 273 diversitatem
1063 252 1212 272 causarum
1243 244 1404 281 originibus
1436 243 1679 280 complectamur,
1703 246 1754 274 vi*

244 301 346 328 dentur
376 299 508 327 universe
540 306 637 326 omnes
665 304 863 332 quaecumque
892 295 1073 331 Scepticismi
1103 294 1210 324 formae
1240 303 1255 323 a
1280 294 1461 331 quadruplici
1490 302 1631 330 imprimis
1665 293 1751 323 fonto

241 358 363 379 manare.
401 367 404 369 Δ

282 412 303 430 a
322 400 356 428 ab
383 399 516 428 universo
543 398 665 434 singulis
687 398 864 432 temporibus
891 396 1092 432 philosophiae
1116 403 1201 428 statu.

280 451 302 487 β
322 449 356 478 ab
378 449 470 485 ipsius
493 448 676 484 Scepticismi
699 455 787 476 aetate
808 456 839 476 ac
863 456 1027 484 progressu.

281 512 301 537 γ
323 500 357 528 ab
387 499 525 535 opposito
553 507 723 535 unaquaque
758 505 848 527 aetate
871 499 1074 535 Dogmatismo
1091 519 1104 533 ,
1130 505 1158 527 et
1187 505 1373 535 systematum
1404 497 1584 526 inimicorum
1618 496 1744 534 ratione;

320 559 392 586 quae
413 558 519 585 cama,
548 550 590 578 uti
609 550 638 578 in
669 549 747 578 omni
772 549 994 585 philosophandi
1026 557 1124 586 genere
1151 550 1207 578 late
1233 556 1324 587 patet.
1356 550 1393 577 ita
1422 549 1450 577 in
1483 548 1672 582 scepticismo
1695 556 1748 583 po·

319 601 477 630 tentissima
498 607 565 636 est,
592 601 642 636 qui
664 609 730 630 cum
754 600 833 630 omni
857 599 986 630 similiter
1010 600 1213 637 philosophiae
1245 600 1397 636 disciplina
1421 599 1589 636 pierumque
1610 605 1654 627 est
1676 605 1746 627 con-

314 653 445 690 Junctus.

278 705 296 735 3-
318 704 352 732 ab
378 704 493 740 ingenio
516 704 653 733 auctoris.

281 754 362 792 Quae
383 763 484 783 causae
513 763 614 783 rursus
637 754 706 783 alias
729 754 836 784 formas
864 760 1041 791 genuerunt,
1072 753 1167 790 prouti
1197 759 1246 781 aut
1280 752 1409 788 singulae
1434 757 1483 780 aut
1514 759 1612 780 omnes
1643 750 1756 786 simulr

242 811 291 834 aut
316 805 452 841 quaedam
477 813 511 834 ex
534 805 569 834 iis
590 806 642 834 alia
668 805 732 834 aliis
748 805 924 841 temporibus
947 806 976 834 vi
998 811 1127 842 egerunt.
1166 805 1247 840 ipsae
1272 811 1364 831 autem
1385 811 1487 831 causae
1507 803 1625 836 melius,
1647 800 1673 830 si
1697 808 1747 837 per

245 864 276 884 se
296 862 482 891 spectentur,
504 864 589 892 quam
612 855 716 883 effectu
741 862 771 884 et-
789 856 901 885 actione
924 856 1038 892 sejungi
1059 864 1075 883 a
1099 864 1128 884 se
1151 855 1273 883 inv-icem
1298 863 1331 882 ac
1353 854 1475 882 discerni
1500 859 1636 889 possunt.

283 905 409 934 Primum
434 906 511 934 varia
539 906 718 941 Scepticismi
745 906 836 934 forma
867 905 1065 942 proficiscitur
1087 906 1121 934 ab
1149 906 1284 934 universo
1305 905 1429 937 singulis
1453 903 1632 939 temporibus
1654 902 1749 937 philo·

246 957 364 992 sophiae
385 963 473 984 statu.
515 955 630 984 Etenim
655 956 863 991 Scepticismus
894 957 1012 991 iisdem,
1043 956 1150 991 quibus
1174 958 1282 991 reliqua
1311 955 1522 991 pnilosophia.,.
1545 961 1749 989 progressuum

244 1007 387 1035 limitibus
415 1006 608 1040 terminatur,
638 1006 799 1042 praesertim
832 1007 898 1041 quia
928 1007 1136 1042 scepticismus
1166 1007 1276 1042 aequali
1314 1013 1426 1038 semper
1455 1012 1521 1032 cum
1552 1003 1762 1039 Dogmatismo·

244 1065 336 1094 passu
356 1056 494 1085 ambulat.
535 1056 626 1092 igitur
650 1057 706 1084 huc
731 1056 861 1092 faciunt,
884 1058 1032 1092 quomodo
1047 1057 1191 1085 dialectica
1213 1063 1251 1084 stt
1268 1056 1399 1089 exculta,
1422 1061 1518 1089 utrum
1544 1054 1666 1088 reliquae
1689 1052 1763 1088 phi*

245 1107 399 1143 losophiae
423 1107 643 1143 Scepticismum
665 1107 781 1144 gignant
802 1114 830 1136 et
851 1108 1014 1144 adjuvent,
1028 1108 1100 1137 alia:
1126 1113 1154 1136 et
1179 1106 1377 1142 intelligitur,
1400 1105 1571 1133 concidente
1595 1111 1672 1132 sana.
1687 1102 1761 1139 phi--

248 1158 408 1194 losophia,
427 1158 576 1187 concidere
598 1158 682 1187 etiam
705 1158 945 1194 Scepticismum-

284 1209 414 1238 Formam
440 1209 620 1246 bcepticismi
645 1210 807 1239 moderatur
828 1210 911 1238 etiam
930 1209 1025 1246 ipsius
1043 1210 1319 1246 Scepticismi‘aetas
1338 1215 1576 1245 ac·progressus..
1610 1206 1761 1235 Nimirunt

249 1259 415 1289 difficillime
426 1261 634 1296 Scepticismus
652 1260 708 1289 sibi
723 1267 855 1295 constat,
876 1267 906 1289 et
920 1260 1036 1289 nonnisi
1052 1267 1120 1297 post
1135 1262 1253 1297 longum
1271 1260 1413 1296 temporis·
1426 1265 1555 1288 tract-um
1564 1257 1619 1286 sibi
1633 1264 1762 1285 consen*

248 1316 349 1339 taneus
372 1319 435 1339 esse
458 1311 570 1339 didicit.
611 1311 705 1347 Igitur
721 1311 866 1347 prioribus
884 1310 1063 1346 temporibus
1082 1310 1213 1347 sceptica
1230 1311 1455 1346 philosophandi
1472 1309 1544 1338 ratio
1560 1315 1653 1344 partes
1670 1307 1757 1335 modo

248 1361 385 1396 quasdam
410 1361 602 1398 DogmatIsmi
628 1369 761 1398 aggressa
784 1368 853 1397 est,
883 1370 942 1397 quo
968 1370 1053 1390 sensu
1081 1361 1137 1389 fuit
1168 1361 1363 1396 particularis.
1404 1360 1476 1388 Mox
1507 1359 1757 1387 universalrsvesse

246 1412 361 1440 studuit
383 1420 411 1440 et
439 1420 522 1441 omne
543 1412 735 1448 Dogmatismi
758 1411 835 1440 latus
861 1420 1021 1447 occupare:
1046 1412 1096 1446 qui
1121 1419 1244 1440 conatus
1269 1419 1384 1447 magnas
1410 1410 1610 1443 difficultates,
1639 1408 1759 1435 multas·

249 1470 306 1498 que
331 1463 541 1492 adversantium
569 1463 805 1499 Dogmaticorum
831 1461 1063 1498 reprehensiones
1089 1461 1197 1490 habuit.
1241 1461 1431 1490 Observatum
1453 1463 1527 1487 enim
1552 1464 1614 1493 est,
1642 1458 1761 1486 acriter·

248 1521 304 1548 que
325 1521 340 1542 a
363 1515 540 1550 Dogmatrcis
564 1520 716 1547 notatum,
742 1502 962 1548 Scepticis-mum
989 1513 1017 1540 in
1046 1514 1112 1548 ipso
1135 1512 1284 1541 dubitandi
1312 1510 1430 1547 fastigio
1453 1509 1654 1544 Dogmatismi-
1672 1515 1750 1545 egere

249 1562 350 1592 fulcris
369 1571 397 1592 et
419 1565 537 1593 auxilio.
579 1564 804 1600 Scepticismum
829 1571 971 1598 namque,
992 1569 1062 1591 utut
1085 1563 1267 1597 dissimulet,
1289 1571 1303 1590 a
1320 1561 1507 1598 Dogmatismi
1529 1560 1618 1589 initiis
1640 1568 1671 1588 ac
1690 1559 1765 1588 fun-⁷

249 1613 388 1642 damentis
413 1622 445 1643 ut
469 1616 688 1651 proficiscatur,
720 1615 758 1642 ita
781 1615 817 1642 ad
838 1614 932 1642 eadem
956 1614 1070 1642 reverti.
1109 1613 1202 1651 §gitur
1222 1613 1461 1649 Scepticismmn,
1484 1611 1534 1647 qui
1557 1610 1766 1646 Dogmatismo»

251 1670 351 1692 utatur
375 1667 408 1693 ad
436 1666 664 1702 Dogmatismum
686 1665 918 1701 profligandum,
946 1673 976 1692 se
1006 1664 1101 1700 ipsum
1126 1665 1289 1699 destruerc3
1320 1671 1346 1693 et
1369 1671 1510 1698 tamquam
1534 1662 1675 1698 peculiare
1697 1659 1762 1696 phi—

250 1714 399 1750 losqmiae
425 1724 514 1751 genus
538 1724 572 1744 ne
603 1715 724 1743 existere
752 1716 865 1750 quidem
895 1723 991 1750 posse.
1039 1714 1121 1751 Quas
1148 1714 1351 1751 0bJecttoncs‚
1382 1713 1642 1747 inconstantiaeque
1669 1711 1760 1738 labem

255 1771 287 1791 ut
314 1766 522 1800 sceptici-<mus
549 1765 707 1802 effugeret,
728 1766 818 1793 variae
839 1766 963 1793 cautelae
987 1766 1127 1800 vaeque,
1149 1774 1220 1801 quae
1246 1774 1304 1794 non
1328 1774 1389 1794 uno>
1406 1772 1532 1799 tempore
1556 1769 1655 1790 omnes
1680 1768 1706 1790 ct
1722 1761 1759 1789 ab

254 1819 314 1841 uno
339 1816 401 1842 viro
425 1816 526 1844 tentari
551 1823 727 1851 potuerunt,
756 1816 946 1850 adhibentur,
977 1817 1049 1845 unde
1072 1816 1226 1845 formarum
1262 1816 1442 1852 Scepricismi
1472 1814 1546 1843 varia
1568 1820 1632 1840 nata
1653 1819 1695 1840 est
1718 1811 1762 1839 di·

254 1864 385 1892 versitas.
428 1867 467 1893 lta
489 1867 627 1901 temporis
659 1875 813 1902 progressu
838 1876 912 1903 opus
940 1874 998 1894 erat
1026 1873 1054 1895 et
1081 1867 1235 1903 multiplici
1265 1867 1472 1903 experimenm,
1501 1871 1530 1892 ut
1550 1862 1758 1898 scepticismus

255 1912 284 1940 in
312 1913 479 1943 stabilivatis
508 1918 684 1945 securitatem
718 1918 873 1952 perveniret
891 1938 901 1951 ‚
930 1926 961 1945 ac
993 1926 1064 1945 suus
1095 1926 1156 1946 esse
1184 1925 1384 1954 perseveraret.
1424 1916 1564 1944 Praeterea
1597 1921 1670 1942 aetas
1702 1920 1762 1941 eam

254 1962 338 1991 etiam
359 1963 416 1992 vim
442 1963 526 1992 habet
547 1967 582 1992 ad
608 1968 789 2001 Scepticismi
812 1967 913 1996 faciem
939 1969 1191 2005 commutandam,
1219 1975 1249 1998 ut
1279 1969 1406 2006 primum
1430 1966 1562 1997 infirmus
1587 1974 1618 1994 ac
1641 1963 1761 1997 debilis,

1702 2011 1766 2042 dein
