1913 2417
236 176 517 212 RESPONSIO
541 188 590 211 An
619 173 975 218 QUAESTIONEM
1002 173 1424 210 PHILOSOPHICAM.
1571 189 1591 217 9

121 263 258 301 Singulae
287 264 375 300 hujus
414 263 565 293 divisionis
595 269 689 299 partes
720 263 863 297 duplicem
891 271 990 291 rursus
1033 261 1176 297 recipiunt
1209 261 1408 290 considerandi
1439 261 1587 292 rationem.

86 312 205 345 Scilicet
227 316 288 344 sive
311 314 472 344 affectionis
493 314 601 349 animi,
623 314 682 342 sive
703 313 871 352 facultatis,
894 313 957 342 sive
980 312 1143 348 systematis
1167 312 1286 340 notione
1309 313 1516 347 Scepticismus
1537 314 1586 341 de-

85 368 225 402 claretur,
246 373 435 401 unaquaeque
457 365 612 401 descriptio
633 372 681 393 aut
703 366 736 392 in
759 364 905 392 abstracto
931 369 1028 399 potest
1049 361 1188 399 spectari,
1218 369 1269 390 aut
1292 364 1325 390 in
1348 370 1489 392 concreto.
1529 364 1592 393 Cu-

84 418 130 455 jus
153 418 278 453 duplicis
299 416 538 445 considerationis
560 415 713 451 explicatio
731 416 841 451 optime
862 414 1065 451 conjungetur.

122 468 350 504 Scepticismus,
373 468 397 496 si
423 467 539 503 affectio
563 467 665 495 mentis
690 466 814 500 dicitur,
846 471 888 492 est
911 464 959 492 ille
982 464 1067 492 animi
1090 470 1204 498 status,
1227 471 1285 500 quo
1308 465 1342 493 de
1368 466 1446 494 omni
1467 466 1550 501 plane
1565 475 1593 495 re

81 519 249 554 dubitatur,
279 517 352 546 illud
376 519 444 547 adeo
471 517 587 553 ipsum,
617 518 651 545 de
676 516 808 545 omnibus
840 515 1030 544 dubitandum
1057 523 1138 550 esse,
1166 515 1197 543 in
1219 515 1338 544 dubium
1366 523 1487 545 vocatur
1509 518 1589 554 (1).

81 569 150 607 Quo
171 570 201 597 in
224 575 302 597 statu
323 576 389 597 cum
411 569 511 597 nullus
534 576 656 603 usquam
689 568 776 596 homo
804 566 859 595 sibi
885 566 979 601 possit
1007 572 1141 594 constare
1165 566 1252 603 (2),
1282 567 1349 595 haec
1374 567 1488 596 affectio
1514 569 1594 604 cogi-

80 621 190 649 tatione
213 628 299 656 supra
322 620 463 648 humanos
490 627 594 648 sensus
616 619 761 654 tollenda,
782 625 809 646 et
833 618 863 646 in
885 617 1029 645 abstracto
1058 617 1262 645 consideranda
1291 624 1351 654 est,
1381 624 1415 646 ut
1440 618 1593 647 habeamus

79 671 218 700 cumulati
243 670 369 706 Sceptici
395 679 426 699 ac
453 670 572 706 perfecti
603 668 786 705 Scepticismi
815 668 1000 697 simulacrum
1034 674 1061 695 et
1091 667 1258 704 exemplar,
1291 669 1326 697 ad
1359 669 1440 706 quod
1467 669 1594 705 Sceptici

77 721 169 758 magis
194 721 342 757 magisque
363 722 517 757 accedant,
547 721 694 756 variaeque
718 719 899 756 Scepticismi
931 718 1040 747 formae
1069 718 1228 754 exigantur.
1271 719 1386 748 Etenim
1425 720 1450 748 si
1475 728 1595 758 eorum,

79 773 215 807 quisunt
234 778 284 800 aut
302 771 444 807 fuerunt,
467 772 666 808 Scepticorum
685 770 864 800 affectionem
885 769 1072 805 inspiciamus
1085 789 1095 803 ‚
1117 776 1223 804 sponte
1246 775 1324 804 patet
1349 779 1447 799 omnes
1473 780 1591 807 magno-

76 830 144 858 pere
167 831 182 850 a
204 831 234 850 se
259 822 381 850 invicem
412 820 548 857 differre,
575 823 720 857 variisque
751 821 911 850 intervallis
940 829 955 848 a
986 825 1185 848 consummata
1224 820 1371 848 universae
1402 822 1592 851 dubitationis

77 871 200 908 imagine
221 872 332 901 abesse.
373 872 465 908 Igitur
485 873 519 900 ad
541 872 612 901 hanc
635 872 776 909 effigiem,
807 878 953 907 tamquam
976 878 1155 906 mensuram,
1183 877 1284 906 postea
1310 870 1386 899 varia
1409 872 1592 908 Scepticjsmi

71 929 178 960 *genera
203 923 340 952 metienda
364 929 392 951 et
414 923 594 960 dijudicanda
616 930 715 952 erunt--

113 973 165 1002 Sin
193 982 262 1003 vero
286 974 508 1010 Scepticismum
542 973 628 1003 nobis
660 971 850 1002 informamus
879 971 998 1004 notione
1029 974 1130 1007 artis,
1164 972 1347 1009 intelligenda
1380 980 1425 1001 est
1464 973 1591 1004 facultas

72 1023 262 1061 (δύναμις),
291 1024 421 1053 inomni
446 1025 551 1061 pariter
582 1032 611 1052 re
632 1024 749 1059 aequale
777 1023 895 1059 pondus
919 1023 1062 1051 rarlonum
1093 1023 1149 1051 sibi
1178 1023 1300 1051 invicem
1331 1025 1497 1059 opponendi
1516 1026 1592 1064 (3).

72 1073 150 1103 Haec
174 1073 300 1103 facultas
329 1075 359 1104 in
380 1084 495 1104 summo
521 1075 656 1112 Sceptico
688 1075 718 1103 in
745 1081 884 1111 perpetuo
911 1082 975 1103 esse
1003 1073 1140 1103 exercitio
1173 1073 1320 1110 fingitur3
1352 1074 1467 1111 vulgari
1495 1082 1589 1105 autem

74 1131 191 1162 'semper
210 1132 329 1162 praesto
351 1135 414 1155 esse
433 1127 537 1162 debet,
559 1134 617 1162 qua
640 1131 758 1162 utatur,
779 1125 804 1154 si
828 1125 910 1154 velit.
951 1125 1017 1154 Hoc
1041 1131 1134 1153 autem
1158 1124 1333 1160 exaequandi
1362 1125 1505 1155 rationum
1529 1135 1592 1156 mo·

69 1181 172 1224 'menta
191 1174 320 1206 >officium
348 1178 468 1213 exsequi
492 1177 645 1214 Scepticus
679 1185 739 1206 non
766 1182 888 1213 potest,
918 1176 976 1205 nisi
1001 1184 1016 1204 a
1043 1174 1195 1212 principiis
1222 1176 1396 1212 quibusdam
1422 1176 1590 1207 fundamen-

68 1227 173 1264 aisque
191 1228 418 1265 {proficiscatur3
452 1237 508 1264 qua
530 1229 560 1257 in
586 1237 615 1258 re
634 1228 675 1258 ita
697 1227 758 1256 'sibi
788 1227 952 1262 consentit,
981 1227 1006 1256 si
1028 1227 1115 1256 modo
1145 1227 1237 1262 haec,
1265 1227 1352 1256 modo
1377 1227 1425 1257 illa
1449 1229 1591 1265 principia

69 1284 215 1314 vsurpet,
236 1285 271 1308 *et
289 1287 349 1309 non
371 1280 430 1309 nisi
453 1288 489 1309 ex
516 1279 687 1314 concessis,
712 1285 743 1307 et
766 1279 801 1307 ad
831 1278 906 1307 diem
934 1277 1063 1314 disputet
1088 1277 1105 1312 <
1113 1278 1166 1314 4).
1215 1277 1298 1307 Hanc
1334 1277 1396 1307 sive
1423 1278 1591 1308 facultatem

66 1327 134 1358 slve
164 1334 252 1357 artem
269 1349 280 1364 ,
304 1328 530 1366 ‘haudquaquam
555 1329 776 1359 existimandum
810 1336 855 1357 est
888 1328 1013 1363 discerpi
1044 1336 1130 1364 posse
1153 1337 1168 1356 a
1191 1327 1306 1364 priori,
1337 1336 1422 1364 quam
1453 1329 1591 1365 exposui-

68 1386 157 1414 mus,
178 1379 363 1417 Scepticismi
385 1381 523 1410 notione:
553 1388 653 1408 verum
685 1385 729 1409 est
751 1379 798 1408 via
821 1379 857 1407 ad
876 1378 954 1407 illum
980 1379 1131 1407 dubitandi
1152 1385 1259 1408 statum
1284 1379 1485 1415 perveniendi,
1514 1381 1590 1417 ejus-

71 1435 131 1467 que
155 1431 253 1459 tuendi
274 1432 458 1466 praesidium.
499 1431 578 1459 Haec
597 1431 750 1467 praecipue
771 1435 898 1459 veterum
920 1435 966 1457 est
991 1430 1082 1464 ratio,
1105 1437 1191 1465 quam
1221 1429 1294 1458 infra
1314 1430 1536 1465 explic-abimus.

103 1480 199 1518 Quod
218 1481 304 1518 hujus
328 1481 468 1517 perfectae
490 1482 638 1510 facultatis
660 1480 768 1510 auxilio
791 1477 933 1514 efficitur,
955 1480 1160 1508 contrariarum
1177 1480 1286 1508 scilicet
1310 1479 1397 1508 series
1419 1480 1584 1516 rationum,

72 1531 180 1568 quibus
206 1532 301 1561 omnis
332 1533 462 1568 cognitio
485 1532 592 1561 incerta
625 1531 771 1566 redditur,
800 1537 829 1559 et
862 1530 1035 1559 dubitationi
1065 1531 1212 1566 obnoxia,
1242 1530 1481 1567 significationem
1507 1531 1589 1559 affert

66 1582 254 1619 'Scepticismi
279 1583 458 1620 objectivam.
498 1584 615 1622 Quippe
640 1592 668 1612 re
691 1583 720 1611 in
746 1583 891 1610 abstracto
915 1585 1062 1616 spectata,
1083 1582 1312 1618 Scepticismus,
1335 1581 1498 1617 systematis
1521 1581 1585 1609 vin-

69 1634 134 1662 cula
156 1640 340 1670 aspernatus,
363 1644 414 1671 per
436 1643 466 1663 se
488 1634 642 1669 subsistit,
670 1641 720 1662 nec
744 1633 818 1661 alius
843 1632 1014 1668 disciplinae
1036 1631 1186 1660 existentia
1211 1633 1277 1669 (5)
1301 1640 1363 1668 eget
1394 1633 1439 1660 vel
1463 1632 1583 1660 admini-

68 1684 160 1712 culis:
184 1685 283 1720 quod,
304 1686 328 1714 si
350 1687 384 1714 ad
408 1686 545 1714 historiae
568 1686 715 1714 veritatem
740 1683 901 1718 referatur,
923 1682 1115 1717 Scepticismo
1143 1683 1178 1710 ad
1203 1684 1377 1718 reliquarum
1401 1682 1584 1718 conjunctio-

67 1741 132 1763 nem
156 1741 298 1764 sectarum
321 1737 472 1773 traducto,
494 1737 586 1766 multo
606 1744 690 1766 secus
711 1741 767 1764 est.
809 1733 895 1763 Tunc
919 1732 994 1762 enim
1021 1732 1213 1769 Scepticismo
1236 1733 1333 1762 statim
1356 1733 1581 1763 conflictandum

1541 1790 1585 1813 est

63 1885 72 1911 l
89 1884 142 1913 (ι)
162 1887 213 1910 vm.
231 1888 350 1918 ειὸηαιῑιι,
370 1892 385 1914 ι,
403 1892 418 1913 ι,
533 1890 584 1921 (2)
606 1889 658 1913 vid.
679 1888 800 1917 standan,
819 1889 835 1911 ι.
853 1887 869 1909 1.
890 1895 912 1916 p.
926 1894 948 1916 ⁴·
965 1892 987 1912 ς.
1119 1884 1173 1914 (3)
1194 1885 1246 1909 vla.
1270 1884 1390 1913 standan,
1412 1887 1427 1908 l.
1450 1892 1470 1908 c.
1493 1887 1551 1912 με.

91 1927 145 1954 (4)
165 1929 232 1951 cons.
250 1931 328 1958 Krug,
350 1933 406 1954 iiber
426 1932 463 1955 die
484 1933 630 1955 Verschiedn.
649 1931 773 1954 Methoden
791 1930 832 1952 des
856 1927 1040 1956 Philosophiam
1059 1929 1105 1949 und
1127 1926 1165 1949 die
1187 1928 1329 1950 verschiedn.
1348 1929 1449 1950 systeme
1468 1926 1508 1947 der
1527 1925 1577 1947 PM*

63 1965 167 1995 losephie
191 1973 251 1993 1802.
272 1980 292 1999 p.
309 1973 340 1994 18.
361 1973 382 1994 in
396 1980 445 1996 not.

91 2007 143 2037 (5)
164 2010 205 2033 Pro
223 2012 268 2034 hoc
290 2013 385 2042 aliisque
404 2015 480 2039 verbis
499 2015 570 2039 miuus
591 2014 682 2042 latinis,
704 2012 791 2037 veniam
805 2010 871 2034 nobis
892 2011 919 2033 ab
940 2009 1017 2035 20ss⁰¹⁵
1030 2007 1145 2032 imnum*
1164 2005 1233 2028 saeue
1254 2007 1327 2029 ‘mum
1349 2006 1397 2034 ω’
1415 2004 1553 2028 confidimus

854 2047 877 2076 B
