1913 2417
303 194 684 230 COMMENTATio
711 203 761 226 an
788 191 1160 234 QUAESTmNEM
1183 190 1474 232 Joatmcam.
1610 197 1650 231 ης

137 285 216 319 tem,
238 282 290 319 qui
311 290 376 313 ante
397 281 615 319 possessionem
646 279 823 308 fiduciariam
845 279 956 316 percipi
977 277 1143 315 potuissent
1171 276 1234 314 (les
1249 276 1347 313 frczits
1371 275 1503 312 debus),
1527 275 1562 303 ab
1583 275 1648 311 ipso

138 334 268 364 Absente
286 341 438 370 perceptos
463 332 552 361 videri
577 331 646 360 satis
667 336 785 367 apparet
809 338 871 360 art.
895 331 960 360 126.
976 351 986 366 ,
1017 330 1065 358 ubi
1087 328 1174 358 simul
1203 336 1269 357 cum
1294 327 1387 364 pretio
1412 335 1446 356 ex
1470 334 1562 355 rerum
1591 334 1653 355 mo-

139 384 241 413 bilium
264 384 428 413 venditione
448 384 561 412 redacto
584 382 672 411 hosce
696 381 810 410 fructus
831 383 972 412 collocare
990 382 1129 419 jubentur
1152 380 1266 408 heredes
1289 379 1318 408 in
1342 378 1557 415 possessionem
1582 378 1651 406 mis-

135 434 183 471 si,
205 435 245 464 ita
269 442 302 463 ut
327 434 410 464 facile
430 440 547 470 pateat,
566 434 634 463 illos
656 435 758 464 nedum
780 433 810 463 in
830 436 1077 470 computationem
1095 433 1244 463 fructuum
1266 429 1379 466 venire,
1400 438 1474 466 quos
1497 439 1553 467 pro
1567 437 1650 459 onere

130 485 392 515 administrationis
416 486 566 514 lucrantur
586 493 772 522 possessores
795 493 829 515 ex
855 492 917 515 art.
949 493 1012 522 127.

140 561 144 566 .
170 536 323 572 Denique,
348 545 413 566 cum
435 538 483 574 jus
506 536 582 573 illud
605 537 770 573 singulare,
798 537 878 573 quod
904 542 967 565 art.
991 544 1057 574 124.
1087 534 1205 571 conJ'ugi
1232 533 1383 570 superstiti
1408 531 1596 567 conceditur,
1625 532 1650 561 ei

134 593 246 616 tantum
268 588 384 623 prosit,
406 588 432 616 si
456 588 599 617 bonorum
626 589 792 618 communio
816 588 874 624 ipsi
897 596 962 616 cum
989 587 1115 616 Absente
1138 585 1350 619 intercesserit,
1379 591 1486 620 sponte
1512 589 1650 619 apparet,

134 638 188 669 hac
209 646 309 668 caussa
333 639 499 674 deficiente,
522 639 705 676 superstitem
725 640 838 676 potiore
858 640 921 676 jure
947 647 1006 668 non
1029 638 1166 675 gaudere,
1188 645 1273 672 quam
1300 635 1427 670 reliquos
1457 642 1574 669 omnes,
1598 633 1649 669 qui

132 690 257 726 generali
278 690 479 719 enunciatione
500 697 563 720 art.
591 699 657 727 123.
685 691 988 727 comprehenduntur,
1009 696 1036 718 et
1056 691 1105 726 jus
1128 696 1211 717 suum
1233 687 1378 717 vindicare
1401 692 1543 722 possent,
1565 685 1591 714 si
1615 687 1649 714 de

132 741 273 770 Absentis
297 741 379 769 obitu
410 747 574 770 constaret:
598 742 640 770 sic
662 741 752 778 igitur
780 743 888 778 conjux
914 748 1079 777 superstes,
1099 747 1127 768 et
1154 739 1269 768 heredes
1294 737 1429 774 conjugis
1454 736 1611 764 deficientis
1633 744 1650 764 a

132 798 166 824 se
187 791 308 820 invicem
331 792 441 828 exigere
465 797 622 827 poterunt,
643 800 718 827 quae
744 798 861 821 mortuo
887 792 1016 821 Absente
1039 792 1164 828 singuiis
1188 789 1425 826 competiissent,
1446 794 1493 824 et,
1515 789 1649 816 cautione

132 842 290 881 praestita,
307 842 462 879 ,fiduciaria
491 843 593 871 horum
629 842 773 871 bonorum
807 844 992 879 possessione
1020 842 1207 880 gaudebunt,
1237 842 1304 869 dum
1337 848 1421 868 nemo
1446 839 1480 867 de
1509 838 1648 868 Absentis

131 900 212 927 statu
234 893 305 922 certi
328 893 398 929 quid
421 894 661 930 renunciaverit3
691 902 782 930 neque
804 895 871 930 plus
900 895 972 932 juris
1003 900 1198 930 consequetur
1227 892 1336 929 conjux
1368 896 1541 927 superstes,
1572 889 1648 924 nisi,

130 944 335 973 deficientibus
358 945 579 974 suecessoribus
600 945 800 982 regularibus,
821 953 848 974 et
864 946 962 975 liberis
984 945 1165 974 naturalibus
1187 943 1316 981 agnitis,
1337 943 1400 979 ipse
1416 942 1445 969 in
1463 941 1562 970 ordine
1583 947 1650 969 suc-

125 1003 276 1027 cessorum
300 996 334 1024 ab
359 997 494 1026 intestato
519 997 682 1034 proximum
708 998 804 1026 locum
830 1003 974 1033 occupet,
995 1003 1023 1025 et
1045 997 1088 1025 sic
1113 1004 1148 1026 ex
1168 1001 1232 1025 art.
1257 1003 1321 1025 120.
1343 993 1378 1030 j.
1407 998 1470 1023 art.
1488 1000 1554 1031 140.
1580 999 1651 1029 pos-

126 1049 289 1078 sessionem
312 1047 488 1078 fiduciariam
512 1048 641 1078 omnium
665 1048 808 1077 bonorum
832 1054 926 1084 petere
951 1048 1057 1083 possit.

841 1125 870 1162 §.
910 1133 941 1162 5.

168 1199 217 1230 Sic
238 1207 333 1230 autem
357 1207 463 1237 sponte
494 1201 627 1236 ducimur
654 1201 689 1230 ad
714 1201 762 1238 jus
788 1200 863 1230 illud
893 1200 1039 1236 singulare
1066 1198 1190 1228 articuli
1215 1207 1282 1235 124.
1310 1197 1339 1228 in
1363 1197 1479 1233 gratiam
1504 1190 1647 1235 supersti4

124 1252 168 1282 τίς
188 1252 405 1287 introductum,
426 1252 451 1280 si
471 1252 638 1291 communio
664 1252 806 1281 bonorum
830 1254 903 1281 inter
919 1252 1058 1289 conjuges
1078 1250 1224 1287 obtinuit;
1247 1250 1327 1286 quod
1346 1249 1432 1278 nobis
1447 1250 1648 1286 explicandum

128 1305 361 1340 proposuimus,
383 1309 533 1338 antequam
561 1304 595 1338 de
620 1303 944 1339 naturarpossessionis
975 1302 1145 1337 heredibus,
1165 1301 1329 1338 legatariis,
1351 1299 1555 1344 similibusque
1577 1308 1647 1329 con-

123 1361 226 1385 cessae
245 1355 280 1383 de
298 1355 442 1384 industria·
462 1355 632 1391 exponimus
653 1354 729 1384 Sect.
750 1362 798 1390 sq.
839 1353 915 1382 Cum
941 1354 1052 1390 igitur,
1074 1354 1099 1382 si
1120 1353 1287 1382 communio
1306 1352 1447 1380 bonorum
1471 1352 1533 1388 ipsa
1556 1351 1585 1380 vi
1611 1352 1651 1379 le-

129 1405 197 1442 gis,
217 1411 265 1433 aut
285 1405 484 1434 conventione
504 1413 518 1434 a
534 1406 710 1443 coniugibus
734 1405 900 1434 introducta
923 1406 982 1441 sit,
1004 1405 1171 1441 superstitis
1191 1405 1311 1433 arbitrio
1328 1403 1527 1440 permittatur,
1549 1409 1647 1431 utrum

125 1463 190 1485 eam
214 1457 381 1485 continuare
406 1457 494 1492 velit,
514 1464 550 1485 an
573 1464 641 1486 vero
662 1456 839 1492 dissolvere,
861 1458 959 1486 statim
981 1457 1129 1485 videamus
1154 1456 1188 1484 de
1206 1455 1374 1490 effectibus,
1402 1462 1469 1483 cum
1494 1454 1647 1482 continua-

130 1512 197 1542 tae,
227 1514 288 1535 tum
313 1507 473 1536 dissolutae
497 1508 734 1543 communionis,
757 1508 823 1536 ilcet
847 1508 922 1537 enim
940 1508 1031 1536 multa
1048 1508 1167 1544 copiose
1188 1506 1328 1542 disputari
1339 1511 1459 1541 possent
1479 1505 1513 1532 de
1534 1503 1646 1533 caussis

128 1565 164 1587 ac
196 1558 368 1593 momentis,
397 1566 468 1594 quae
491 1559 649 1595 legislatori
673 1559 744 1587 hanc
771 1559 942 1594 peculiarem
973 1559 1211 1587 constitutionem
1243 1557 1370 1585 suasisse
1401 1556 1554 1590 videntur,
1585 1555 1648 1584 bre-

126 1608 227 1638 vitatis
257 1609 347 1645 gratia
375 1617 409 1637 ea
440 1609 598 1638 omittenda
628 1609 783 1644 videmur,
810 1618 876 1638 curn
911 1610 1029 1645 insuper
1060 1609 1170 1646 egregie
1201 1609 1268 1638 haec
1302 1607 1397 1637 omnia
1425 1612 1605 1642 exponantur
1629 1614 1646 1635 a

128 1659 261 1695 Locreo,
283 1660 304 1689 l.
327 1660 348 1689 l.
377 1668 409 1696 p.
427 1668 630 1698 427-431,‚
651 1666 678 1688 et
702 1660 834 1697 legantur
856 1661 886 1690 in
910 1660 1040 1690 oratione
1065 1668 1095 1689 v.
1122 1659 1211 1699 ampl.
1235 1658 1530 1697 Bigot-Prcameneu
1552 1656 1647 1695 (Mo-

128 1711 203 1748 tifi,
223 1710 309 1740 Tom.
329 1710 366 1740 11.
398 1720 428 1746 p.
458 1712 531 1746 180,
553 1713 639 1748 sq.).

166 1762 198 1790 Si
222 1762 330 1799 conjux
352 1770 497 1797 superStes
513 1763 569 1791 hoc
590 1763 661 1799 legis
680 1762 819 1792 beneficio
840 1763 952 1798 utitur,
973 1763 1114 1791 continuo
1138 1761 1257 1798 impedit
1283 1760 1447 1790 missionem
1472 1761 1502 1789 in
1525 1767 1640 1796 posses·

130 1812 239 1842 sionem
256 1813 383 1842 omnium
400 1814 555 1850 heredum,
576 1813 751 1850 eorumque,
771 1814 821 1850 qui
839 1814 996 1843 secundum
1014 1820 1076 1842 art.
1097 1821 1159 1850 123.
1178 1814 1241 1850 jura
1258 1821 1310 1841 sua
1325 1812 1537 1848 exercuissent;
1560 1812 1643 1840 adeo·

134 1872 208 1900 que,
228 1865 294 1893 licet
318 1865 346 1894 id
370 1865 398 1894 in
423 1871 482 1895 art.
511 1874 574 1903 124.
600 1866 714 1895 disertis
737 1866 831 1894 verbis
856 1873 915 1894 non
936 1866 1090 1899 doceatur,
1124 1870 1243 1893 mentem
1268 1872 1348 1892 suam
1375 1864 1514 1892 declarare
1538 1862 1657 1897 debet‘‚.

130 1922 280 1951 antequam
306 1916 376 1945 hanc
400 1917 637 1952 possessionem,
667 1923 716 1946 aut
736 1917 844 1954 jurium
871 1925 954 1945 usum
983 1915 1163 1944 fiduciarium
1193 1915 1390 1944 obtinuerint:
1420 1915 1642 1944 administratio-

127 1973 193 1996 nem
218 1974 308 1996 autem
333 1968 474 1997 bonorum
496 1969 615 1998 maritus
634 1976 779 2006 superstes
802 1968 937 2005 (quippe
964 1967 1015 2004 qui
1035 1968 1092 2006 J'am
1116 1967 1150 1996 ab
1187 1967 1271 1997 initio
1298 1965 1539 1996 administrationi
1561 1972 1640 2000 prae-

901 2018 928 2048 K
949 2027 965 2048 2
1566 2015 1641 2053 fuit,
