1913 2417
245 152 638 184 COMMENTATIO
667 162 716 183 AD
742 153 1115 193 QUAESTIONEM
1139 154 1434 194 JURIDICAM.
1560 166 1598 197 35·

82 243 148 265 nem
175 236 337 271 bonorum,
361 245 419 272 quo
444 243 523 272 pater
546 237 662 274 gavisus
684 243 746 272 est,
763 238 874 266 nulium
898 238 1017 267 dubium
1043 247 1105 268 esse
1127 239 1260 275 videtur,
1281 239 1351 275 quin
1376 239 1439 268 sine
1462 246 1594 270 cotutore

84 287 181 316 omnia
205 297 259 324 pro
277 288 377 316 vliberis
400 296 493 324 gerere
516 288 628 324 possit,
651 297 723 323 quae
745 289 801 324 ipsi
823 290 979 318 necessaria
1000 291 1172 326 videantur3
1197 292 1267 320 adeo
1294 297 1325 319 ut
1349 290 1421 326 ipsis
1445 290 1525 318 hisce
1545 299 1595 327 pa-

81 339 134 367 tris
158 339 273 375 juribus
298 340 323 368 ei
345 339 545 368 demandandis
568 339 716 374 legislator
743 340 825 367 matri
851 347 1021 376 potestatem
1048 341 1151 370 fecisse
1173 342 1322 377 videatur,
1351 341 1412 370 sine
1438 342 1586 378 cujusdam

74 390 251 419 auctoritate
281 390 434 419 liberorum
471 391 544 418 bona
575 390 811 425 administrandi,
842 399 953 426 cosque
978 394 1206 428 repraesentandi
1232 394 1262 422 in
1291 393 1406 422 actibus
1435 393 1586 424 civilibus.

76 439 153 468 Nam
174 440 242 468 licet
267 440 388 477 obligari
415 447 521 476 queat,
549 448 581 469 ut
607 441 687 470 finita
712 441 958 471 administratione
979 443 1102 472 rationes
1127 445 1242 480 reddat;
1272 445 1358 480 idque
1379 452 1438 473 non
1463 444 1532 473 adeo
1558 453 1592 473 ex

76 493 165 520 tutela
187 498 285 529 gesta,
309 491 352 520 uti
375 492 522 521 contendit
546 492 755 528 Proudhonus,
775 502 804 528 p.
824 494 898 530 16),
921 502 1005 530 quam
1030 495 1279 524 administratione
1302 504 1400 525 eorum
1425 496 1591 530 bonorum,

73 544 148 580 quae
162 543 316 573 liberorum
332 544 555 580 sundpropria,
569 545 728 573 secundum
746 551 809 572 art.
828 546 881 581 389
894 565 904 579 ,
916 545 948 581 j.
971 552 1033 574 art.
1051 555 1136 583 14r.;
1159 548 1289 583 adeoque
1305 547 1394 576 videri
1413 553 1515 583 posset
1530 546 1593 575 sine

75 595 182 633 judicis
199 595 371 625 auctoritate
387 595 500 624 actibus
518 595 654 624 interesse
670 604 729 624 non
746 604 831 632 posse
851 597 919 625 haec
945 597 1021 626 bona
1044 598 1245 634 spectantibus
1257 620 1267 633 ‚
1290 599 1400 635 quippe
1420 598 1546 634 quibus„
1559 597 1590 626 si

73 647 171 684 magni
197 647 293 676 forent
315 647 470 682 momenti,
494 647 651 676 immobilia
675 656 725 675 sua
753 648 877 676 fortasse
899 647 1060 684 obligaret,
1082 650 1107 678 si
1131 650 1246 685 quando
1271 651 1305 678 ad
1327 650 1451 678 rationes
1474 649 1591 677 redden-

69 699 123 727 das
149 699 360 735 procedendum
390 698 466 727 foret
491 699 580 736 (a),
609 705 658 727 aut
681 699 778 727 saltem
804 699 941 734 mobilia3
972 701 1110 735 quodque
1132 701 1223 736 adeo,
1255 701 1280 729 si
1306 700 1475 729 communio
1499 700 1592 728 bono-

71 757 137 778 rum
161 749 234 778 inter
254 750 393 787 conjuges
416 750 512 779 locum
542 749 677 785 haberet,
707 751 768 778 sine
793 750 964 778 auctoritate
989 751 1082 779 mariti
1106 758 1155 779 aut
1171 752 1279 789 judicis
1306 751 1366 780 fieri
1388 759 1448 780 non
1468 756 1589 786 posset,

69 806 132 830 art.
149 800 254 838 217.j.
277 807 440 838 art.1449.
464 801 533 830 Cod.
558 802 644 837 Civ.‚·
665 801 744 829 nulla
767 807 860 829 tamen
885 802 1002 830 ulterior
1023 802 1181 831 auctoritas
1212 802 1295 831 uxori
1322 800 1436 831 videtur
1458 809 1588 830 necessa·

68 853 132 888 ria,
153 851 290 888 quoniam
314 852 431 888 plenum
456 853 504 889 jus
532 852 608 881 bona
628 851 783 880 liberorum
809 851 1027 881 administrandi
1051 844 1134 882 {iacta
1156 862 1201 882 est
1225 854 1286 890 ipsa
1310 859 1373 882 art.
1393 861 1457 888 1412
1490 852 1589 888 <nspe-

68 903 196 939 sitione‚
228 911 300 939 quae
333 911 445 932 omnem
469 903 577 941 iudicis
602 903 799 932 auctoritatem
834 904 1004 939 ceteroquin
1034 905 1221 934 necessariam
1241 911 1427 941 compensare
1451 903 1584 938 videtui-3

66 954 151 986 conf.
173 954 385 990 Delmcourt,
408 954 431 983 l.
455 955 476 984 l.
502 964 532 991 p.
550 964 613 993 340.
643 954 672 983 in
701 954 723 984 f.
752 961 780 983 et
804 963 852 991 sq.
907 955 973 983 Hoc
1005 955 1125 992 insuper
1155 957 1276 993 probare
1310 962 1433 984 conatur
1463 954 1586 984 Delym-

59 1008 181 1037 curtius
200 1007 330 1042 exemplo
357 1007 459 1035 tutelae
482 1006 587 1035 furiosi
612 1005 694 1034 uxori
718 1006 901 1036 demaniatae
921 1015 936 1034 a
959 1007 1086 1036 concilio
1109 1007 1249 1036 familiae:
1287 1007 1329 1035 uti
1351 1006 1428 1034 enim
1452 1006 1513 1042 ipsa
1536 1011 1584 1034 tu-

71 1059 145 1088 telae
166 1057 343 1087 demandatio
365 1066 380 1086 a
403 1058 530 1086 concilio
553 1057 677 1086 familiae
704 1057 752 1085 hic
780 1057 863 1085 uxori
889 1065 942 1093 pro
968 1057 1069 1086 idonea
1092 1058 1262 1087 auctoritate
1291 1057 1322 1085 in
1350 1056 1584 1085 administrandis

67 1110 156 1140 bonis
180 1108 273 1138 mariti
296 1107 436 1143 habetur,
466 1109 536 1137 adeo
560 1114 592 1136 ut
613 1116 674 1137 non
695 1115 812 1136 necesse
842 1107 900 1143 sit,
931 1108 989 1137 nisi
1013 1109 1043 1137 in
1070 1109 1228 1138 alienandis
1254 1108 1338 1137 rebus
1361 1107 1423 1136 suis
1448 1106 1582 1136 immobi-

65 1161 166 1196 libus,
190 1167 224 1188 ut
245 1159 369 1196 judicem
402 1159 481 1188 adeat
515 1159 600 1195 (vid.
621 1158 696 1188 idem
718 1158 807 1188 Tom.
823 1158 848 1188 Ι.
876 1168 905 1195 p.
921 1167 989 1197 512.
1009 1159 1056 1188 n0.
1078 1161 1152 1196 12),
1182 1159 1223 1188 sic
1249 1159 1341 1195 ipsam
1365 1158 1582 1187 translationem

59 1213 171 1250 Jurium
194 1210 290 1239 mariti
312 1211 451 1239 Absentis
478 1210 508 1239 in
527 1218 646 1240 uxorem
673 1211 732 1247 ipsi
762 1210 889 1239 sufficere
910 1210 1072 1247 existimat,
1103 1218 1132 1240 et
1164 1209 1342 1248 aequiparari
1363 1208 1442 1238 omni
1472 1209 1580 1246 judicis

59 1262 252 1298 auctoritati,
272 1261 442 1298 ceteroquin
462 1261 646 1290 necessariae.

99 1316 236 1345 Attamen
259 1313 326 1342 inde
347 1313 520 1342 concludere
549 1320 608 1341 non
638 1312 727 1347 licet,
760 1319 878 1342 matrem
908 1312 970 1341 sine
995 1311 1104 1349 judicis
1130 1311 1302 1341 auctoritate
1326 1319 1357 1340 se
1379 1310 1466 1340 bonis
1491 1311 1586 1340 mariti

49 1367 190 1405 ‘propriis
213 1362 364 1395 inmiscere
390 1372 499 1401 posse,
529 1363 554 1392 si
578 1364 744 1393 educationi
766 1364 920 1393 liberorum
947 1372 1007 1393 non
1032 1363 1195 1399 sufficiant,
1225 1371 1297 1399 quae
1319 1362 1375 1391 sibi
1407 1362 1438 1391 in
1461 1368 1580 1398 promtu

57 1417 166 1452 habet,
185 1423 234 1446 aut
250 1424 284 1445 ex
301 1415 506 1444 communione
522 1414 688 1450 desumere,
713 1415 739 1444 si
759 1415 828 1444 haec
847 1416 920 1445 inter
936 1416 1077 1453 coniuges
1096 1415 1226 1449 obtinet,
1250 1413 1395 1450 quidquid
1419 1414 1454 1442 ad
1473 1414 1578 1442 libero-

55 1477 120 1498 rum
148 1467 344 1497 educationem
368 1468 562 1496 necessarium
582 1467 655 1495 erit:
676 1466 751 1495 hanc
779 1467 855 1496 enim
879 1466 916 1495 ob
940 1474 1073 1495 caussam
1100 1466 1162 1503 ejus
1183 1466 1297 1495 videtur
1318 1465 1473 1501 interesse,
1500 1465 1575 1493 bona

55 1519 153 1548 mariti
171 1527 231 1547 non
256 1518 285 1547 in
301 1525 380 1547 statu.
397 1516 526 1554 manci-e,
548 1525 608 1553 quo
633 1517 762 1552 fuerant,
783 1517 910 1552 adeoque
928 1518 1084 1545 secundum
1104 1523 1166 1546 art.
1188 1525 1252 1546 112.
1275 1525 1290 1545 a
1307 1515 1459 1544 Tribunali
1483 1521 1578 1551 petere

59 1568 117 1606 ipsi
139 1566 261 1601 licebit,
281 1574 315 1594 ut
331 1569 386 1594 sibi
401 1577 416 1597 e
433 1569 520 1597 bonis
543 1568 637 1597 mariti
661 1567 808 1604 propriis,
830 1574 878 1595 aut
900 1575 915 1595 e
931 1568 1134 1596 communione
1156 1575 1186 1595 ea
1209 1565 1406 1603 adjudicentur
1422 1566 1572 1602 subsidia,

53 1619 166 1657 quibus
192 1618 348 1646 liberorum
372 1616 536 1645 educationi
559 1617 711 1645 commode
735 1617 902 1653 prospicere
927 1624 1032 1653 queat:
1053 1626 1116 1646 nam
1140 1626 1175 1647 ne
1201 1617 1286 1646 bonis
1307 1616 1419 1653 quidem
1438 1624 1569 1646 commu·

41 1670 146 1702 <nibus
169 1677 244 1698 uxor
268 1676 299 1697 se
323 1667 474 1696 inmiscere
500 1674 617 1704 potest,
644 1676 712 1697 eave
735 1668 816 1696 alteri
839 1668 966 1705 obligare
988 1668 1050 1698 sine
1072 1668 1242 1698 auctoritate
1261 1668 1387 1705 judicis»,
1417 1667 1475 1696 imo
1502 1668 1571 1697 licet

52 1729 91 1751 ‘eo
120 1720 293 1758 proposito,
321 1726 354 1747 ut
382 1719 514 1747 maritum
549 1727 658 1748 carcere
686 1719 809 1755 liberet,
841 1720 885 1748 vel
915 1720 1018 1749 marito
1048 1720 1177 1749 Absente
1199 1719 1296 1748 liberis
1322 1728 1354 1748 ea
1378 1719 1564 1755 suppeditet,

38 1779 130 1810 >quae
154 1772 189 1801 ad
213 1771 288 1800 vitae
311 1779 422 1808 genus,
444 1771 523 1807 quod
544 1771 698 1808 elegerint3
722 1771 942 1800 sustentandum
967 1772 1173 1807 requiruntur,
1196 1776 1258 1800 art.
1279 1778 1362 1808 1427.
1405 1770 1493 1808 Quod
1515 1770 1569 1807 igi-

53 1829 105 1852 tur
127 1822 349 1859 affirmavimus,
378 1823 461 1852 matri
483 1823 549 1853 scil.
575 1823 654 1852 nulla
679 1823 815 1852 ulteriore
836 1823 1009 1852 auctoritate
1036 1831 1111 1860 opus
1143 1829 1227 1857 esse,
1255 1827 1288 1850 ut
1318 1820 1475 1850 liberorum
1500 1821 1570 1850 edu-

1529 1881 1576 1901 ca-

75 1938 136 1968 (ι)
149 1939 260 1962 Gener-ale
280 1939 340 1961 enlm
357 1939 416 1968 Juris
430 1938 534 1962 Francicl
552 1939 692 1968 principium
713 1943 763 1967 est,
778 1940 840 1967 quod
852 1939 981 1967 quicunque
1001 1945 1024 1962 se
1046 1937 1148 1967 obliget,
1164 1937 1232 1961 etiam
1246 1936 1334 1964 obliget
1348 1938 1406 1960 bona
1423 1943 1462 1961 sun
1477 1935 1571 1960 mobilia

51 1984 80 2003 α
99 1979 241 2008 ’ωωοδὶιὶῃ
260 1982 388 2009 praestana
406 1987 430 2004 ct
448 1982 538 2010 futura,
553 1988 593 2005 art.
607 1988 672 2011 209²·

785 2021 850 2052 Ec.
