1913 2417
212 231 230 263 ⁶
571 224 599 262 J.
685 215 1362 252 R.THOR13ECKE

227 316 419 352 agnoverunt.
459 311 500 341 At
523 316 579 338 rem
596 307 629 336 de
644 303 785 334 industria
803 301 976 332 tractandam
993 300 1048 330 sibi
1061 301 1166 330 sumsit
1178 299 1301 335 Gallus,
1324 299 1451 329 Gautier
1476 298 1510 328 de
1527 298 1624 328 Sibert
1640 298 1731 337 (ι),

231 366 285 403 qui
318 371 442 395 conatus
473 358 669 390 infelicissime
692 357 755 386 viro
779 355 867 383 docto
899 352 1050 383 successit.
1098 352 1214 380 Scilicet
1243 357 1288 380 est
1318 350 1385 379 haec
1417 350 1538 387 scriptio
1564 357 1620 379 tam
1652 350 1736 387 plena

232 424 261 446 et
285 415 386 445 referta
409 413 574 446 erroribus,
596 416 628 438 ut
650 408 699 438 vix
720 407 806 444 digna
830 406 887 440 sit,
910 413 983 441 quae
1002 403 1152 433 refutetur.
1192 402 1314 431 Videtur
1337 402 1411 430 enim
1441 408 1542 431 auctor
1572 401 1737 438 despexisse

230 476 315 498 omne
335 464 539 501 Philosophiae
563 461 709 496 Antiquae
731 458 860 488 studium
889 456 1031 486 Criticum
1049 476 1060 491 ,
1089 454 1193 491 integri
1219 462 1270 482 nec
1300 452 1435 489 occupati
1458 452 1562 491 judicii
1591 451 1736 488 officium,

231 526 260 549 et
283 517 503 554 philosophicae
527 511 765 543 considerationis
793 508 1019 543 auctoritatem3
1050 514 1204 541 earumque
1233 505 1312 533 vices
1344 512 1435 532 rerum
1471 504 1581 540 explere
1612 502 1740 532 voluisse

230 576 353 598 ventosa
378 569 497 604 quadam
519 564 656 603 jactantia
677 570 704 591 et
732 560 918 590 verbositate.
967 559 1040 588 Dein
1067 557 1264 594 philosophus
1295 554 1476 591 Germanus,
1511 555 1642 585 Garvias
1670 554 1742 590 (2)

231 620 385 649 conciliare
416 618 519 647 nititur
549 623 660 646 omnem
695 613 891 650 Scepticorum
909 632 920 647 ‚
947 609 1182 639 Academicorum
1201 628 1211 643 ,
1240 614 1267 635 et
1296 607 1534 644 Dogmaticorum
1558 605 1737 635 dissensum.

228 672 277 701 Ab
302 671 434 699 universo
458 669 552 699 omnis
574 665 758 703 Scepticismi
782 662 880 692 studio
904 670 1023 691 exorsus
1053 660 1193 689 Stdudliu
1215 658 1254 687 V.
1276 658 1324 686 Cl.
1351 657 1471 687 breviter
1495 658 1529 686 de
1550 656 1738 686 Academico-

235 731 296 750 rum
334 728 361 750 ct
392 721 588 756 Scepticorum
624 715 783 746 differentia
824 713 990 744 sententiam
1032 711 1104 741 dixit
1138 711 1214 748 (3).
1264 708 1497 746 Wyttmbachms
1526 708 1564 738 V.
1591 708 1641 738 Cl.
1677 708 1747 746 (4)

236 774 387 809 Scepticos
411 780 506 801 revera
530 770 619 798 fuisse
641 767 831 798 Academicos
858 765 959 802 ponit;
983 763 1201 799 discrepantiam
1222 769 1288 790 vero
1311 761 1462 797 quamdam
1485 760 1639 789 notandam
1661 767 1744 795 esse,

230 825 399 862 pronuntiat
430 823 518 851 Weiss
555 821 593 850 V.
617 820 668 850 cl.
693 820 771 855 (5).
813 816 852 844 At
886 823 985 843 rursus
1019 813 1215 851 Degerafmb,
1245 812 1440 848 philosophus
1472 811 1575 840 Gallus
1604 811 1692 848 (6),
1713 809 1744 839 in

231 876 354 904 transitu
379 874 575 911 quaestionem
599 878 739 906 tangens,
770 868 928 904 vixrposse
948 865 1125 902 Pyrrhonios
1149 865 1182 892 ab
1207 863 1387 892 Academicis
1419 862 1561 899 distingui
1582 866 1742 890 asseverat:

232 927 279 955 cui
301 927 456 955 assentitur
476 926 572 962 Krzegs
573 933 605 951 us
628 922 708 958 (7).

274 978 358 1007 Hanc
389 977 479 1013 igitur
501 974 702 1014 Quaestionem
723 970 774 1000 Cl.
802 970 882 998 Ordo
913 968 1007 997 voluit
1038 967 1075 995 ita
1106 966 1200 995 denuo
1229 965 1343 994 tractari
1375 964 1601 1001 dijudicarique,
1633 970 1666 992 ut
1689 963 1747 1000 pri-

234 1037 312 1058 mum
337 1028 544 1064 investigetur,
574 1032 643 1054 num
669 1023 739 1059 quid
767 1022 795 1050 in
826 1019 1028 1056 oppugnandis
1058 1016 1237 1053 Dogmaticis
1269 1017 1342 1045 inter
1371 1015 1560 1045 Academicos
1585 1021 1613 1044 et
1636 1014 1747 1050 Scepti-

234 1088 286 1109 cos
312 1079 495 1108 interfuerit:
519 1076 582 1105 dein
607 1073 806 1107 discriminis,
835 1072 860 1100 si
880 1072 960 1107 quod
984 1071 1042 1104 sit,
1071 1076 1157 1097 causa
1182 1067 1349 1096 declaretur.
1391 1067 1471 1105 Quae
1495 1065 1673 1102 quaestionis
1696 1065 1742 1094 in-

231 1131 351 1160 stitutio
383 1130 523 1166 triplicem
560 1126 691 1164 postulat
721 1124 958 1160 explicationem:
987 1121 1129 1158 primam,
1157 1118 1276 1148 rationis
1305 1125 1332 1146 et
1359 1118 1596 1147 Academicorum
1619 1124 1646 1146 et
1679 1116 1747 1145 Sce-

235 1183 380 1219 pticorum
406 1183 434 1210 in
458 1178 660 1217 oppugnandis
688 1175 884 1212 Dogmaticis:
907 1174 1042 1208 alteram,
1071 1170 1245 1200 discriminis
1264 1169 1398 1198 notandi:
1423 1168 1557 1204 tertiam,
1584 1175 1746 1197 causarum.

232 1233 335 1269 ltaque
359 1234 389 1262 in
412 1234 462 1261 has
485 1237 542 1260 tres
564 1236 658 1266 partes
683 1226 898 1264 responsionem
923 1223 1061 1253 dissecui.

271 1288 470 1322 (luaecunque
493 1289 586 1311 autem
610 1279 647 1308 sit
673 1280 706 1308 de
729 1277 965 1307 Academicorum
996 1282 1023 1303 ct
1046 1273 1273 1310 Pyrrhoniotum
1304 1271 1448 1300 discordia
1482 1270 1683 1300 sententiarum
1707 1269 1749 1298 di-

237 1337 380 1370 vtisitas,
403 1342 459 1363 una
481 1339 525 1361 est
553 1338 646 1360 tamen
669 1329 851 1365 Scepticismi
876 1328 968 1356 forma
998 1334 1030 1353 ac
1056 1325 1186 1360 species,
1215 1331 1287 1358 quae
1309 1329 1335 1350 et
1361 1322 1548 1350 Academicos
1574 1329 1601 1349 et
1626 1321 1751 1356 Pyrrho·

242 1387 308 1415 nios
330 1383 554 1421 comprehendit.
594 1382 689 1419 Quare
716 1381 825 1409 Partem
851 1379 969 1415 primam
992 1375 1133 1418 auspicati
1162 1383 1263 1404 sumus
1286 1382 1302 1402 a
1323 1373 1443 1402 notione
1464 1380 1491 1401 et
1517 1371 1619 1400 formis
1641 1371 1753 1408 Scepti-

236 1436 320 1465 cismi
344 1436 478 1465 universe
503 1432 728 1463 constituendis.

277 1489 353 1517 Cum
381 1495 467 1523 porro
495 1486 522 1513 in
547 1484 664 1518 causis,
685 1484 719 1512 dc
740 1482 849 1519 quibus
874 1481 1006 1519 agimus,
1027 1478 1212 1515 praecipuum
1239 1478 1335 1505 locum
1366 1474 1422 1504 sibi
1445 1474 1572 1503 vindicet
1593 1480 1675 1503 ortus
1695 1472 1755 1502 dis·

239 1540 379 1577 ciplinae‚
409 1547 442 1566 ex
472 1537 557 1574 cujus
586 1534 753 1571 cognitione
783 1534 874 1569 ipsius
908 1533 1020 1561 demum
1057 1530 1225 1565 disciplinae
1255 1528 1327 1556 ratio
1359 1532 1433 1554 recte
1463 1525 1638 1561 percipitur,
1669 1530 1696 1553 et
1720 1524 1755 1553 ad

244 1599 394 1621 causarum
420 1588 634 1621 inventionem,
662 1592 689 1614 et
712 1586 746 1613 ad
772 1585 807 1613 in.
810 1585 895 1613 lolem
930 1582 1114 1618 Scepticismi
1143 1580 1244 1608 melius
1269 1579 1453 1614 capiendam,
1483 1577 1522 1605 ita
1546 1575 1622 1605 viam
1643 1575 1753 1604 munire

246 1643 328 1673 insti
332 1642 422 1670 nimus
435 1659 447 1675 ,
467 1645 500 1667 ut
525 1638 671 1667 doctrinae
689 1643 728 1665 ra:
732 1636 825 1665 ionem
853 1644 886 1665 cx
907 1635 968 1672 ejus
985 1632 1170 1662 incunabulis
1199 1631 1415 1668 explicaremus.

1685 1677 1761 1707 Hinc

279 1759 331 1788 (ι)
350 1756 477 1782 mensola,
497 1755 550 1776 dans
573 1755 646 1781 lequel
668 1759 697 1775 on
718 1752 835 1777 eximiae,
858 1751 892 1773 s'il
916 1757 930 1777 y
953 1757 962 1772 n
978 1757 1022 1772 vei
1028 1749 1147 1771 ablcment
1167 1750 1195 1771 de
1216 1749 1236 1769 ln
1259 1746 1309 1769 dlff'
1313 1751 1379 1768 rente
1397 1749 1461 1767 entre
1480 1743 1501 1766 la
1523 1743 1625 1765 doctrine
1649 1743 1687 1764 des
1702 1742 1761 1762 ΡΗ-

248 1801 279 1822 los
324 1806 343 1819 5
364 1798 457 1820 madan
462 1797 521 1821 'ques
537 1802 558 1817 et
575 1795 633 1818 celle
652 1796 691 1817 des
712 1793 787 1813 ΡΙιίΙσε
782 1793 851 1819 ophax
871 1793 943 1819 sci-pti
947 1799 1012 1820 qm,
1028 1793 1050 1814 in
1068 1793 1137 1814 M‘n.
1157 1792 1184 1813 de
1200 1790 1214 1812 ι’
1217 1790 1284 1811 lead.
1299 1789 1337 1810 des
1352 1787 1455 1815 inscript.
1473 1787 1500 1808 T
1516 1786 1763 1813 XLlll.p.131-sqq.

279 1845 336 1870 (2)
359 1840 465 1862 numeru.
486 1844 514 1859 zu
536 1836 637 1860 Cicer-0¹:
657 1833 778 1859 Pssichien¹
803 1835 829 1856 11.
846 1836 870 1857 B.
895 1841 917 1861 p.
933 1838 952 1856 ξ’.
968 1840 988 1860 9.
1884 1814 1887 1819 ¹

282 1883 333 1912 (3)
355 1881 438 1902 Ccsch.
460 1880 506 1900 und
528 1879 591 1900 (jeisr
611 1880 649 1899 des
670 1876 811 1903 Skepricism.
834 1877 901 1897 Tom.
920 1876 936 1897 1.
958 1882 980 1902 Γ,
997 1873 1046 1900 306.
1061 1879 1110 1901 307.

279 1923 333 1952 (4)
354 1923 374 1943 in
394 1925 505 1947 praecept.
525 1919 579 1941 Pli'al.
600 1920 653 1944 [ος.
677 1919 700 1939 [¹.
713 1918 749 1938 lll,
771 1924 791 1939 c.
806 1918 833 1938 ll.
856 1916 903 1943 §9-

277 1965 332 1992 (55
353 1965 388 1984 Dc
407 1959 546 1987 Sccpucimu
566 1960 637 1979 causis
657 1964 723 1983 atque
746 1964 838 1983 nat-ira,
856 1960 915 1979 1301-
940 1959 965 1979 ('.
981 1959 1008 1979 V.
1032 1963 1055 1983 p.
1068 1961 1101 1981 ᾗς.
1115 1961 1163 1982 sqq.

279 2006 331 2033 (ω
355 2002 480 2029 Vergleicli.
509 2000 590 2020 Gczcli.
617 1998 655 2018 der
683 2000 783 2023 §yszcne
811 2000 851 2018 der
877 1997 1020 2025 l¹l2i1osoplsc
1051 2002 1087 2019 nus
1114 1998 1166 2018 ‹lczu
1198 1992 1300 2017 scincus.
1329 1999 1372 2015 von
1399 1992 1429 2016 Il.
1452 1991 1478 2015 G.
1505 1990 1656 2017 Tertncmnn,
1689 1991 1716 2014 T.
1736 1990 1765 2013 11.
1884 1988 1910 2055 ᾖ

253 2056 278 2077 u·
294 2048 342 2074 37⁸-
360 2050 408 2071 379-
1878 2053 1913 2417 Ι

281 2088 329 2116 (7)
353 2087 435 2110 euch.
457 2085 497 2106 der
519 2082 601 2105 Philus.
621 2081 656 2103 alr.
677 2078 728 2101 zeit.
754 2077 765 2105 5
785 2077 832 2105 136.
