<?xml version="1.0" encoding="UTF-8"?>
<!DOCTYPE html PUBLIC "-//W3C//DTD XHTML 1.0 Transitional//EN"
    "http://www.w3.org/TR/xhtml1/DTD/xhtml1-transitional.dtd">
<html xmlns="http://www.w3.org/1999/xhtml" xml:lang="en" lang="en">
 <head>
  <title>
</title>
<meta http-equiv="Content-Type" content="text/html;charset=utf-8" />
  <meta name='ocr-system' content='tesseract 3.04.00' />
  <meta name='ocr-capabilities' content='ocr_page ocr_carea ocr_par ocr_line ocrx_word'/>
</head>
<body>
  <div class='ocr_page' id='page_1' title='image "annalesacademiae19rijk_0427.png"; bbox 0 0 1913 2417; ppageno 0'>
   <div class='ocr_carea' id='block_1_1' title="bbox 273 96 1639 138">
    <p class='ocr_par' dir='ltr' id='par_1_1' title="bbox 273 96 1639 138">
     <span class='ocr_line' id='line_1_1' title="bbox 273 96 1639 138; baseline -0.001 -8"><span class='ocrx_word' id='word_1_1' title='bbox 273 99 550 131; x_wconf 87' lang='lat' dir='ltr'>RESPONSIO</span> <span class='ocrx_word' id='word_1_2' title='bbox 577 108 625 129; x_wconf 74' lang='lat' dir='ltr'><strong>AD</strong></span> <span class='ocrx_word' id='word_1_3' title='bbox 654 96 1020 138; x_wconf 85' lang='lat' dir='ltr'><strong>QUAESTIONEM</strong></span> <span class='ocrx_word' id='word_1_4' title='bbox 1047 96 1446 128; x_wconf 86' lang='lat' dir='ltr'><strong>HYDROSTATICA</strong></span> <span class='ocrx_word' id='word_1_5' title='bbox 1473 100 1508 129; x_wconf 88' lang='lat' dir='ltr'>M</span> <span class='ocrx_word' id='word_1_6' title='bbox 1603 106 1639 138; x_wconf 76' lang='lat'><strong>53</strong></span> 
     </span>
    </p>
   </div>
   <div class='ocr_carea' id='block_1_2' title="bbox 123 181 1656 1900">
    <p class='ocr_par' dir='ltr' id='par_1_2' title="bbox 129 181 1641 425">
     <span class='ocr_line' id='line_1_2' title="bbox 131 181 1636 221; baseline -0.002 -8"><span class='ocrx_word' id='word_1_7' title='bbox 131 192 212 220; x_wconf 82' lang='lat' dir='ltr'><strong>rum,</strong></span> <span class='ocrx_word' id='word_1_8' title='bbox 233 185 337 214; x_wconf 80' lang='lat' dir='ltr'>docent</span> <span class='ocrx_word' id='word_1_9' title='bbox 358 192 388 212; x_wconf 88' lang='lat' dir='ltr'><strong>ea</strong></span> <span class='ocrx_word' id='word_1_10' title='bbox 401 206 410 221; x_wconf 89' lang='lat'>‚</span> <span class='ocrx_word' id='word_1_11' title='bbox 438 192 509 220; x_wconf 85' lang='lat' dir='ltr'><strong>quae</strong></span> <span class='ocrx_word' id='word_1_12' title='bbox 524 184 576 212; x_wconf 91' lang='lat' dir='ltr'><strong>hac</strong></span> <span class='ocrx_word' id='word_1_13' title='bbox 599 184 633 212; x_wconf 84' lang='lat' dir='ltr'><strong>de</strong></span> <span class='ocrx_word' id='word_1_14' title='bbox 647 191 677 211; x_wconf 86' lang='lat' dir='ltr'><strong>re</strong></span> <span class='ocrx_word' id='word_1_15' title='bbox 698 183 727 211; x_wconf 89' lang='lat' dir='ltr'><strong>in</strong></span> <span class='ocrx_word' id='word_1_16' title='bbox 740 183 801 219; x_wconf 84' lang='lat' dir='ltr'><strong>ejus</strong></span> <span class='ocrx_word' id='word_1_17' title='bbox 818 182 939 218; x_wconf 84' lang='lat' dir='ltr'><strong>epistola</strong></span> <span class='ocrx_word' id='word_1_18' title='bbox 958 183 973 218; x_wconf 84' lang='lat'>(</span> <span class='ocrx_word' id='word_1_19' title='bbox 989 182 1027 218; x_wconf 80' lang='grc' dir='ltr'><strong>Ι)</strong></span> <span class='ocrx_word' id='word_1_20' title='bbox 1044 182 1079 210; x_wconf 89' lang='lat' dir='ltr'><strong>ad</strong></span> <span class='ocrx_word' id='word_1_21' title='bbox 1093 181 1203 210; x_wconf 82' lang='lat' dir='ltr'><strong>Aeneae</strong></span> <span class='ocrx_word' id='word_1_22' title='bbox 1219 182 1325 217; x_wconf 80' lang='lat' dir='ltr'><strong>scripta</strong></span> <span class='ocrx_word' id='word_1_23' title='bbox 1343 182 1488 219; x_wconf 85' lang='lat' dir='ltr'><strong>leguntur.</strong></span> <span class='ocrx_word' id='word_1_24' title='bbox 1529 181 1561 211; x_wconf 82' lang='lat' dir='ltr'><strong>Iu</strong></span> <span class='ocrx_word' id='word_1_25' title='bbox 1584 182 1636 210; x_wconf 77' lang='lat' dir='ltr'><strong>lia:</strong></span> 
     </span>
     <span class='ocr_line' id='line_1_3' title="bbox 131 232 1636 272; baseline -0.003 -7"><span class='ocrx_word' id='word_1_26' title='bbox 131 236 205 265; x_wconf 85' lang='lat' dir='ltr'><strong>enim</strong></span> <span class='ocrx_word' id='word_1_27' title='bbox 224 235 346 272; x_wconf 79' lang='lat' dir='ltr'><strong>epistola</strong></span> <span class='ocrx_word' id='word_1_28' title='bbox 368 235 516 264; x_wconf 81' lang='lat' dir='ltr'>certiorem</span> <span class='ocrx_word' id='word_1_29' title='bbox 537 234 607 263; x_wconf 90' lang='lat' dir='ltr'><strong>facit</strong></span> <span class='ocrx_word' id='word_1_30' title='bbox 624 235 751 268; x_wconf 87' lang='lat' dir='ltr'><strong>Aeneae,</strong></span> <span class='ocrx_word' id='word_1_31' title='bbox 775 241 806 261; x_wconf 88' lang='lat' dir='ltr'><strong>se</strong></span> <span class='ocrx_word' id='word_1_32' title='bbox 827 232 883 269; x_wconf 84' lang='lat' dir='ltr'><strong>ipsi</strong></span> <span class='ocrx_word' id='word_1_33' title='bbox 908 233 936 260; x_wconf 91' lang='lat' dir='ltr'><strong>in</strong></span> <span class='ocrx_word' id='word_1_34' title='bbox 962 233 1097 261; x_wconf 88' lang='lat' dir='ltr'><strong>omnibus</strong></span> <span class='ocrx_word' id='word_1_35' title='bbox 1112 253 1121 267; x_wconf 88' lang='lat'><strong>,</strong></span> <span class='ocrx_word' id='word_1_36' title='bbox 1147 239 1215 268; x_wconf 87' lang='lat' dir='ltr'><strong>post</strong></span> <span class='ocrx_word' id='word_1_37' title='bbox 1233 233 1366 261; x_wconf 89' lang='lat' dir='ltr'><strong>instituta</strong></span> <span class='ocrx_word' id='word_1_38' title='bbox 1389 233 1437 262; x_wconf 88' lang='lat' dir='ltr'><strong>illa</strong></span> <span class='ocrx_word' id='word_1_39' title='bbox 1462 233 1636 269; x_wconf 77' lang='lat' dir='ltr'><strong>experimen-</strong></span> 
     </span>
     <span class='ocr_line' id='line_1_4' title="bbox 133 283 1639 322; baseline -0.002 -7"><span class='ocrx_word' id='word_1_40' title='bbox 133 293 183 322; x_wconf 85' lang='lat' dir='ltr'><strong>ta,</strong></span> <span class='ocrx_word' id='word_1_41' title='bbox 205 286 364 320; x_wconf 84' lang='lat' dir='ltr'><strong>adsentire,</strong></span> <span class='ocrx_word' id='word_1_42' title='bbox 385 286 513 321; x_wconf 86' lang='lat' dir='ltr'><strong>adeoque</strong></span> <span class='ocrx_word' id='word_1_43' title='bbox 528 293 559 313; x_wconf 90' lang='lat' dir='ltr'><strong>se</strong></span> <span class='ocrx_word' id='word_1_44' title='bbox 579 290 728 313; x_wconf 83' lang='lat' dir='ltr'><strong>retractare</strong></span> <span class='ocrx_word' id='word_1_45' title='bbox 741 304 750 318; x_wconf 90' lang='lat'><strong>,</strong></span> <span class='ocrx_word' id='word_1_46' title='bbox 770 291 841 318; x_wconf 87' lang='lat' dir='ltr'><strong>quae</strong></span> <span class='ocrx_word' id='word_1_47' title='bbox 866 284 1009 318; x_wconf 87' lang='lat' dir='ltr'><strong>quondam</strong></span> <span class='ocrx_word' id='word_1_48' title='bbox 1031 284 1078 313; x_wconf 91' lang='lat' dir='ltr'><strong>Cl.</strong></span> <span class='ocrx_word' id='word_1_49' title='bbox 1099 283 1281 320; x_wconf 83' lang='lat' dir='ltr'><strong>Hesselingio</strong></span> <span class='ocrx_word' id='word_1_50' title='bbox 1306 290 1498 314; x_wconf 82' lang='lat' dir='ltr'><strong>concesserat.</strong></span> <span class='ocrx_word' id='word_1_51' title='bbox 1539 284 1639 320; x_wconf 88' lang='lat' dir='ltr'><strong>Itaque</strong></span> 
     </span>
     <span class='ocr_line' id='line_1_5' title="bbox 130 333 1641 374; baseline -0.001 -9"><span class='ocrx_word' id='word_1_52' title='bbox 130 345 161 366; x_wconf 91' lang='lat' dir='ltr'><strong>se</strong></span> <span class='ocrx_word' id='word_1_53' title='bbox 177 338 320 374; x_wconf 84' lang='lat' dir='ltr'><strong>judicare,</strong></span> <span class='ocrx_word' id='word_1_54' title='bbox 341 336 564 372; x_wconf 81' lang='lat' dir='ltr'><strong>experimentum</strong></span> <span class='ocrx_word' id='word_1_55' title='bbox 590 335 764 371; x_wconf 83' lang='lat' dir='ltr'><strong>Boyleanum</strong></span> <span class='ocrx_word' id='word_1_56' title='bbox 788 334 897 371; x_wconf 85' lang='lat' dir='ltr'><strong>egregie</strong></span> <span class='ocrx_word' id='word_1_57' title='bbox 920 333 1011 363; x_wconf 80' lang='lat' dir='ltr'><strong>facere</strong></span> <span class='ocrx_word' id='word_1_58' title='bbox 1035 335 1068 363; x_wconf 81' lang='lat' dir='ltr'><strong>ad</strong></span> <span class='ocrx_word' id='word_1_59' title='bbox 1095 334 1188 363; x_wconf 78' lang='lat' dir='ltr'><strong>tliesin</strong></span> <span class='ocrx_word' id='word_1_60' title='bbox 1222 335 1256 363; x_wconf 89' lang='lat' dir='ltr'><strong>de</strong></span> <span class='ocrx_word' id='word_1_61' title='bbox 1279 336 1466 371; x_wconf 84' lang='lat' dir='ltr'><strong>gravitatione</strong></span> <span class='ocrx_word' id='word_1_62' title='bbox 1488 334 1641 364; x_wconf 87' lang='lat' dir='ltr'><strong>fluidorum</strong></span> 
     </span>
     <span class='ocr_line' id='line_1_6' title="bbox 129 386 1071 425; baseline -0.003 -9"><span class='ocrx_word' id='word_1_63' title='bbox 129 387 160 417; x_wconf 84' lang='lat' dir='ltr'><strong>in</strong></span> <span class='ocrx_word' id='word_1_64' title='bbox 185 387 311 424; x_wconf 87' lang='lat' dir='ltr'><strong>propriis</strong></span> <span class='ocrx_word' id='word_1_65' title='bbox 333 387 405 415; x_wconf 89' lang='lat' dir='ltr'><strong>locis</strong></span> <span class='ocrx_word' id='word_1_66' title='bbox 427 386 662 415; x_wconf 86' lang='lat' dir='ltr'><strong>confirmandam.</strong></span> <span class='ocrx_word' id='word_1_67' title='bbox 1067 424 1071 425; x_wconf 23' lang='lat'><em>⁷</em></span> 
     </span>
    </p>

    <p class='ocr_par' dir='ltr' id='par_1_3' title="bbox 130 436 1642 525">
     <span class='ocr_line' id='line_1_7' title="bbox 167 436 1642 474; baseline -0.001 -7"><span class='ocrx_word' id='word_1_68' title='bbox 167 439 295 467; x_wconf 91' lang='lat' dir='ltr'><strong>Tandem</strong></span> <span class='ocrx_word' id='word_1_69' title='bbox 319 437 502 474; x_wconf 80' lang='lat' dir='ltr'><strong>pervenimus</strong></span> <span class='ocrx_word' id='word_1_70' title='bbox 524 438 559 466; x_wconf 88' lang='lat' dir='ltr'><strong>ad</strong></span> <span class='ocrx_word' id='word_1_71' title='bbox 581 437 855 466; x_wconf 82' lang='lat' dir='ltr'><strong>commemorandam</strong></span> <span class='ocrx_word' id='word_1_72' title='bbox 884 436 1077 465; x_wconf 88' lang='lat' dir='ltr'><strong>defensionem</strong></span> <span class='ocrx_word' id='word_1_73' title='bbox 1111 437 1285 473; x_wconf 87' lang='lat' dir='ltr'><strong>Coppenalii</strong></span> <span class='ocrx_word' id='word_1_74' title='bbox 1307 438 1440 467; x_wconf 85' lang='lat' dir='ltr'><strong>adversus</strong></span> <span class='ocrx_word' id='word_1_75' title='bbox 1466 437 1642 467; x_wconf 82' lang='lat' dir='ltr'><strong>animadver-</strong></span> 
     </span>
     <span class='ocr_line' id='line_1_8' title="bbox 130 489 471 525; baseline -0.003 -7"><span class='ocrx_word' id='word_1_76' title='bbox 130 489 225 518; x_wconf 79' lang='lat' dir='ltr'><strong>siones</strong></span> <span class='ocrx_word' id='word_1_77' title='bbox 247 489 324 520; x_wconf 90' lang='lat' dir='ltr'><strong>doct.</strong></span> <span class='ocrx_word' id='word_1_78' title='bbox 349 490 471 525; x_wconf 78' lang='lat' dir='ltr'><strong>Aeneae.</strong></span> 
     </span>
    </p>

    <p class='ocr_par' dir='ltr' id='par_1_4' title="bbox 124 539 1656 1136">
     <span class='ocr_line' id='line_1_9' title="bbox 165 539 1634 576; baseline -0.001 -7"><span class='ocrx_word' id='word_1_79' title='bbox 165 540 293 569; x_wconf 89' lang='lat' dir='ltr'><strong>Primum</strong></span> <span class='ocrx_word' id='word_1_80' title='bbox 318 548 348 568; x_wconf 90' lang='lat' dir='ltr'><strong>se</strong></span> <span class='ocrx_word' id='word_1_81' title='bbox 375 548 518 575; x_wconf 85' lang='lat' dir='ltr'><strong>nusquam</strong></span> <span class='ocrx_word' id='word_1_82' title='bbox 543 539 704 569; x_wconf 84' lang='lat' dir='ltr'><strong>defendisse</strong></span> <span class='ocrx_word' id='word_1_83' title='bbox 726 539 783 574; x_wconf 87' lang='lat' dir='ltr'><strong>ait,</strong></span> <span class='ocrx_word' id='word_1_84' title='bbox 813 547 914 574; x_wconf 81' lang='lat' dir='ltr'><strong>aquam</strong></span> <span class='ocrx_word' id='word_1_85' title='bbox 941 539 970 567; x_wconf 92' lang='lat' dir='ltr'><strong>in</strong></span> <span class='ocrx_word' id='word_1_86' title='bbox 998 547 1072 575; x_wconf 86' lang='lat' dir='ltr'><strong>aqua</strong></span> <span class='ocrx_word' id='word_1_87' title='bbox 1097 547 1156 568; x_wconf 87' lang='lat' dir='ltr'><strong>non</strong></span> <span class='ocrx_word' id='word_1_88' title='bbox 1183 539 1284 568; x_wconf 86' lang='lat' dir='ltr'><strong>habere</strong></span> <span class='ocrx_word' id='word_1_89' title='bbox 1306 541 1421 576; x_wconf 84' lang='lat' dir='ltr'><strong>pondus</strong></span> <span class='ocrx_word' id='word_1_90' title='bbox 1448 540 1634 574; x_wconf 86' lang='lat' dir='ltr'><strong>absolutum,</strong></span> 
     </span>
     <span class='ocr_line' id='line_1_10' title="bbox 129 590 1656 628; baseline -0.001 -8"><span class='ocrx_word' id='word_1_91' title='bbox 129 591 238 628; x_wconf 87' lang='lat' dir='ltr'><strong>quippe</strong></span> <span class='ocrx_word' id='word_1_92' title='bbox 259 590 310 627; x_wconf 85' lang='lat' dir='ltr'><strong>qui</strong></span> <span class='ocrx_word' id='word_1_93' title='bbox 332 591 415 619; x_wconf 84' lang='lat' dir='ltr'><strong>etiam</strong></span> <span class='ocrx_word' id='word_1_94' title='bbox 440 599 499 619; x_wconf 90' lang='lat' dir='ltr'><strong>non</strong></span> <span class='ocrx_word' id='word_1_95' title='bbox 522 590 685 628; x_wconf 76' lang='lat' dir='ltr'><strong>negaverit,</strong></span> <span class='ocrx_word' id='word_1_96' title='bbox 706 599 740 618; x_wconf 79' lang='lat' dir='ltr'><strong>ex</strong></span> <span class='ocrx_word' id='word_1_97' title='bbox 762 591 954 626; x_wconf 82' lang='lat' dir='ltr'><strong>experimento</strong></span> <span class='ocrx_word' id='word_1_98' title='bbox 981 591 1145 627; x_wconf 85' lang='lat' dir='ltr'><strong>Boyleano,</strong></span> <span class='ocrx_word' id='word_1_99' title='bbox 1170 599 1220 627; x_wconf 87' lang='lat' dir='ltr'><strong>per</strong></span> <span class='ocrx_word' id='word_1_100' title='bbox 1244 592 1449 620; x_wconf 84' lang='lat' dir='ltr'><strong>conclusiones</strong></span> <span class='ocrx_word' id='word_1_101' title='bbox 1476 597 1502 619; x_wconf 91' lang='lat' dir='ltr'><strong>et</strong></span> <span class='ocrx_word' id='word_1_102' title='bbox 1527 599 1656 626; x_wconf 61' lang='lat' dir='ltr'><strong>compa.-&gt;</strong></span> 
     </span>
     <span class='ocr_line' id='line_1_11' title="bbox 130 641 1645 678; baseline -0.001 -7"><span class='ocrx_word' id='word_1_103' title='bbox 130 642 276 677; x_wconf 82' lang='lat' dir='ltr'><strong>rationes,</strong></span> <span class='ocrx_word' id='word_1_104' title='bbox 302 650 391 677; x_wconf 80' lang='lat' dir='ltr'><strong>aquae</strong></span> <span class='ocrx_word' id='word_1_105' title='bbox 415 642 580 678; x_wconf 86' lang='lat' dir='ltr'><strong>gravitatem</strong></span> <span class='ocrx_word' id='word_1_106' title='bbox 605 641 764 678; x_wconf 81' lang='lat' dir='ltr'><strong>specificam</strong></span> <span class='ocrx_word' id='word_1_107' title='bbox 787 642 908 670; x_wconf 84' lang='lat' dir='ltr'><strong>inveniri</strong></span> <span class='ocrx_word' id='word_1_108' title='bbox 931 650 1027 677; x_wconf 85' lang='lat' dir='ltr'><strong>posse.</strong></span> <span class='ocrx_word' id='word_1_109' title='bbox 1075 642 1168 676; x_wconf 78' lang='lat' dir='ltr'><strong>Delu,</strong></span> <span class='ocrx_word' id='word_1_110' title='bbox 1202 643 1281 677; x_wconf 90' lang='lat' dir='ltr'><strong>quod</strong></span> <span class='ocrx_word' id='word_1_111' title='bbox 1300 642 1336 670; x_wconf 91' lang='lat' dir='ltr'><strong>ad</strong></span> <span class='ocrx_word' id='word_1_112' title='bbox 1357 642 1434 670; x_wconf 87' lang='lat' dir='ltr'><strong>illam</strong></span> <span class='ocrx_word' id='word_1_113' title='bbox 1468 642 1645 671; x_wconf 82' lang='lat' dir='ltr'><strong>animadver-</strong></span> 
     </span>
     <span class='ocr_line' id='line_1_12' title="bbox 129 692 1639 730; baseline 0 -9"><span class='ocrx_word' id='word_1_114' title='bbox 129 693 239 721; x_wconf 78' lang='lat' dir='ltr'><strong>sionem</strong></span> <span class='ocrx_word' id='word_1_115' title='bbox 260 693 339 722; x_wconf 88' lang='lat' dir='ltr'><strong>doct.</strong></span> <span class='ocrx_word' id='word_1_116' title='bbox 358 693 474 721; x_wconf 89' lang='lat' dir='ltr'><strong>&#39;Aeneae</strong></span> <span class='ocrx_word' id='word_1_117' title='bbox 505 692 625 730; x_wconf 87' lang='lat' dir='ltr'><strong>attinet,</strong></span> <span class='ocrx_word' id='word_1_118' title='bbox 653 701 708 727; x_wconf 90' lang='lat' dir='ltr'><strong>qua</strong></span> <span class='ocrx_word' id='word_1_119' title='bbox 734 693 816 729; x_wconf 90' lang='lat' dir='ltr'><strong>jubet</strong></span> <span class='ocrx_word' id='word_1_120' title='bbox 844 693 872 720; x_wconf 89' lang='lat' dir='ltr'><strong>in</strong></span> <span class='ocrx_word' id='word_1_121' title='bbox 898 693 986 728; x_wconf 85' lang='lat' dir='ltr'><strong>priori</strong></span> <span class='ocrx_word' id='word_1_122' title='bbox 1018 693 1212 728; x_wconf 82' lang='lat' dir='ltr'><strong>experimento</strong></span> <span class='ocrx_word' id='word_1_123' title='bbox 1247 692 1346 728; x_wconf 84' lang='lat' dir='ltr'><strong>filum,</strong></span> <span class='ocrx_word' id='word_1_124' title='bbox 1375 693 1492 728; x_wconf 83' lang='lat' dir='ltr'><strong>pondus</strong></span> <span class='ocrx_word' id='word_1_125' title='bbox 1525 693 1639 729; x_wconf 85' lang='lat' dir='ltr'><strong>lagenae</strong></span> 
     </span>
     <span class='ocr_line' id='line_1_13' title="bbox 127 743 1644 779; baseline 0.001 -8"><span class='ocrx_word' id='word_1_126' title='bbox 127 743 304 779; x_wconf 79' lang='lat' dir='ltr'><strong>affigentem,</strong></span> <span class='ocrx_word' id='word_1_127' title='bbox 333 743 509 779; x_wconf 77' lang='lat' dir='ltr'><strong>discindere,</strong></span> <span class='ocrx_word' id='word_1_128' title='bbox 536 752 595 779; x_wconf 89' lang='lat' dir='ltr'><strong>quo</strong></span> <span class='ocrx_word' id='word_1_129' title='bbox 619 743 698 771; x_wconf 86' lang='lat' dir='ltr'><strong>facto</strong></span> <span class='ocrx_word' id='word_1_130' title='bbox 723 744 912 771; x_wconf 84' lang='lat' dir='ltr'><strong>nihilominus</strong></span> <span class='ocrx_word' id='word_1_131' title='bbox 936 744 1135 779; x_wconf 87' lang='lat' dir='ltr'><strong>aequilibrium</strong></span> <span class='ocrx_word' id='word_1_132' title='bbox 1161 749 1290 779; x_wconf 82' lang='lat' dir='ltr'><strong>perstat,</strong></span> <span class='ocrx_word' id='word_1_133' title='bbox 1322 751 1351 771; x_wconf 89' lang='lat' dir='ltr'><strong>se</strong></span> <span class='ocrx_word' id='word_1_134' title='bbox 1368 743 1460 779; x_wconf 78' lang='lat' dir='ltr'><strong>idern,</strong></span> <span class='ocrx_word' id='word_1_135' title='bbox 1490 744 1644 779; x_wconf 86' lang='lat' dir='ltr'><strong>respondet</strong></span> 
     </span>
     <span class='ocr_line' id='line_1_14' title="bbox 129 794 1639 831; baseline 0 -8"><span class='ocrx_word' id='word_1_136' title='bbox 129 794 347 830; x_wconf 87' lang='lat' dir='ltr'><strong>Coppenalius,</strong></span> <span class='ocrx_word' id='word_1_137' title='bbox 374 794 467 822; x_wconf 90' lang='lat' dir='ltr'><strong>dicere</strong></span> <span class='ocrx_word' id='word_1_138' title='bbox 491 802 578 830; x_wconf 89' lang='lat' dir='ltr'><strong>posse</strong></span> <span class='ocrx_word' id='word_1_139' title='bbox 606 795 641 822; x_wconf 88' lang='lat' dir='ltr'><strong>de</strong></span> <span class='ocrx_word' id='word_1_140' title='bbox 664 794 820 830; x_wconf 81' lang='lat' dir='ltr'><strong>separando</strong></span> <span class='ocrx_word' id='word_1_141' title='bbox 844 795 987 829; x_wconf 83' lang='lat' dir='ltr'><strong>pondere,</strong></span> <span class='ocrx_word' id='word_1_142' title='bbox 1015 803 1072 830; x_wconf 85' lang='lat' dir='ltr'><strong>quo</strong></span> <span class='ocrx_word' id='word_1_143' title='bbox 1095 795 1191 831; x_wconf 84' lang='lat' dir='ltr'><strong>lagena</strong></span> <span class='ocrx_word' id='word_1_144' title='bbox 1215 795 1245 822; x_wconf 89' lang='lat' dir='ltr'><strong>in</strong></span> <span class='ocrx_word' id='word_1_145' title='bbox 1270 795 1465 830; x_wconf 78' lang='lat' dir='ltr'><strong>experimento</strong></span> <span class='ocrx_word' id='word_1_146' title='bbox 1493 794 1639 830; x_wconf 82' lang='lat' dir='ltr'><strong>Boyleano</strong></span> 
     </span>
     <span class='ocr_line' id='line_1_15' title="bbox 132 845 1641 881; baseline 0 -8"><span class='ocrx_word' id='word_1_147' title='bbox 132 853 244 874; x_wconf 83' lang='lat' dir='ltr'><strong>onerata</strong></span> <span class='ocrx_word' id='word_1_148' title='bbox 268 851 333 873; x_wconf 89' lang='lat' dir='ltr'><strong>est:</strong></span> <span class='ocrx_word' id='word_1_149' title='bbox 357 845 407 873; x_wconf 88' lang='lat' dir='ltr'><strong>sed</strong></span> <span class='ocrx_word' id='word_1_150' title='bbox 434 845 488 873; x_wconf 90' lang='lat' dir='ltr'><strong>hoe</strong></span> <span class='ocrx_word' id='word_1_151' title='bbox 513 845 572 873; x_wconf 92' lang='lat' dir='ltr'><strong>fieri</strong></span> <span class='ocrx_word' id='word_1_152' title='bbox 593 853 652 873; x_wconf 88' lang='lat' dir='ltr'><strong>non</strong></span> <span class='ocrx_word' id='word_1_153' title='bbox 674 853 781 880; x_wconf 89' lang='lat' dir='ltr'><strong>posse,</strong></span> <span class='ocrx_word' id='word_1_154' title='bbox 804 846 938 880; x_wconf 85' lang='lat' dir='ltr'><strong>quoniam</strong></span> <span class='ocrx_word' id='word_1_155' title='bbox 959 845 990 873; x_wconf 62' lang='lat' dir='ltr'><strong>in*</strong></span> <span class='ocrx_word' id='word_1_156' title='bbox 1009 854 1043 873; x_wconf 89' lang='lat' dir='ltr'><strong>eo</strong></span> <span class='ocrx_word' id='word_1_157' title='bbox 1062 845 1178 881; x_wconf 87' lang='lat' dir='ltr'><strong>pondus</strong></span> <span class='ocrx_word' id='word_1_158' title='bbox 1198 845 1269 873; x_wconf 90' lang='lat' dir='ltr'><strong>illud</strong></span> <span class='ocrx_word' id='word_1_159' title='bbox 1284 845 1407 881; x_wconf 81' lang='lat' dir='ltr'><strong>separari</strong></span> <span class='ocrx_word' id='word_1_160' title='bbox 1429 846 1541 880; x_wconf 88' lang='lat' dir='ltr'><strong>nequit.</strong></span> <span class='ocrx_word' id='word_1_161' title='bbox 1581 845 1641 873; x_wconf 88' lang='lat' dir='ltr'><strong>Ne-</strong></span> 
     </span>
     <span class='ocr_line' id='line_1_16' title="bbox 129 895 1644 932; baseline 0.001 -8"><span class='ocrx_word' id='word_1_162' title='bbox 129 904 187 932; x_wconf 89' lang='lat' dir='ltr'><strong>que</strong></span> <span class='ocrx_word' id='word_1_163' title='bbox 212 896 294 924; x_wconf 84' lang='lat' dir='ltr'><strong>etiam</strong></span> <span class='ocrx_word' id='word_1_164' title='bbox 320 895 369 923; x_wconf 83' lang='lat' dir='ltr'><strong>tali</strong></span> <span class='ocrx_word' id='word_1_165' title='bbox 388 904 526 932; x_wconf 84' lang='lat' dir='ltr'><strong>responso</strong></span> <span class='ocrx_word' id='word_1_166' title='bbox 558 896 616 924; x_wconf 84' lang='lat' dir='ltr'><strong>sibi</strong></span> <span class='ocrx_word' id='word_1_167' title='bbox 638 904 712 931; x_wconf 88' lang='lat' dir='ltr'><strong>opus</strong></span> <span class='ocrx_word' id='word_1_168' title='bbox 739 904 810 925; x_wconf 89' lang='lat' dir='ltr'><strong>esse.</strong></span> <span class='ocrx_word' id='word_1_169' title='bbox 853 917 871 932; x_wconf 64' lang='lat'><strong>,7</strong></span> <span class='ocrx_word' id='word_1_170' title='bbox 892 896 1081 931; x_wconf 79' lang='lat' dir='ltr'><strong>Concedo,”</strong></span> <span class='ocrx_word' id='word_1_171' title='bbox 1108 897 1219 932; x_wconf 90' lang='lat' dir='ltr'><strong>inquit,</strong></span> <span class='ocrx_word' id='word_1_172' title='bbox 1247 916 1273 931; x_wconf 85' lang='lat'><strong>„</strong></span> <span class='ocrx_word' id='word_1_173' title='bbox 1296 896 1497 931; x_wconf 79' lang='lat' dir='ltr'><strong>aequilibrium</strong></span> <span class='ocrx_word' id='word_1_174' title='bbox 1527 905 1644 925; x_wconf 87' lang='lat' dir='ltr'><strong>mansu·</strong></span> 
     </span>
     <span class='ocr_line' id='line_1_17' title="bbox 127 946 1640 984; baseline 0.001 -10"><span class='ocrx_word' id='word_1_175' title='bbox 127 956 211 982; x_wconf 84' lang='lat' dir='ltr'><strong>rum,</strong></span> <span class='ocrx_word' id='word_1_176' title='bbox 234 947 282 974; x_wconf 89' lang='lat' dir='ltr'><strong>ubi</strong></span> <span class='ocrx_word' id='word_1_177' title='bbox 303 947 359 975; x_wconf 86' lang='lat' dir='ltr'><strong>hoc</strong></span> <span class='ocrx_word' id='word_1_178' title='bbox 386 947 416 975; x_wconf 91' lang='lat' dir='ltr'><strong>in</strong></span> <span class='ocrx_word' id='word_1_179' title='bbox 439 947 516 975; x_wconf 85' lang='lat' dir='ltr'><strong>&#39;statu</strong></span> <span class='ocrx_word' id='word_1_180' title='bbox 540 946 617 975; x_wconf 87' lang='lat' dir='ltr'><strong>filum</strong></span> <span class='ocrx_word' id='word_1_181' title='bbox 644 947 820 982; x_wconf 80' lang='lat' dir='ltr'><strong>dissecatur,</strong></span> <span class='ocrx_word' id='word_1_182' title='bbox 851 948 901 975; x_wconf 86' lang='lat' dir='ltr'><strong>sed</strong></span> <span class='ocrx_word' id='word_1_183' title='bbox 922 955 995 983; x_wconf 79' lang='lat' dir='ltr'><strong>nego</strong></span> <span class='ocrx_word' id='word_1_184' title='bbox 1018 948 1048 975; x_wconf 90' lang='lat' dir='ltr'><strong>id</strong></span> <span class='ocrx_word' id='word_1_185' title='bbox 1070 949 1280 982; x_wconf 87' lang='lat' dir='ltr'><strong>demonstrare,</strong></span> <span class='ocrx_word' id='word_1_186' title='bbox 1302 955 1404 982; x_wconf 87' lang='lat' dir='ltr'><strong>aquam</strong></span> <span class='ocrx_word' id='word_1_187' title='bbox 1428 947 1456 976; x_wconf 89' lang='lat' dir='ltr'><strong>in</strong></span> <span class='ocrx_word' id='word_1_188' title='bbox 1480 956 1553 983; x_wconf 86' lang='lat' dir='ltr'><strong>aqua</strong></span> <span class='ocrx_word' id='word_1_189' title='bbox 1577 956 1640 984; x_wconf 80' lang='lat' dir='ltr'><strong>gra-</strong></span> 
     </span>
     <span class='ocr_line' id='line_1_18' title="bbox 126 995 1642 1034; baseline 0.001 -8"><span class='ocrx_word' id='word_1_190' title='bbox 126 998 228 1026; x_wconf 83' lang='lat' dir='ltr'><strong>vitate.</strong></span> <span class='ocrx_word' id='word_1_191' title='bbox 266 998 452 1026; x_wconf 87' lang='lat' dir='ltr'><strong>Demonstrat</strong></span> <span class='ocrx_word' id='word_1_192' title='bbox 467 998 606 1026; x_wconf 88' lang='lat' dir='ltr'><strong>actionem</strong></span> <span class='ocrx_word' id='word_1_193' title='bbox 622 995 694 1025; x_wconf 72' lang='lat' dir='ltr'><strong>aeris</strong></span> <span class='ocrx_word' id='word_1_194' title='bbox 713 998 742 1026; x_wconf 91' lang='lat' dir='ltr'><strong>in</strong></span> <span class='ocrx_word' id='word_1_195' title='bbox 761 999 857 1034; x_wconf 78' lang='lat' dir='ltr'><strong>lagena</strong></span> <span class='ocrx_word' id='word_1_196' title='bbox 874 999 1020 1033; x_wconf 81' lang='lat' dir='ltr'><strong>contenti,</strong></span> <span class='ocrx_word' id='word_1_197' title='bbox 1041 1007 1172 1032; x_wconf 86' lang='lat' dir='ltr'><strong>cessare,</strong></span> <span class='ocrx_word' id='word_1_198' title='bbox 1202 999 1338 1033; x_wconf 87' lang='lat' dir='ltr'><strong>quoniam</strong></span> <span class='ocrx_word' id='word_1_199' title='bbox 1356 997 1426 1025; x_wconf 87' lang='lat' dir='ltr'><strong>abiit</strong></span> <span class='ocrx_word' id='word_1_200' title='bbox 1439 1018 1449 1032; x_wconf 90' lang='lat'><strong>,</strong></span> <span class='ocrx_word' id='word_1_201' title='bbox 1470 999 1584 1033; x_wconf 90' lang='lat' dir='ltr'><strong>pondus</strong></span> <span class='ocrx_word' id='word_1_202' title='bbox 1600 998 1642 1027; x_wconf 82' lang='lat' dir='ltr'><strong>af-</strong></span> 
     </span>
     <span class='ocr_line' id='line_1_19' title="bbox 125 1047 1636 1086; baseline 0.001 -9"><span class='ocrx_word' id='word_1_203' title='bbox 125 1049 215 1077; x_wconf 81' lang='lat' dir='ltr'><strong>fixum</strong></span> <span class='ocrx_word' id='word_1_204' title='bbox 240 1047 402 1083; x_wconf 84' lang='lat' dir='ltr'><strong>abundare,</strong></span> <span class='ocrx_word' id='word_1_205' title='bbox 433 1049 568 1084; x_wconf 89' lang='lat' dir='ltr'><strong>quoniam</strong></span> <span class='ocrx_word' id='word_1_206' title='bbox 591 1057 720 1084; x_wconf 85' lang='lat' dir='ltr'><strong>corpus,</strong></span> <span class='ocrx_word' id='word_1_207' title='bbox 748 1049 827 1084; x_wconf 90' lang='lat' dir='ltr'><strong>quod</strong></span> <span class='ocrx_word' id='word_1_208' title='bbox 857 1050 885 1077; x_wconf 92' lang='lat' dir='ltr'><strong>vi</strong></span> <span class='ocrx_word' id='word_1_209' title='bbox 916 1058 1005 1084; x_wconf 84' lang='lat' dir='ltr'><strong>aquae</strong></span> <span class='ocrx_word' id='word_1_210' title='bbox 1036 1049 1273 1086; x_wconf 83' lang='lat' dir='ltr'><strong>immergebatur,</strong></span> <span class='ocrx_word' id='word_1_211' title='bbox 1301 1056 1361 1076; x_wconf 90' lang='lat' dir='ltr'><strong>non</strong></span> <span class='ocrx_word' id='word_1_212' title='bbox 1397 1049 1522 1085; x_wconf 85' lang='lat' dir='ltr'><strong>amplius</strong></span> <span class='ocrx_word' id='word_1_213' title='bbox 1546 1050 1636 1080; x_wconf 89' lang='lat' dir='ltr'><strong>adest.</strong></span> 
     </span>
     <span class='ocr_line' id='line_1_20' title="bbox 124 1098 1168 1136; baseline 0.001 -9"><span class='ocrx_word' id='word_1_214' title='bbox 124 1098 331 1134; x_wconf 79' lang='lat' dir='ltr'><strong>Demonstrat,</strong></span> <span class='ocrx_word' id='word_1_215' title='bbox 348 1098 460 1136; x_wconf 75' lang='lat' dir='ltr'><strong>pondus</strong></span> <span class='ocrx_word' id='word_1_216' title='bbox 482 1100 638 1129; x_wconf 68' lang='lat' dir='ltr'><strong>relativum</strong></span> <span class='ocrx_word' id='word_1_217' title='bbox 662 1108 751 1136; x_wconf 89' lang='lat' dir='ltr'><strong>aquae</strong></span> <span class='ocrx_word' id='word_1_218' title='bbox 772 1100 802 1128; x_wconf 89' lang='lat' dir='ltr'><strong>in</strong></span> <span class='ocrx_word' id='word_1_219' title='bbox 828 1109 901 1136; x_wconf 87' lang='lat' dir='ltr'><strong>aqua</strong></span> <span class='ocrx_word' id='word_1_220' title='bbox 924 1100 1035 1129; x_wconf 77' lang='lat' dir='ltr'><strong>nullum</strong></span> <span class='ocrx_word' id='word_1_221' title='bbox 1060 1109 1133 1129; x_wconf 86' lang='lat' dir='ltr'><strong>esse.</strong></span> <span class='ocrx_word' id='word_1_222' title='bbox 1150 1099 1168 1112; x_wconf 79' lang='lat'><strong>’⁵</strong></span> 
     </span>
    </p>

    <p class='ocr_par' dir='ltr' id='par_1_5' title="bbox 123 1150 1645 1858">
     <span class='ocr_line' id='line_1_21' title="bbox 164 1150 1636 1188; baseline 0.003 -10"><span class='ocrx_word' id='word_1_223' title='bbox 164 1150 255 1179; x_wconf 83' lang='lat' dir='ltr'><strong>Porro</strong></span> <span class='ocrx_word' id='word_1_224' title='bbox 274 1150 418 1184; x_wconf 89' lang='lat' dir='ltr'><strong>defendit,</strong></span> <span class='ocrx_word' id='word_1_225' title='bbox 440 1159 498 1178; x_wconf 89' lang='lat' dir='ltr'><strong>non</strong></span> <span class='ocrx_word' id='word_1_226' title='bbox 526 1160 588 1180; x_wconf 85' lang='lat' dir='ltr'><strong>esse</strong></span> <span class='ocrx_word' id='word_1_227' title='bbox 609 1159 727 1186; x_wconf 84' lang='lat' dir='ltr'><strong>aquam,</strong></span> <span class='ocrx_word' id='word_1_228' title='bbox 751 1160 822 1187; x_wconf 87' lang='lat' dir='ltr'><strong>quae</strong></span> <span class='ocrx_word' id='word_1_229' title='bbox 843 1152 963 1188; x_wconf 85' lang='lat' dir='ltr'><strong>gravitat</strong></span> <span class='ocrx_word' id='word_1_230' title='bbox 981 1152 1009 1180; x_wconf 91' lang='lat' dir='ltr'><strong>in</strong></span> <span class='ocrx_word' id='word_1_231' title='bbox 1032 1151 1188 1187; x_wconf 84' lang='lat' dir='ltr'><strong>bilancem,</strong></span> <span class='ocrx_word' id='word_1_232' title='bbox 1211 1152 1253 1180; x_wconf 89' lang='lat' dir='ltr'><strong>uti</strong></span> <span class='ocrx_word' id='word_1_233' title='bbox 1269 1154 1332 1182; x_wconf 91' lang='lat' dir='ltr'><strong>vult</strong></span> <span class='ocrx_word' id='word_1_234' title='bbox 1354 1152 1483 1187; x_wconf 83' lang='lat' dir='ltr'><strong>Aeneae,</strong></span> <span class='ocrx_word' id='word_1_235' title='bbox 1505 1153 1555 1181; x_wconf 91' lang='lat' dir='ltr'><strong>sed</strong></span> <span class='ocrx_word' id='word_1_236' title='bbox 1573 1160 1636 1182; x_wconf 79' lang='lat' dir='ltr'><strong>esse</strong></span> 
     </span>
     <span class='ocr_line' id='line_1_22' title="bbox 126 1201 1645 1241; baseline 0.001 -10"><span class='ocrx_word' id='word_1_237' title='bbox 126 1203 243 1239; x_wconf 84' lang='lat' dir='ltr'><strong>pondus</strong></span> <span class='ocrx_word' id='word_1_238' title='bbox 268 1201 416 1229; x_wconf 81' lang='lat' dir='ltr'><strong>relativum</strong></span> <span class='ocrx_word' id='word_1_239' title='bbox 436 1202 588 1231; x_wconf 87' lang='lat' dir='ltr'><strong>sacomatis</strong></span> <span class='ocrx_word' id='word_1_240' title='bbox 606 1201 738 1230; x_wconf 85' lang='lat' dir='ltr'><strong>addititii.</strong></span> <span class='ocrx_word' id='word_1_241' title='bbox 779 1202 908 1237; x_wconf 85' lang='lat' dir='ltr'><strong>Idcirco,</strong></span> <span class='ocrx_word' id='word_1_242' title='bbox 930 1203 1028 1238; x_wconf 87' lang='lat' dir='ltr'><strong>posita</strong></span> <span class='ocrx_word' id='word_1_243' title='bbox 1053 1203 1133 1231; x_wconf 89' lang='lat' dir='ltr'><strong>doct.</strong></span> <span class='ocrx_word' id='word_1_244' title='bbox 1152 1204 1262 1232; x_wconf 85' lang='lat' dir='ltr'><strong>Aeneae</strong></span> <span class='ocrx_word' id='word_1_245' title='bbox 1278 1203 1437 1238; x_wconf 82' lang='lat' dir='ltr'><strong>sententia,</strong></span> <span class='ocrx_word' id='word_1_246' title='bbox 1459 1209 1539 1241; x_wconf 87' lang='lat' dir='ltr'><strong>rogat</strong></span> <span class='ocrx_word' id='word_1_247' title='bbox 1556 1212 1645 1240; x_wconf 80' lang='lat' dir='ltr'><strong>eum,</strong></span> 
     </span>
     <span class='ocr_line' id='line_1_23' title="bbox 125 1252 1643 1290; baseline 0.003 -9"><span class='ocrx_word' id='word_1_248' title='bbox 125 1253 177 1282; x_wconf 91' lang='lat' dir='ltr'><strong>ubi</strong></span> <span class='ocrx_word' id='word_1_249' title='bbox 195 1252 329 1281; x_wconf 84' lang='lat' dir='ltr'><strong>manserit</strong></span> <span class='ocrx_word' id='word_1_250' title='bbox 354 1252 470 1288; x_wconf 81' lang='lat' dir='ltr'><strong>pondus</strong></span> <span class='ocrx_word' id='word_1_251' title='bbox 484 1253 634 1282; x_wconf 88' lang='lat' dir='ltr'><strong>relativum</strong></span> <span class='ocrx_word' id='word_1_252' title='bbox 651 1253 804 1281; x_wconf 86' lang='lat' dir='ltr'><strong>sacomatis</strong></span> <span class='ocrx_word' id='word_1_253' title='bbox 820 1253 966 1282; x_wconf 74' lang='lat' dir='ltr'><strong>addititii?</strong></span> <span class='ocrx_word' id='word_1_254' title='bbox 988 1254 1035 1282; x_wconf 84' lang='lat' dir='ltr'><strong>An</strong></span> <span class='ocrx_word' id='word_1_255' title='bbox 1053 1254 1190 1289; x_wconf 72' lang='lat' dir='ltr'><strong>perierit?</strong></span> <span class='ocrx_word' id='word_1_256' title='bbox 1212 1255 1259 1283; x_wconf 90' lang='lat' dir='ltr'><strong>An</strong></span> <span class='ocrx_word' id='word_1_257' title='bbox 1276 1256 1452 1284; x_wconf 79' lang='lat' dir='ltr'><strong>destructum</strong></span> <span class='ocrx_word' id='word_1_258' title='bbox 1468 1254 1528 1283; x_wconf 73' lang='lat' dir='ltr'><strong>sit?</strong></span> <span class='ocrx_word' id='word_1_259' title='bbox 1551 1256 1643 1290; x_wconf 86' lang='lat' dir='ltr'><strong>„Ali—</strong></span> 
     </span>
     <span class='ocr_line' id='line_1_24' title="bbox 125 1303 1639 1342; baseline 0.002 -10"><span class='ocrx_word' id='word_1_260' title='bbox 125 1303 156 1332; x_wconf 87' lang='lat' dir='ltr'><strong>bi</strong></span> <span class='ocrx_word' id='word_1_261' title='bbox 171 1303 266 1338; x_wconf 84' lang='lat' dir='ltr'><strong>dicis,</strong></span> <span class='ocrx_word' id='word_1_262' title='bbox 278 1303 297 1315; x_wconf 85' lang='grc'>”</span> <span class='ocrx_word' id='word_1_263' title='bbox 317 1303 431 1338; x_wconf 85' lang='lat' dir='ltr'><strong>inquit,</strong></span> <span class='ocrx_word' id='word_1_264' title='bbox 459 1303 521 1338; x_wconf 88' lang='lat' dir='ltr'><strong>„in</strong></span> <span class='ocrx_word' id='word_1_265' title='bbox 540 1311 641 1332; x_wconf 88' lang='lat' dir='ltr'><strong>natura</strong></span> <span class='ocrx_word' id='word_1_266' title='bbox 657 1304 698 1333; x_wconf 87' lang='lat' dir='ltr'><strong>nil</strong></span> <span class='ocrx_word' id='word_1_267' title='bbox 712 1304 824 1341; x_wconf 83' lang='lat' dir='ltr'><strong>perire3</strong></span> <span class='ocrx_word' id='word_1_268' title='bbox 846 1305 926 1340; x_wconf 89' lang='lat' dir='ltr'><strong>quod</strong></span> <span class='ocrx_word' id='word_1_269' title='bbox 941 1304 976 1332; x_wconf 92' lang='lat' dir='ltr'><strong>ab</strong></span> <span class='ocrx_word' id='word_1_270' title='bbox 994 1305 1077 1332; x_wconf 82' lang='lat' dir='ltr'><strong>altera</strong></span> <span class='ocrx_word' id='word_1_271' title='bbox 1095 1311 1175 1340; x_wconf 88' lang='lat' dir='ltr'><strong>parte</strong></span> <span class='ocrx_word' id='word_1_272' title='bbox 1192 1305 1340 1341; x_wconf 84' lang='lat' dir='ltr'><strong>perditur,</strong></span> <span class='ocrx_word' id='word_1_273' title='bbox 1363 1306 1394 1334; x_wconf 84' lang='lat' dir='ltr'><strong>id·</strong></span> <span class='ocrx_word' id='word_1_274' title='bbox 1404 1305 1438 1334; x_wconf 87' lang='lat' dir='ltr'><strong>ab</strong></span> <span class='ocrx_word' id='word_1_275' title='bbox 1456 1307 1541 1335; x_wconf 87' lang='lat' dir='ltr'><strong>altera</strong></span> <span class='ocrx_word' id='word_1_276' title='bbox 1559 1314 1639 1342; x_wconf 82' lang='lat' dir='ltr'><strong>parte</strong></span> 
     </span>
     <span class='ocr_line' id='line_1_25' title="bbox 124 1353 1642 1394; baseline 0.002 -11"><span class='ocrx_word' id='word_1_277' title='bbox 124 1355 206 1383; x_wconf 82' lang='lat' dir='ltr'><strong>lucro</strong></span> <span class='ocrx_word' id='word_1_278' title='bbox 229 1354 311 1384; x_wconf 84' lang='lat' dir='ltr'><strong>verti.</strong></span> <span class='ocrx_word' id='word_1_279' title='bbox 351 1353 476 1383; x_wconf 86' lang='lat' dir='ltr'><strong>Ubinam</strong></span> <span class='ocrx_word' id='word_1_280' title='bbox 507 1355 607 1390; x_wconf 90' lang='lat' dir='ltr'><strong>itaque</strong></span> <span class='ocrx_word' id='word_1_281' title='bbox 634 1355 740 1383; x_wconf 84' lang='lat' dir='ltr'><strong>mansit</strong></span> <span class='ocrx_word' id='word_1_282' title='bbox 774 1356 889 1391; x_wconf 90' lang='lat' dir='ltr'><strong>pondus</strong></span> <span class='ocrx_word' id='word_1_283' title='bbox 916 1355 1095 1391; x_wconf 72' lang='lat' dir='ltr'><strong>(relativutn‘.2</strong></span> <span class='ocrx_word' id='word_1_284' title='bbox 1130 1357 1177 1385; x_wconf 89' lang='lat' dir='ltr'><strong>An</strong></span> <span class='ocrx_word' id='word_1_285' title='bbox 1202 1357 1305 1393; x_wconf 88' lang='lat' dir='ltr'><strong>premit</strong></span> <span class='ocrx_word' id='word_1_286' title='bbox 1334 1356 1364 1385; x_wconf 71' lang='lat' dir='ltr'><strong>1‘n</strong></span> <span class='ocrx_word' id='word_1_287' title='bbox 1391 1356 1513 1386; x_wconf 89' lang='lat' dir='ltr'><strong>fundum</strong></span> <span class='ocrx_word' id='word_1_288' title='bbox 1542 1359 1642 1394; x_wconf 83' lang='lat' dir='ltr'><strong>vasis,</strong></span> 
     </span>
     <span class='ocr_line' id='line_1_26' title="bbox 125 1405 1639 1442; baseline 0.002 -9"><span class='ocrx_word' id='word_1_289' title='bbox 125 1406 156 1434; x_wconf 88' lang='lat' dir='ltr'><strong>in</strong></span> <span class='ocrx_word' id='word_1_290' title='bbox 173 1414 233 1441; x_wconf 88' lang='lat' dir='ltr'><strong>quo</strong></span> <span class='ocrx_word' id='word_1_291' title='bbox 250 1405 354 1441; x_wconf 83' lang='lat' dir='ltr'><strong>pendet</strong></span> <span class='ocrx_word' id='word_1_292' title='bbox 378 1406 439 1434; x_wconf 92' lang='lat' dir='ltr'><strong>sine</strong></span> <span class='ocrx_word' id='word_1_293' title='bbox 459 1414 511 1441; x_wconf 87' lang='lat' dir='ltr'><strong>eo,</strong></span> <span class='ocrx_word' id='word_1_294' title='bbox 538 1412 572 1434; x_wconf 92' lang='lat' dir='ltr'><strong>ut</strong></span> <span class='ocrx_word' id='word_1_295' title='bbox 589 1406 790 1435; x_wconf 87' lang='lat' dir='ltr'><strong>commercium</strong></span> <span class='ocrx_word' id='word_1_296' title='bbox 807 1413 932 1436; x_wconf 83' lang='lat' dir='ltr'><strong>exerceat</strong></span> <span class='ocrx_word' id='word_1_297' title='bbox 955 1415 1020 1435; x_wconf 89' lang='lat' dir='ltr'><strong>curn</strong></span> <span class='ocrx_word' id='word_1_298' title='bbox 1046 1407 1175 1442; x_wconf 87' lang='lat' dir='ltr'><strong>bilance,</strong></span> <span class='ocrx_word' id='word_1_299' title='bbox 1201 1408 1247 1436; x_wconf 91' lang='lat' dir='ltr'><strong>cui</strong></span> <span class='ocrx_word' id='word_1_300' title='bbox 1269 1407 1380 1436; x_wconf 85' lang='lat' dir='ltr'><strong>affixum</strong></span> <span class='ocrx_word' id='word_1_301' title='bbox 1403 1408 1467 1436; x_wconf 75' lang='lat' dir='ltr'><strong>est?</strong></span> <span class='ocrx_word' id='word_1_302' title='bbox 1497 1410 1542 1438; x_wconf 83' lang='lat' dir='ltr'><strong>An</strong></span> <span class='ocrx_word' id='word_1_303' title='bbox 1568 1409 1639 1437; x_wconf 87' lang='lat' dir='ltr'><strong>vici-</strong></span> 
     </span>
     <span class='ocr_line' id='line_1_27' title="bbox 124 1455 1636 1493; baseline 0.003 -9"><span class='ocrx_word' id='word_1_304' title='bbox 124 1455 180 1485; x_wconf 88' lang='lat' dir='ltr'><strong>bus</strong></span> <span class='ocrx_word' id='word_1_305' title='bbox 203 1455 336 1492; x_wconf 82' lang='lat' dir='ltr'><strong>fungitur</strong></span> <span class='ocrx_word' id='word_1_306' title='bbox 363 1457 511 1493; x_wconf 82' lang='lat' dir='ltr'><strong>gravitatis</strong></span> <span class='ocrx_word' id='word_1_307' title='bbox 536 1458 580 1485; x_wconf 91' lang='lat' dir='ltr'><strong>vel</strong></span> <span class='ocrx_word' id='word_1_308' title='bbox 604 1457 763 1493; x_wconf 84' lang='lat' dir='ltr'><strong>pressionis</strong></span> <span class='ocrx_word' id='word_1_309' title='bbox 789 1465 895 1493; x_wconf 86' lang='lat' dir='ltr'><strong>aquae,</strong></span> <span class='ocrx_word' id='word_1_310' title='bbox 926 1465 998 1493; x_wconf 90' lang='lat' dir='ltr'><strong>quae</strong></span> <span class='ocrx_word' id='word_1_311' title='bbox 1030 1459 1187 1486; x_wconf 84' lang='lat' dir='ltr'><strong>secundum</strong></span> <span class='ocrx_word' id='word_1_312' title='bbox 1215 1465 1291 1487; x_wconf 89' lang='lat' dir='ltr'><strong>tuam</strong></span> <span class='ocrx_word' id='word_1_313' title='bbox 1324 1458 1493 1487; x_wconf 88' lang='lat' dir='ltr'><strong>sententiam</strong></span> <span class='ocrx_word' id='word_1_314' title='bbox 1516 1459 1545 1488; x_wconf 87' lang='lat' dir='ltr'><strong>in</strong></span> <span class='ocrx_word' id='word_1_315' title='bbox 1569 1460 1636 1489; x_wconf 81' lang='lat' dir='ltr'><strong>loco</strong></span> 
     </span>
     <span class='ocr_line' id='line_1_28' title="bbox 124 1507 1640 1548; baseline 0.003 -13"><span class='ocrx_word' id='word_1_316' title='bbox 124 1514 179 1536; x_wconf 81' lang='lat' dir='ltr'><strong>suo</strong></span> <span class='ocrx_word' id='word_1_317' title='bbox 202 1507 325 1534; x_wconf 85' lang='lat' dir='ltr'><strong>naturali</strong></span> <span class='ocrx_word' id='word_1_318' title='bbox 348 1507 463 1542; x_wconf 88' lang='lat' dir='ltr'><strong>pondus</strong></span> <span class='ocrx_word' id='word_1_319' title='bbox 488 1516 572 1536; x_wconf 87' lang='lat' dir='ltr'><strong>suum</strong></span> <span class='ocrx_word' id='word_1_320' title='bbox 600 1508 756 1542; x_wconf 80' lang='lat' dir='ltr'><strong>resumsit,</strong></span> <span class='ocrx_word' id='word_1_321' title='bbox 785 1516 878 1543; x_wconf 89' lang='lat' dir='ltr'><strong>neque</strong></span> <span class='ocrx_word' id='word_1_322' title='bbox 901 1509 1023 1544; x_wconf 85' lang='lat' dir='ltr'><strong>amplius</strong></span> <span class='ocrx_word' id='word_1_323' title='bbox 1047 1509 1078 1537; x_wconf 87' lang='lat' dir='ltr'><strong>in</strong></span> <span class='ocrx_word' id='word_1_324' title='bbox 1101 1508 1224 1537; x_wconf 84' lang='lat' dir='ltr'><strong>fundum</strong></span> <span class='ocrx_word' id='word_1_325' title='bbox 1259 1509 1336 1537; x_wconf 86' lang='lat' dir='ltr'><strong>vasis</strong></span> <span class='ocrx_word' id='word_1_326' title='bbox 1362 1509 1490 1545; x_wconf 56' lang='lat' dir='ltr'><strong>premit‘r&gt;</strong></span> <span class='ocrx_word' id='word_1_327' title='bbox 1524 1510 1640 1548; x_wconf 86' lang='lat' dir='ltr'><strong>Quanta</strong></span> 
     </span>
     <span class='ocr_line' id='line_1_29' title="bbox 123 1556 1639 1600; baseline 0.003 -14"><span class='ocrx_word' id='word_1_328' title='bbox 123 1557 198 1586; x_wconf 87' lang='lat' dir='ltr'><strong>enim</strong></span> <span class='ocrx_word' id='word_1_329' title='bbox 222 1556 334 1592; x_wconf 87' lang='lat' dir='ltr'><strong>pressio</strong></span> <span class='ocrx_word' id='word_1_330' title='bbox 357 1567 372 1586; x_wconf 90' lang='lat' dir='ltr'><strong>a</strong></span> <span class='ocrx_word' id='word_1_331' title='bbox 399 1557 491 1586; x_wconf 88' lang='lat' dir='ltr'><strong>fundo</strong></span> <span class='ocrx_word' id='word_1_332' title='bbox 515 1558 592 1586; x_wconf 89' lang='lat' dir='ltr'><strong>vasis</strong></span> <span class='ocrx_word' id='word_1_333' title='bbox 614 1558 708 1593; x_wconf 86' lang='lat' dir='ltr'><strong>abiit,</strong></span> <span class='ocrx_word' id='word_1_334' title='bbox 729 1564 836 1587; x_wconf 85' lang='lat' dir='ltr'><strong>tantam</strong></span> <span class='ocrx_word' id='word_1_335' title='bbox 860 1560 895 1588; x_wconf 84' lang='lat' dir='ltr'><strong>ad</strong></span> <span class='ocrx_word' id='word_1_336' title='bbox 920 1559 1068 1588; x_wconf 82' lang='lat' dir='ltr'><strong>brachium</strong></span> <span class='ocrx_word' id='word_1_337' title='bbox 1092 1559 1212 1588; x_wconf 83' lang='lat' dir='ltr'><strong>bilancis</strong></span> <span class='ocrx_word' id='word_1_338' title='bbox 1241 1560 1400 1589; x_wconf 85' lang='lat' dir='ltr'><strong>accessisse</strong></span> <span class='ocrx_word' id='word_1_339' title='bbox 1423 1560 1508 1590; x_wconf 88' lang='lat' dir='ltr'><strong>dicis.</strong></span> <span class='ocrx_word' id='word_1_340' title='bbox 1550 1561 1639 1600; x_wconf 88' lang='lat' dir='ltr'><strong>Quod</strong></span> 
     </span>
     <span class='ocr_line' id='line_1_30' title="bbox 123 1609 1638 1648; baseline 0.003 -11"><span class='ocrx_word' id='word_1_341' title='bbox 123 1609 148 1637; x_wconf 89' lang='lat' dir='ltr'><strong>si</strong></span> <span class='ocrx_word' id='word_1_342' title='bbox 172 1616 270 1637; x_wconf 87' lang='lat' dir='ltr'><strong>verum</strong></span> <span class='ocrx_word' id='word_1_343' title='bbox 291 1615 358 1643; x_wconf 88' lang='lat' dir='ltr'><strong>est,</strong></span> <span class='ocrx_word' id='word_1_344' title='bbox 388 1609 464 1636; x_wconf 87' lang='lat' dir='ltr'><strong>unde</strong></span> <span class='ocrx_word' id='word_1_345' title='bbox 489 1609 581 1644; x_wconf 82' lang='lat' dir='ltr'><strong>igitur</strong></span> <span class='ocrx_word' id='word_1_346' title='bbox 604 1618 711 1645; x_wconf 84' lang='lat' dir='ltr'><strong>causa,</strong></span> <span class='ocrx_word' id='word_1_347' title='bbox 739 1610 817 1645; x_wconf 91' lang='lat' dir='ltr'><strong>quod</strong></span> <span class='ocrx_word' id='word_1_348' title='bbox 834 1610 858 1638; x_wconf 93' lang='lat' dir='ltr'><strong>si</strong></span> <span class='ocrx_word' id='word_1_349' title='bbox 881 1611 996 1645; x_wconf 89' lang='lat' dir='ltr'><strong>pondus</strong></span> <span class='ocrx_word' id='word_1_350' title='bbox 1020 1610 1183 1639; x_wconf 83' lang='lat' dir='ltr'><strong>addititium</strong></span> <span class='ocrx_word' id='word_1_351' title='bbox 1207 1611 1323 1647; x_wconf 84' lang='lat' dir='ltr'><strong>lagenae</strong></span> <span class='ocrx_word' id='word_1_352' title='bbox 1345 1610 1510 1648; x_wconf 87' lang='lat' dir='ltr'><strong>auferatur,</strong></span> <span class='ocrx_word' id='word_1_353' title='bbox 1539 1613 1638 1644; x_wconf 83' lang='lat' dir='ltr'><strong>bilanx</strong></span> 
     </span>
     <span class='ocr_line' id='line_1_31' title="bbox 123 1658 1636 1697; baseline 0.003 -9"><span class='ocrx_word' id='word_1_354' title='bbox 123 1659 218 1688; x_wconf 84' lang='lat' dir='ltr'><strong>minor</strong></span> <span class='ocrx_word' id='word_1_355' title='bbox 239 1658 336 1687; x_wconf 88' lang='lat' dir='ltr'><strong>statim</strong></span> <span class='ocrx_word' id='word_1_356' title='bbox 360 1659 486 1695; x_wconf 84' lang='lat' dir='ltr'><strong>lagenam</strong></span> <span class='ocrx_word' id='word_1_357' title='bbox 506 1661 588 1688; x_wconf 88' lang='lat' dir='ltr'><strong>tollat</strong></span> <span class='ocrx_word' id='word_1_358' title='bbox 608 1666 690 1689; x_wconf 82' lang='lat' dir='ltr'><strong>etex</strong></span> <span class='ocrx_word' id='word_1_359' title='bbox 713 1669 786 1696; x_wconf 89' lang='lat' dir='ltr'><strong>aqua</strong></span> <span class='ocrx_word' id='word_1_360' title='bbox 810 1662 957 1697; x_wconf 86' lang='lat' dir='ltr'><strong>extrahat,</strong></span> <span class='ocrx_word' id='word_1_361' title='bbox 987 1661 1026 1690; x_wconf 85' lang='lat' dir='ltr'><strong>ita</strong></span> <span class='ocrx_word' id='word_1_362' title='bbox 1050 1669 1083 1690; x_wconf 88' lang='lat' dir='ltr'><strong>ut</strong></span> <span class='ocrx_word' id='word_1_363' title='bbox 1107 1662 1146 1690; x_wconf 60' lang='grc' dir='ltr'><strong>ΞΡ</strong></span> <span class='ocrx_word' id='word_1_364' title='bbox 1172 1670 1205 1690; x_wconf 87' lang='lat' dir='ltr'><strong>ex</strong></span> <span class='ocrx_word' id='word_1_365' title='bbox 1230 1662 1310 1690; x_wconf 84' lang='lat' dir='ltr'><strong>lance</strong></span> <span class='ocrx_word' id='word_1_366' title='bbox 1327 1671 1354 1689; x_wconf 85' lang='lat' dir='ltr'><strong>m</strong></span> <span class='ocrx_word' id='word_1_367' title='bbox 1377 1662 1437 1690; x_wconf 86' lang='lat' dir='ltr'><strong>sint</strong></span> <span class='ocrx_word' id='word_1_368' title='bbox 1466 1664 1636 1694; x_wconf 79' lang='lat' dir='ltr'><strong>desumenda</strong></span> 
     </span>
     <span class='ocr_line' id='line_1_32' title="bbox 124 1708 1633 1749; baseline 0.005 -11"><span class='ocrx_word' id='word_1_369' title='bbox 124 1710 160 1738; x_wconf 80' lang='lat' dir='ltr'><strong>ad</strong></span> <span class='ocrx_word' id='word_1_370' title='bbox 183 1708 381 1744; x_wconf 86' lang='lat' dir='ltr'><strong>aequilibrium</strong></span> <span class='ocrx_word' id='word_1_371' title='bbox 410 1711 640 1747; x_wconf 84' lang='lat' dir='ltr'><strong>restituendum,</strong></span> <span class='ocrx_word' id='word_1_372' title='bbox 662 1712 772 1740; x_wconf 85' lang='lat' dir='ltr'><strong>etiamsi</strong></span> <span class='ocrx_word' id='word_1_373' title='bbox 796 1713 893 1749; x_wconf 86' lang='lat' dir='ltr'><strong>lagena</strong></span> <span class='ocrx_word' id='word_1_374' title='bbox 913 1721 986 1748; x_wconf 85' lang='lat' dir='ltr'><strong>aqua</strong></span> <span class='ocrx_word' id='word_1_375' title='bbox 1006 1713 1144 1749; x_wconf 84' lang='lat' dir='ltr'><strong>impleta,</strong></span> <span class='ocrx_word' id='word_1_376' title='bbox 1167 1712 1271 1741; x_wconf 84' lang='lat' dir='ltr'><strong>bilanci</strong></span> <span class='ocrx_word' id='word_1_377' title='bbox 1288 1713 1370 1741; x_wconf 86' lang='lat' dir='ltr'><strong>affixa</strong></span> <span class='ocrx_word' id='word_1_378' title='bbox 1393 1715 1525 1744; x_wconf 74' lang='lat' dir='ltr'><strong>maneat?</strong></span> <span class='ocrx_word' id='word_1_379' title='bbox 1554 1716 1633 1746; x_wconf 86' lang='lat' dir='ltr'><strong>Dum</strong></span> 
     </span>
     <span class='ocr_line' id='line_1_33' title="bbox 123 1761 1635 1800; baseline 0.004 -11"><span class='ocrx_word' id='word_1_380' title='bbox 123 1761 298 1789; x_wconf 83' lang='lat' dir='ltr'><strong>contrarium</strong></span> <span class='ocrx_word' id='word_1_381' title='bbox 326 1761 454 1797; x_wconf 86' lang='lat' dir='ltr'><strong>accidat,</strong></span> <span class='ocrx_word' id='word_1_382' title='bbox 477 1762 502 1790; x_wconf 90' lang='lat' dir='ltr'><strong>si</strong></span> <span class='ocrx_word' id='word_1_383' title='bbox 531 1763 627 1798; x_wconf 78' lang='lat' dir='ltr'><strong>lagena</strong></span> <span class='ocrx_word' id='word_1_384' title='bbox 645 1762 749 1791; x_wconf 85' lang='lat' dir='ltr'><strong>bilanci</strong></span> <span class='ocrx_word' id='word_1_385' title='bbox 773 1763 937 1799; x_wconf 83' lang='lat' dir='ltr'><strong>auferatur,</strong></span> <span class='ocrx_word' id='word_1_386' title='bbox 959 1770 986 1792; x_wconf 91' lang='lat' dir='ltr'><strong>et</strong></span> <span class='ocrx_word' id='word_1_387' title='bbox 1008 1764 1123 1800; x_wconf 85' lang='lat' dir='ltr'><strong>pondus</strong></span> <span class='ocrx_word' id='word_1_388' title='bbox 1147 1763 1285 1792; x_wconf 79' lang='lat' dir='ltr'><strong>additium</strong></span> <span class='ocrx_word' id='word_1_389' title='bbox 1307 1765 1452 1800; x_wconf 90' lang='lat' dir='ltr'><strong>supersit,</strong></span> <span class='ocrx_word' id='word_1_390' title='bbox 1475 1772 1536 1796; x_wconf 89' lang='lat' dir='ltr'><strong>tum</strong></span> <span class='ocrx_word' id='word_1_391' title='bbox 1560 1768 1635 1797; x_wconf 88' lang='lat' dir='ltr'><strong>enim</strong></span> 
     </span>
     <span class='ocr_line' id='line_1_34' title="bbox 123 1810 1638 1858; baseline 0.005 -18"><span class='ocrx_word' id='word_1_392' title='bbox 123 1811 220 1840; x_wconf 86' lang='lat' dir='ltr'><strong>omnia</strong></span> <span class='ocrx_word' id='word_1_393' title='bbox 238 1810 270 1840; x_wconf 88' lang='lat' dir='ltr'><strong>in</strong></span> <span class='ocrx_word' id='word_1_394' title='bbox 295 1812 468 1848; x_wconf 82' lang='lat' dir='ltr'><strong>aequilibrio</strong></span> <span class='ocrx_word' id='word_1_395' title='bbox 493 1813 671 1849; x_wconf 84' lang='lat' dir='ltr'><strong>persistunt,</strong></span> <span class='ocrx_word' id='word_1_396' title='bbox 702 1814 810 1842; x_wconf 83' lang='lat' dir='ltr'><strong>etiamsi</strong></span> <span class='ocrx_word' id='word_1_397' title='bbox 836 1815 902 1843; x_wconf 80' lang='lat' dir='ltr'><strong>lanx</strong></span> <span class='ocrx_word' id='word_1_398' title='bbox 924 1824 952 1843; x_wconf 84' lang='lat' dir='ltr'><strong>m</strong></span> <span class='ocrx_word' id='word_1_399' title='bbox 974 1816 1099 1851; x_wconf 85' lang='lat' dir='ltr'><strong>pondere</strong></span> <span class='ocrx_word' id='word_1_400' title='bbox 1126 1815 1166 1844; x_wconf 78' lang='lat'><strong>21³</strong></span> <span class='ocrx_word' id='word_1_401' title='bbox 1196 1823 1308 1853; x_wconf 85' lang='lat' dir='ltr'><strong>semper</strong></span> <span class='ocrx_word' id='word_1_402' title='bbox 1331 1815 1370 1845; x_wconf 80' lang='lat' dir='ltr'><strong>sit</strong></span> <span class='ocrx_word' id='word_1_403' title='bbox 1393 1823 1517 1850; x_wconf 69' lang='lat' dir='ltr'><strong>onerata:</strong></span> <span class='ocrx_word' id='word_1_404' title='bbox 1556 1819 1638 1858; x_wconf 79' lang='lat' dir='ltr'><strong>Quid</strong></span> 
     </span>
    </p>

    <p class='ocr_par' dir='ltr' id='par_1_6' title="bbox 1583 1879 1641 1900">
     <span class='ocr_line' id='line_1_35' title="bbox 1583 1879 1641 1900; baseline 0 0"><span class='ocrx_word' id='word_1_405' title='bbox 1583 1879 1641 1900; x_wconf 73' lang='lat' dir='ltr'><strong>evi-</strong></span> 
     </span>
    </p>
   </div>
   <div class='ocr_carea' id='block_1_3' title="bbox 146 1936 1642 2022">
    <p class='ocr_par' dir='ltr' id='par_1_7' title="bbox 146 1936 1642 2022">
     <span class='ocr_line' id='line_1_36' title="bbox 146 1936 1113 1976; baseline 0.004 -14"><span class='ocrx_word' id='word_1_406' title='bbox 146 1936 193 1966; x_wconf 79' lang='grc' dir='ltr'><strong>(ι)</strong></span> <span class='ocrx_word' id='word_1_407' title='bbox 218 1937 351 1962; x_wconf 72' lang='lat' dir='ltr'><strong>invenienda</strong></span> <span class='ocrx_word' id='word_1_408' title='bbox 370 1939 393 1962; x_wconf 86' lang='lat' dir='ltr'><strong>iu</strong></span> <span class='ocrx_word' id='word_1_409' title='bbox 411 1940 500 1969; x_wconf 78' lang='lat' dir='ltr'><strong>dlarlo,</strong></span> <span class='ocrx_word' id='word_1_410' title='bbox 523 1941 650 1965; x_wconf 80' lang='lat' dir='ltr'><strong>Recensent</strong></span> <span class='ocrx_word' id='word_1_411' title='bbox 669 1943 708 1965; x_wconf 83' lang='lat' dir='ltr'><strong>der</strong></span> <span class='ocrx_word' id='word_1_412' title='bbox 726 1942 899 1976; x_wconf 60' lang='lat' dir='ltr'><strong>Recensentem</strong></span> <span class='ocrx_word' id='word_1_413' title='bbox 922 1942 951 1964; x_wconf 79' lang='lat' dir='ltr'><strong>D.</strong></span> <span class='ocrx_word' id='word_1_414' title='bbox 966 1942 995 1965; x_wconf 88' lang='lat'><strong>11.</strong></span> <span class='ocrx_word' id='word_1_415' title='bbox 1019 1949 1042 1971; x_wconf 75' lang='lat' dir='ltr'><strong>p·</strong></span> <span class='ocrx_word' id='word_1_416' title='bbox 1057 1947 1113 1970; x_wconf 55' lang='lat'><strong>73&amp;</strong></span> 
     </span>
     <span class='ocr_line' id='line_1_37' title="bbox 908 1982 1642 2022; baseline 0.007 -9"><span class='ocrx_word' id='word_1_417' title='bbox 908 1982 937 2013; x_wconf 74' lang='lat' dir='ltr'>G</span> <span class='ocrx_word' id='word_1_418' title='bbox 960 1991 979 2022; x_wconf 69' lang='lat'><strong>3,⁴</strong></span> <span class='ocrx_word' id='word_1_419' title='bbox 1578 1986 1642 2018; x_wconf 71' lang='lat' dir='ltr'><strong>evi·</strong></span> 
     </span>
    </p>
   </div>
  </div>
 </body>
</html>
