1913 2417
285 167 563 199 RESPONSIO
588 176 637 198 AD
665 162 1486 205 QUAESTIONEMPHILOSOPHICAM.
1596 175 1627 197 ιι

162 252 292 282 Primum
315 257 343 280 et
366 250 606 288 perfectissimum
631 257 721 287 genus
745 256 788 278 est
809 258 929 286 eorum,
951 249 1001 287 qui
1023 249 1217 285 phaenomena
1241 250 1417 279 conscientia
1441 255 1539 278 nostra
1559 257 1630 278 con-

122 311 207 340 cepta
228 304 327 332 dantes
351 303 385 330 ad
407 310 556 331 assensum
587 302 785 337 actionemque
811 309 931 338 cogere,
960 302 994 330 de
1016 301 1116 330 ceteris
1147 300 1283 329 omnibus
1306 301 1455 329 dubitant:
1484 301 1518 329 ad
1540 309 1628 337 quam

123 355 244 383 formam
268 354 326 383 fere
347 354 468 390 pertinet
488 354 697 389 Scepticismus
724 353 825 388 Sexti,
847 359 874 380 et
898 351 1026 381 definitio
1050 352 1208 387 Flamen,
1231 360 1317 388 quam
1344 351 1498 387 explicavit
1522 352 1630 381 Stdusl-

120 406 165 435 lin
188 406 271 442 (1).
312 405 446 442 Longius
471 414 486 433 a
510 404 635 440 perfecta
662 403 839 433 dubitatione
868 410 1008 432 remotum
1035 410 1125 439 genus
1146 408 1209 438 est',
1238 403 1319 439 quod
1339 403 1529 438 subjectivum
1551 405 1630 432 veri-

121 463 211 486 tatem
233 456 383 491 concedit,
411 457 445 484 de
469 455 612 491 objectiva
634 462 783 484 assensum
806 454 947 484 cohibet:
976 454 1024 483 cui
1050 462 1152 483 rursus
1181 453 1275 491 generi
1305 454 1358 482 alia
1389 454 1519 491 subJecta
1548 459 1632 485 sunt.

119 508 217 544 Magis
242 507 326 535 etiam
348 507 511 543 degenerata
533 512 576 534 est
597 506 645 535 illa
665 505 758 535 forma
780 513 852 541 quae
875 514 890 534 a
910 512 1074 534 nostratum
1099 505 1254 535 notionum
1279 513 1424 533 consensu
1451 513 1516 533 cum
1541 504 1627 533 rebus

120 558 282 596 dogmatice
304 564 408 594 negato
432 557 630 593 progrediatur
649 558 683 586 ad
707 557 796 594 ipsam
822 557 993 594 objectivam
1022 557 1167 585 veritatem
1198 556 1308 592 aequali
1336 556 1479 585 rationum
1501 556 1628 592 pondere

117 610 297 638 tentandam:
329 617 388 645 quo
412 609 533 645 pertinet
555 609 710 646 descriptio
734 608 842 645 Jacoba·
868 609 944 646 (2).
991 608 1068 637 Haec
1093 607 1183 637 forma
1216 607 1286 636 alias
1320 606 1449 636 continet
1473 615 1527 643 pro
1550 605 1631 635 omni

116 667 169 689 aut
190 668 223 689 ex
246 666 325 696 parte
357 666 466 688 tantum
492 660 646 688 notionum
674 668 740 688 cum
771 660 857 689 rebus
881 668 1026 688 consensu
1062 659 1188 687 sublato.
1232 658 1374 696 Quartum
1406 665 1497 695 genus
1518 663 1578 692 est,
1608 656 1636 685 si

122 720 182 740 non
205 712 324 740 tollatur
348 711 518 748 obJ'ectivam
543 711 690 740 veritatem
720 719 736 739 a
758 710 844 739 nobis
862 717 942 748 posse
964 709 1124 747 cognoscI,
1153 717 1252 738 verum
1284 715 1429 737 statuatur
1456 708 1564 737 nullam
1589 716 1636 735 co-

122 763 220 799 gnosci
241 762 388 791 veritatem
420 761 590 798 objectivam
607 782 617 796 ‚
648 770 699 798 spe
722 761 841 796 relicta,
871 760 935 790 fore
953 782 963 796 ‚
992 767 1025 789 ut
1057 761 1212 796 aliquando
1240 761 1270 790 τὸ
1299 761 1326 790 h'u
1355 759 1531 797 percipiatur
1555 759 1630 796 (3).

121 813 189 851 Qua
209 814 319 843 ratione
340 813 559 849 Scepticismum
591 811 721 841 bifariam
752 820 910 848 possumus
939 812 1113 847 distinguere
1146 819 1200 847 pro
1232 811 1360 839 veritatis
1383 811 1560 847 indagandae
1581 817 1633 845 spe

119 870 170 893 aut
193 870 289 901 erepta
314 871 366 893 aut
390 871 500 893 servata
525 865 604 903 (4).
645 864 754 892 Eodem
787 863 874 891 modo
903 862 986 897 plura
1010 862 1092 890 etiarn
1117 869 1218 898 genera
1239 870 1273 890 ex
1296 861 1381 890 variis
1409 870 1425 890 a
1448 868 1633 890 consumma-

119 921 164 944 tae
190 915 382 944 dubitationis
404 916 534 951 exemplo
557 913 714 943 intervallis
738 913 893 942 internosci
916 919 1043 948 possunt
1065 914 1144 950 (5).

155 966 188 995 Si
216 966 438 1003 Scepticismum
470 973 614 1002 tamquam
647 971 742 994 artem
772 964 997 999 facultatemque
1024 964 1259 1001 consideremus,
1290 964 1403 993 diversa
1433 970 1531 1000 genera
1563 966 1634 990 sunt

118 1025 173 1054 pro
201 1017 254 1046 hac
279 1017 415 1045 facultate
436 1017 526 1054 magis
549 1016 682 1046 minusve
701 1015 830 1050 exculta,
852 1015 980 1050 artisque
1001 1013 1215 1050 progressibus.

161 1068 287 1097 Ratione
309 1068 477 1104 Systematis
492 1066 705 1102 «Scepticismus
731 1065 821 1101 magis
845 1071 893 1093 aut
915 1065 1010 1093 minus
1034 1064 1179 1100 perfectus
1201 1070 1266 1099 est,
1286 1064 1374 1092 latius
1395 1069 1444 1091 aut
1467 1063 1562 1092 minus
1580 1063 1636 1092 late

120 1124 243 1155 patens,
271 1118 433 1147 absolutam
455 1123 629 1154 extorquens
651 1115 880 1152 dubitationem,
910 1121 960 1145 aut
982 1123 1042 1145 non
1065 1123 1178 1145 omnem
1207 1114 1326 1152 penitus
1355 1113 1509 1143 affirmandi
1540 1113 1631 1143 licen-

117 1170 188 1200 tiam
213 1178 247 1199 ex
273 1170 368 1198 animo
389 1169 524 1198 evellens.

160 1221 342 1259 Argumenta·
363 1220 515 1250 diversitas
537 1219 760 1256 Scepiicismum
784 1219 877 1257 gignit
894 1219 1062 1258 physicum,
1095 1217 1237 1256 logicum,
1263 1216 1510 1255 psychologicum,
1540 1222 1637 1243 mora-

116 1271 194 1308 lem,
221 1272 428 1311 theologicum,
455 1271 508 1301 alia
534 1278 633 1308 genera
651 1291 662 1308 ,
689 1277 779 1308 prout
804 1279 879 1300 arma
911 1276 1012 1299 contra
1043 1270 1116 1299 hanc
1151 1269 1266 1298 illamve
1299 1268 1485 1306 disciplinam
1515 1273 1637 1295 conver·

110 1327 153 1351 tat
172 1322 252 1358 (6).

156 1372 262 1400 Fontes
286 1371 467 1409 Scepticisrni
490 1373 625 1401 historice
645 1378 771 1409 possunt
790 1372 982 1408 considerari,
1003 1377 1031 1401 et
1058 1371 1157 1400 itidem
1181 1371 1398 1409 psychologice:
1428 1369 1587 1402 historice,
1608 1366 1636 1395 si

117 1431 221 1453 causas
242 1423 427 1452 inveniendae
450 1424 518 1451 artis
541 1423 710 1459 dubitandi,
738 1431 880 1460 ortusque
904 1423 1104 1459 Scepticorum
1136 1431 1170 1451 ex
1201 1422 1322 1450 historia
1345 1418 1542 1457 explicemu53
1570 1425 1636 1456 psy-

121 1475 284 1511 chologice,
306 1473 331 1502 si
355 1473 479 1501 rationes
500 1473 702 1510 indagantur,
732 1483 805 1510 quae
835 1475 865 1503 in
896 1474 1020 1511 singulis
1057 1473 1225 1502 hominibus
1257 1472 1417 1508 Scepticam
1454 1470 1633 1499 affectionem

119 1525 254 1562 gignunt.
293 1524 349 1553 Pro
369 1523 416 1552 his
438 1524 598 1552 rationibus
610 1524 815 1560 Scepticismus
833 1531 876 1554 est
901 1525 1127 1562 philosophicus
1152 1525 1240 1561 (7),
1261 1529 1310 1552 aut
1332 1522 1536 1559 philosophiae
1561 1520 1631 1548 sub-

116 1576 199 1605 sidiis
217 1575 394 1605 destitutus:
415 1574 531 1610 rudior,
561 1581 609 1604 aut
637 1576 727 1612 magis
750 1577 904 1606 excultus:
933 1575 1091 1605 affectuum
1119 1574 1298 1604 vehementia
1326 1573 1457 1603 exultans
1475 1592 1486 1608 ,
1518 1577 1568 1599 aut
1597 1570 1632 1598 ab

116 1629 216 1656 eorum
238 1627 337 1656 ardore
361 1632 509 1662 remotus»,
530 1632 558 1654 et
582 1634 655 1663 quae
676 1633 744 1656 sunt
762 1628 851 1665 huJ'us
876 1627 986 1664 generis
1010 1627 1093 1663 plura
1113 1626 1188 1664 (8).

1577 1671 1634 1700 Ve·

144 1740 198 1769 (ι)
218 1743 234 1764 l.
255 1742 272 1763 1.
294 1749 317 1770 p.
331 1747 360 1768 25
379 1747 429 1770 sqq.
622 1740 674 1771 (ι)
696 1742 764 1769 Apud
782 1741 886 1763 Stiiudlin
907 1743 922 1764 1.
944 1743 958 1764 l.
979 1749 1003 1770 p.
1019 1746 1052 1767 ¹⁴·
1074 1747 1124 1768 sqq.

140 1782 193 1811 (³)
215 1783 275 1806 Huic
295 1788 402 1810 cognatus
421 1789 456 1806 est
472 1782 631 1810 Sceptleimnus
652 1783 779 1811 relativus,
801 1785 829 1807 de
848 1789 893 1811 quo
915 1784 963 1806 vid,
985 1782 1089 1804 Stio'udlr'n
1110 1783 1126 1805 1.
1145 1783 1163 1805 1.
1183 1789 1206 1810 p.
1222 1786 1272 1809 14¹.

145 1824 200 1851 (4)
221 1824 272 1847 Vid.
294 1824 400 1845 Stiiudlin
420 1827 436 1848 l.
453 1827 468 1847 1.
490 1832 511 1852 p.
525 1829 559 1850 ει.
578 1831 629 1853 sqq.

143 1864 197 1894 (5)
217 1865 296 1889 Weits.
315 1872 338 1887 v.
362 1866 390 1889 cl.
411 1868 425 1889 l.
444 1865 460 1890 l.
479 1866 622 1893 scepticisml
648 1872 791 1894 progressum
817 1867 902 1892 tribus,
927 1870 951 1888 ut
973 1865 1018 1892 ait,
1043 1864 1149 1892 gradibus
1178 1861 1309 1890 distinguit;
1337 1861 1385 1884 vid·
1411 1858 1459 1887 ‘5¹1⁵
1491 1863 1633 1896 eqmmenffl·

116 1906 194 1928 0111.
215 1913 238 1934 p.
253 1912 287 1929 νει.
310 1914 372 1935 seqq.
402 1908 432 1929 cf.
453 1914 474 1930 c.
490 1907 528 1929 V1.
553 1915 575 1935 p.
591 1914 635 1934 42,
651 1914 686 1935 ⁴³·
714 1915 770 1936 qnae
798 1914 872 1931 tamen
897 1908 979 1930 divlslo
1009 1907 1117 1929 minorem
1140 1905 1310 1934 perspicuitatis
1338 1901 1568 1927 commendationem
1591 1903 1636 1920 ΠΝ

115 1948 211 1969 eandem
233 1948 301 1969 habet
320 1954 371 1970 curn
391 1953 468 1970 nostro
490 1947 587 1971 consilio
606 1949 805 1972 necessitudinem.

146 1987 198 2014 (6)
220 1988 272 2011 Vid.
293 1987 397 2009 staudlr'n
415 1988 430 2011 l.
451 1990 467 2011 l.
487 1996 511 2017 p.
527 1995 562 2015 ³⁴·
583 1996 633 2017 sqq.
748 1991 802 2020 (7)
825 1990 877 2014 Vld.
899 1989 1005 2010 Ste'iua'lfn
1026 1991 1043 2013 l.
1063 1990 1079 2012 1.
1100 1996 1122 2017 p.
1137 1988 1173 2015 85·
1192 1992 1242 2011 “1¹3-

146 2028 199 2056 (8)
224 2030 276 2051 Vid-
296 2029 401 2051 Sris'udlin
422 2031 438 2052 1.
459 2029 475 2053 1,
503 2037 526 2058 p.
542 2036 577 2058 37,
597 2037 647 2059 sqq,
875 2053 897 2082 Β
919 2061 934 2072 ⁰
