1913 2417
260 156 299 187 54
603 138 1443 178 p.J.UYLENssRoEK

277 228 447 259 evidentiori
471 225 713 255 demonstratione
730 230 805 258 opus
830 228 892 257 est,
914 222 946 250 ad
965 221 1124 250 firmandam
1150 229 1239 250 meam
1263 222 1452 256 sententiam,
1474 220 1554 258 quod
1574 220 1685 250 scilicet
1705 229 1780 259 pon·

271 282 326 311 dus
350 274 499 309 relativum
526 274 677 305 sacomatis
701 273 842 308 addititii,
864 281 956 307 neque
977 281 1048 309 aqua
1072 272 1298 309 pondereturY’

307 331 356 360 Sic
382 329 568 359 ratiocinatur
588 332 686 365 noster
713 333 745 353 cx
772 332 802 352 ea
825 323 1001 360 hypothesi,
1029 326 1108 360 quod
1138 324 1167 353 in
1197 324 1392 360 experimento
1422 323 1566 360 Boyleano
1600 323 1696 352 omnia
1717 331 1779 352 cor*

250 402 252 406 ,
275 390 344 419 pora
367 382 436 410 adeo
458 386 526 408 sunt
551 378 723 414 conjuncta,
747 382 779 403 ut
805 376 921 404 alterius
944 375 1063 404 affectus
1087 376 1167 404 alteri
1194 375 1348 404 tribuatur.

314 432 470 460 Vei-bulum
496 429 588 458 adhuc
617 427 734 463 adjicit,
768 433 800 454 ut
828 427 1016 462 demonsiret,
1046 427 1125 455 doct.
1155 427 1266 455 Aeneae
1291 427 1365 454 male
1392 427 1454 463 ejus
1487 426 1709 462 experimentum
1735 433 1780 455 oe-

277 484 376 520 pisse‚
412 481 543 516 illudque
559 479 718 509 contulisse
737 485 801 506 cum
819 486 874 506 suo
900 478 1113 513 experimento,
1143 486 1203 513 quo
1228 479 1439 507 demonstraret
1463 477 1645 514 (secundum
1665 483 1778 506 senten-

276 536 343 563 tium
370 531 572 568 Coppenalii>
593 538 692 566 aquam
714 537 806 565 neque
824 529 851 557 in
870 529 930 557 aere
948 530 1061 564 pondus
1079 528 1191 557 habere.
1229 526 1443 558 Animadvertit
1463 527 1594 563 scilicet,
1615 536 1664 563 se,
1690 535 1780 563 quan-

272 585 311 613 do
334 583 455 613 vesicam
481 581 623 618 perforat,
644 582 755 611 nullum
773 581 875 610 babere
898 581 927 608 in
945 580 1030 608 altera
1050 581 1129 608 lance
1148 579 1386 615 contrapondium
1408 587 1499 614 aquae
1520 579 1647 615 lagenam
1672 578 1780 607 intran-

276 635 332 671 tis;
353 635 421 663 dnm
441 634 552 662 Aeneae
571 641 637 661 suae
660 633 733 661 lanei
750 631 988 667 contrapondium
1006 630 1140 666 imponit.
1184 651 1206 666 ,‚
1224 630 1275 659 Nil
1293 631 1389 666 itaque
1408 628 1558 664 mirum‚''
1579 630 1635 664 ait,
1659 650 1684 665 ,,
1701 629 1780 665 quod

275 685 325 713 ubi
346 685 473 722 lagenam
500 692 573 720 aqua
597 684 781 720 impleveris,
812 683 932 712 bilancis
968 681 1168 717 aequilibrium
1198 690 1256 710 non
1285 682 1461 709 destruatur.
1501 679 1557 708 Sed
1578 679 1676 715 aufer,
1705 685 1782 708 ante·

272 743 357 772 quam
388 737 513 773 lagenam
538 743 638 763 rursus
665 735 786 770 imples,
811 733 1072 770 contmpondiiim,
1100 739 1128 760 et
1150 733 1247 761 bilanx
1275 731 1462 761 nihilominus
1495 730 1696 766 aequilibrium
1722 738 1780 759 ser-

273 788 361 817 vabit.
404 787 477 815 Dein
501 795 568 814 vero
597 786 708 821 impieta
726 786 840 822 lagena,
866 784 1065 820 aequilibrium
1083 784 1201 812 omnino
1219 784 1387 812 destruetur.
1400 781 1420 795 ’'
1460 782 1547 820 Quod
1571 788 1602 808 ut
1616 781 1775 810 evidentius

273 837 475 873 demonstret,
506 845 533 865 et
564 845 647 865 suum
679 837 902 871 experimentum
933 835 989 863 alio
1021 834 1209 863 commodiori
1235 835 1342 870 juvet,
1372 832 1495 861 bilancis
1528 832 1644 860 brachio
1669 832 1782 861 adnecti

273 890 356 927 jubet
380 889 497 925 globum
527 887 729 915 aerostaticum
757 887 927 920 flaccidum,
949 886 1088 922 illumque
1113 885 1141 913 in
1162 884 1333 920 aequilibrio
1362 883 1556 912 constitutum
1587 883 1698 919 impleri
1728 890 1781 920 gaz

273 934 507 976 qiiodam‚‘aerc
531 937 779 973 atlimospliaerico
801 937 894 964 minus
929 937 1028 964 denso.
1070 936 1146 964 Huic
1175 936 1263 972 globo
1287 935 1350 963 dein
1379 934 1460 972 jungi
1490 934 1624 970 ponderis
1649 940 1783 969 tantum,

275 997 412 1026 quantum
439 989 594 1023 requiritur
622 988 656 1015 ad
689 987 892 1015 destruendum
921 985 1015 1014 nisum
1043 986 1229 1014 adscendeudi
1260 985 1350 1022 globi.
1398 984 1474 1013 Tum
1501 984 1631 1019 depressa
1649 984 1778 1019 bilance,

277 1042 368 1070 donec
395 1040 510 1076 pondus
534 1038 645 1066 affixum
671 1045 796 1066 mensam
818 1043 933 1073 tangat,
955 1043 1082 1072 apertum
1100 1037 1218 1073 globum
1237 1036 1340 1064 iterum
1361 1038 1424 1064 a'e're
1445 1034 1712 1070 athmosphaerim,
1735 1041 1785 1063 ex·

276 1092 366 1131 pulso
391 1090 442 1118 illo
467 1088 690 1126 gazsimpleri3
721 1096 780 1124 quo
802 1087 901 1122 facto,
922 1093 1041 1115 eventus
1067 1087 1139 1116 idem
1167 1086 1221 1115 erit
1250 1095 1281 1115 ac
1307 1086 1338 1115 in
1359 1087 1550 1123 experimento
1574 1086 1740 1122 proposito.

319 1142 366 1170 Sic
390 1140 588 1176 Coppenalius
611 1140 712 1168 acriter
729 1147 790 1167 sese
806 1138 952 1174 defendit,
973 1144 1002 1166 et
1022 1138 1157 1174 quidem,
1179 1144 1318 1174 quantum
1335 1138 1466 1174 scimus,
1487 1138 1516 1166 in
1532 1137 1617 1166 docta
1637 1137 1690 1166 hac
1715 1136 1787 1174 lite,

277 1193 393 1231 proprie
418 1192 460 1220 sic
484 1192 579 1226 dicta,
609 1192 729 1219 ultimus
762 1190 821 1218 fuit
843 1198 941 1225 actor3
971 1197 1063 1225 neque
1093 1189 1168 1218 enim
1199 1190 1280 1219 doct.
1318 1190 1448 1226 Aeneae,
1476 1197 1568 1225 neque
1596 1188 1645 1217 alii
1673 1188 1787 1218 cuidam

275 1246 339 1275 viro
356 1245 442 1272 docto
465 1243 634 1279 respondere
658 1241 777 1278 placuit.
818 1241 910 1269 Pauca
927 1241 1040 1276 quidem
1059 1240 1151 1269 adhuc
1173 1241 1286 1270 aliunde
1303 1242 1337 1270 ad
1361 1241 1438 1269 litem
1462 1235 1577 1268 facilius
1601 1240 1787 1270 dirimendam

262 1295 429 1333 >proposita
452 1293 550 1328 fuere,
578 1293 629 1321 sed
657 1293 757 1321 horum
784 1298 914 1320 auctores
945 1292 1018 1327 ipsis
1045 1291 1228 1328 litigantibus
1252 1300 1282 1320 se
1308 1300 1366 1320 non
1401 1292 1628 1323 immiscuerunt.
1678 1291 1789 1329 Operae

275 1353 366 1375 tamen
391 1344 513 1382 pretium
539 1350 604 1377 est,
625 1343 706 1371 etiam
730 1343 797 1371 haec
820 1350 996 1377 memorare,
1019 1343 1097 1377 quod
1116 1342 1204 1370 verbo
1227 1342 1329 1371 fecisse
1350 1341 1505 1371 suffecerit.

317 1397 349 1425 In
371 1396 482 1431 diario,
503 1395 581 1423 dicto
605 1394 778 1423 Letterbodc
801 1403 828 1422 a.
858 1395 927 1422 1808
955 1392 1001 1422 110.
1023 1401 1057 1429 37
1083 1393 1210 1421 occurrit
1235 1402 1299 1429 pars
1323 1393 1462 1429 epistolae
1484 1394 1575 1430 (ι),
1597 1394 1731 1429 quaedam
1753 1391 1790 1423 ad

277 1449 349 1476 hanc
376 1448 453 1475 lirern
479 1444 636 1480 spectantia
666 1445 836 1473 continens:
868 1445 977 1472 scilicet
999 1444 1138 1481 judicium
1163 1445 1198 1471 de
1224 1443 1417 1480 experimento
1446 1444 1592 1480 Boyleano
1614 1451 1641 1472 et
1669 1445 1702 1474 de
1725 1453 1789 1482 gra-

279 1499 417 1527 vitatione
437 1497 588 1525 fluidorum
614 1496 643 1524 in
673 1495 798 1531 propriis
820 1495 895 1523 locis
930 1502 1100 1522 memoratur
1123 1495 1245 1523 Goverti
1268 1496 1301 1523 de
1327 1495 1406 1524 Beer.
1447 1494 1502 1522 Hic
1527 1496 1640 1530 quidem
1669 1495 1789 1532 statuit,

283 1550 369 1578 fluida
395 1550 424 1577 in
449 1546 546 1576 fluidis
569 1546 723 1582 gravitate,
747 1555 780 1575 ex
797 1546 944 1574 communi
964 1545 1103 1582 gravitate
1128 1546 1254 1574 omnium
1279 1554 1451 1582 corporum3
1476 1546 1567 1575 totius
1589 1546 1663 1575 enim
1687 1554 1792 1583 corpo·

279 1601 319 1629 ris
347 1598 515 1636 gravitamis
538 1605 632 1633 partes
659 1597 786 1633 singulas
807 1597 889 1625 etiam
913 1596 1050 1632 gravitate
1067 1604 1182 1624 necesse
1206 1604 1279 1627 esse.
1320 1597 1555 1633 Experimentum
1579 1598 1612 1626 ad
1630 1598 1701 1626 hanc
1724 1604 1790 1626 sen.

283 1651 399 1679 tentiam
431 1649 603 1686 probandam
636 1648 672 1676 ab
705 1649 839 1677 omuibus
869 1647 1002 1684 Physicis
1034 1647 1219 1682 institutum,
1248 1649 1267 1676 i.
1289 1656 1313 1676 e.
1339 1647 1561 1683 experimentum
1596 1647 1790 1684 Boyleanum,

279 1708 338 1730 tum
364 1701 435 1728 hanc
464 1700 652 1734 sententiam,
675 1707 736 1727 tum
762 1699 845 1727 etiam
872 1698 1041 1727 contrariam
1070 1698 1191 1734 probare
1214 1705 1327 1727 censet:
1351 1699 1485 1734 quoniam
1503 1698 1617 1734 proprie
1640 1706 1696 1726 non
1717 1706 1790 1734 aqua

283 1752 313 1780 in
337 1753 454 1788 lagena,
486 1751 536 1779 sed
561 1750 660 1786 lagena
686 1750 715 1778 in
742 1758 815 1785 aqua
841 1751 1026 1785 ponderatur.
1068 1750 1174 1787 Rejicit
1196 1750 1290 1786 itaque
1316 1751 1371 1778 hoc
1401 1750 1642 1786 experimentum,
1668 1749 1717 1777 sed
1741 1757 1789 1777 ne-

286 1811 427 1838 quaquam
456 1802 551 1830 tlusin
578 1802 847 1835 demonstrandam,
880 1801 965 1837 cujus
994 1801 1263 1830 demonstrationem
1287 1801 1430 1837 principio
1457 1800 1605 1834 fundavit,
1634 1800 1723 1828 nullis
1745 1808 1792 1830 cx·

281 1854 447 1890 penitentis
473 1853 645 1888 evertendo,
668 1852 697 1881 iu
719 1860 752 1881 eo
777 1859 894 1881 secutus
917 1860 1054 1889 magnum
1080 1852 1279 1889 Newtonum,
1299 1853 1420 1890 ejusque
1438 1851 1600 1889 judicium,
1623 1851 1702 1887 quod
1728 1859 1789 1879 orn-

1728 1909 1793 1932 nem

307 1981 357 2009 (ι)
377 1980 422 2006 iam
440 1986 506 2007 supra
527 1985 663 2002 memoratae
685 1987 707 2008 p.
722 1985 757 2003 20.
777 1979 804 2002 ln
820 1984 881 2003 nota·
