1913 2417
240 176 262 208 4
374 166 375 169 ’
504 165 654 205 JANI
712 163 1088 196 GUILIELMI
1144 157 1488 193 ERMERINS

248 250 387 287 explicata
419 255 578 278 manserant
614 249 658 277 vel
682 257 696 276 a
718 247 804 276 variis
828 253 854 275 et
879 245 1083 274 diversissimis
1110 244 1205 273 causis
1239 243 1463 272 deducebantur.
1512 242 1668 272 Ratiocinii
1692 251 1752 274 ma.

250 300 395 329 thematici
419 299 625 341 ope-ostendit
651 307 770 334 corpora
795 297 929 339 coelestia
952 297 1040 326 adse
1062 294 1310 339 invicemattralai
1333 295 1363 323 in
1387 294 1497 339 ratione
1519 293 1625 322 directa
1646 303 1752 323 massa-

246 360 308 380 rum
334 357 362 379 et
386 351 496 379 inversa
518 349 719 384 quadratorum
742 345 961 382 distantiarum,
979 345 1139 383 i'dque'non
1158 353 1267 374 tautum
1283 345 1487 381 :pertinerem
1508 353 1662 380 corporum
1678 353 1752 374 mas-

248 411 294 431 sas
319 403 461 438 integras,
483 407 580 427 verum
608 400 642 428 ad
667 399 795 436 singulas
819 399 950 428 minimas
974 398 1089 426 illorum
1108 397 1281 431 moleculas;
1311 403 1398 431 atque
1425 396 1512 432 hujus
1534 395 1617 424 nisus
1637 403 1753 425 causam

246 452 444 482 Atti-actionis
467 450 583 478 nomine
606 450 775 486 designavit.
816 450 1011 478 Attrahuntur
1035 448 1123 484 igitur
1153 448 1282 483 planetae
1307 455 1323 475 a
1353 447 1414 476 sole
1443 447 1473 475 vi
1496 446 1615 481 quadam
1647 455 1757 475 accres-

247 510 328 532 cente
352 502 382 530 in
412 501 520 529 ratione
556 501 755 535 quadratorum
786 498 997 529 distantiarum.
1026 495 1101 528 Jged
1126 498 1362 533 quemadmodum
1388 497 1467 525 nulla
1496 497 1524 525 in
1552 503 1653 525 natura
1681 498 1760 527 actio

248 559 292 582 est
322 552 392 588 quin
424 551 488 587 ipsi·
507 552 612 580 teactio
639 557 824 589 opponatur,
855 551 893 579 ita
924 559 976 579 nec
1003 550 1162 586 putandum
1199 550 1288 577 solem
1319 549 1366 576 hic
1396 554 1506 576 tantum
1537 555 1637 583 agere,
1663 556 1757 584 neque

247 606 396 640 planeta53
428 602 544 637 attrahit
570 603 615 639 sol
637 603 788 638 planetas,
813 608 842 630 at
865 610 981 637 quoque
1004 602 1097 630 eadem
1121 601 1181 637 lege
1213 601 1339 635 planetae
1373 599 1476 633 solem.
1525 598 1650 635 Quaevis
1672 608 1761 635 porro

249 656 362 692 planeta
386 661 457 683 suos
478 654 562 682 habet
588 653 750 688 satellites,
777 652 835 681 imo
858 639 887 680 in
914 652 1015 688 quavis
1041 659 1140 680 ‘eorum
1174 659 1296 686 corpora
1318 655 1423 677 cuncta
1455 649 1551 677 eodem
1585 650 1672 678 modo
1699 658 1764 686 gra-

249 707 353 734 vitant.
394 704 525 733 Miranda
550 704 645 739 itaque
670 704 737 731 llaec
758 704 884 731 Naturae
904 704 949 731 lex
976 703 1083 738 ubique
1109 710 1171 730 sese
1199 700 1381 730 manifestat:
1403 701 1502 728 eodem
1525 700 1611 729 modo
1635 707 1663 729 et
1683 701 1767 739 juxta

251 758 363 785 eaniem
386 756 474 791 legem
500 755 544 783 sol
571 755 599 782 in
628 755 753 789 planetas
777 763 808 782 ac
833 755 923 782 tellus
948 760 1046 782 nostra
1066 753 1096 781 in
1119 761 1238 788 corpora
1262 751 1380 787 quaevis
1400 752 1470 787 agit.

290 807 397 835 Verum
423 807 495 834 enim
519 814 585 833 vero
614 814 672 833 non
698 806 764 834 haec
789 806 882 834 solius
906 812 1026 837 *massae
1052 804 1187 839 corporis,
1212 803 1355 840 cujusque
1383 801 1542 838 proprietas
1566 807 1631 837 est,
1657 794 1713 830 sed>
1728 802 1764 831 ad

257 865 353 886 ornnes
377 863 404 885 et
429 856 558 893 singulas
581 857 643 892 ejus
664 856 820 891 particulas
852 864 939 890 aeque
962 855 1095 890 pertinet.
1145 854 1221 882 Haec
1248 853 1341 881 eadem
1367 853 1440 881 ratio
1461 859 1522 887 est,
1549 861 1606 888 qua
1631 853 1675 881 sol
1700 853 1761 889 pla-

255 916 336 938 netas
358 907 493 942 attrahit,
523 913 550 935 et
581 915 637 942 qua
665 907 795 934 minimae
819 906 941 943 alicujus
974 914 1083 934 massae
1116 904 1274 933 molcculae
1306 912 1336 932 se
1361 904 1492 932 invicem.
1534 904 1610 932 Dum
1643 905 1766 933 duorum

264 967 418 995 corporum
444 957 610 992 superficies
641 957 842 985 sibiinvicem
867 957 1070 992 applicantur,
1098 955 1180 984 facile
1203 956 1318 983 illorum
1342 954 1411 982 unio
1435 954 1564 989 obtinet3
1593 955 1633 982 ita
1659 961 1689 983 ut
1709 963 1769 984 non

257 1010 314 1039 nisi
341 1017 442 1045 magna
472 1008 501 1035 vi
525 1007 625 1035 iterum
659 1008 778 1043 separari
803 1007 935 1043 possint;
968 1007 1046 1042 quod
1069 1006 1098 1034 in
1124 1005 1240 1034 duobus
1264 1004 1367 1033 frustis
1390 1004 1576 1039 marmoreis,
1603 1006 1686 1040 cupri
1710 1012 1767 1036 etc.

258 1061 361 1098 politis
380 1060 559 1090 observatur.
607 1059 647 1086 lta
671 1058 802 1086 immisso
833 1058 862 1086 in
890 1066 990 1092 aquam
1021 1057 1135 1085 metallo
1160 1057 1254 1085 aliove
1279 1064 1425 1098 corpore,
1451 1056 1519 1083 haee
1550 1063 1624 1091 aqua
1646 1055 1702 1092 ipsi
1721 1057 1770 1085 ad.

258 1113 365 1140 haeret.
412 1109 461 1138 Sic
486 1102 596 1137 lamella
622 1108 780 1138 mercuriali
812 1108 968 1136 obducitur
992 1107 1121 1136 frustum
1148 1107 1209 1136 auri
1241 1106 1319 1142 quod
1349 1106 1490 1135 mercurio
1517 1104 1669 1135 illinitur.''
1700 1102 1771 1137 Non

260 1163 350 1199 igitur
374 1160 493 1190 effectus
514 1160 558 1188 vis
581 1159 760 1188 attractionis
787 1165 896 1187 tantum
919 1159 947 1187 in
969 1167 1003 1187 eo
1029 1166 1058 1186 se
1080 1158 1254 1192 ostendunt,
1275 1157 1355 1192 quod
1377 1158 1503 1192 planetae
1526 1158 1561 1186 ad
1584 1159 1696 1194 solem,
1717 1159 1775 1188 hae
1812 1176 1816 1180 ·

260 1215 297 1242 ad
320 1221 350 1241 se
372 1212 495 1240 invicem
518 1217 544 1239 et
567 1219 689 1246 corpora
710 1211 744 1238 ad
762 1217 828 1238 suas
851 1211 969 1238 tendant
994 1210 1143 1245 planem,
1167 1208 1217 1236 sed
1240 1209 1271 1236 in
1293 1207 1327 1236 iis
1352 1209 1447 1236 omnia
1471 1217 1588 1244 quoque
1611 1216 1639 1238 et
1658 1209 1773 1247 singula

261 1272 383 1300 corpora
406 1263 443 1291 ad
467 1270 496 1290 se
520 1261 642 1290 invicem
663 1261 865 1297 adducuntur3
887 1267 913 1289 et
931 1261 1064 1296 quamvis
1081 1261 1111 1288 in
1135 1260 1188 1288 hac
1215 1258 1314 1287 intima
1338 1259 1452 1288 actione
1473 1261 1582 1288 easdem
1607 1260 1682 1298 leges
1699 1269 1774 1290 non·-
1795 1265 1799 1268 “

265 1317 332 1342 dum
356 1315 482 1349 detegere
505 1313 653 1348 potuerint
675 1311 812 1347 Plrysici,
835 1318 927 1340 tamen
954 1312 1048 1347 quoad
1072 1311 1191 1339 effectus
1221 1317 1248 1338 et
1276 1318 1389 1339 causam
1410 1310 1486 1339 idem
1510 1311 1634 1341 videtur.
1677 1307 1782 1350 Affinlss

263 1369 389 1393 nitatem
409 1364 481 1391 lianc
507 1362 562 1390 vim
589 1368 773 1391 vocaverunt.
823 1362 851 1390 Is
877 1363 951 1391 enim
982 1370 1093 1398 semper
1118 1361 1309 1397 physicorum
1340 1360 1397 1389 fuit
1425 1369 1505 1397 mos,
1537 1370 1633 1398 neque
1654 1363 1776 1392 omnino

262 1414 488 1451 improbandus,
513 1413 592 1449 quod
617 1413 666 1441 ubi
691 1413 886 1448 phaenomena
910 1420 958 1441 ant
982 1413 1057 1441 vires
1078 1411 1239 1446 differrent,
1270 1411 1337 1439 licet
1363 1421 1397 1441 ex
1419 1413 1519 1441 eodem
1539 1412 1623 1441 fonte
1644 1421 1775 1449 repeten-

267 1468 301 1495 da
324 1466 505 1499 viderentur,
528 1463 700 1492 nominibus
721 1463 842 1491 diversis
869 1463 1114 1500 significaverint,
1135 1471 1170 1491 ne
1194 1462 1268 1490 inter
1285 1470 1318 1490 se
1338 1462 1584 1492 confunderentur
1606 1471 1636 1492 ea
1653 1465 1687 1493 de
1704 1463 1779 1500 qu'o'·

264 1525 326 1545 rum
350 1523 449 1544 natura
473 1521 501 1543 et
525 1515 620 1543 indole
647 1515 773 1543 nondum
807 1521 886 1543 certo
915 1520 1071 1543 constaret.
1113 1513 1194 1541 Hanc
1224 1513 1432 1542 Attractionem
1466 1515 1618 1550 specialem
1646 1516 1781 1553 Affinita-

267 1575 327 1597 tem·
348 1567 548 1595 molccularem
569 1566 703 1594 dixerunt
730 1566 817 1600 quasi
839 1566 886 1594 hic
911 1565 1011 1594 intima
1031 1565 1123 1601 magis
1147 1564 1276 1593 obtineat
1296 1565 1477 1601 conjunctio.
1518 1565 1723 1595 Distinxerunt
1747 1566 1780 1596 in

264 1619 438 1648 Affinitatem
463 1617 624 1645 Chemicam
647 1616 713 1646 sive,
740 1616 943 1644 molecularem
967 1617 1029 1644 sive
1048 1617 1258 1654 compositionis
1282 1621 1309 1644 et
1333 1615 1486 1652 physicam
1509 1616 1569 1645 sive
1592 1612 1783 1654 aggregatio}

265 1672 308 1698 m's
335 1677 407 1704 quae
430 1675 456 1696 et
482 1668 657 1696 cohaesionis
687 1675 792 1695 nomen
826 1666 928 1702 habet,
958 1668 1026 1695 dum
1059 1675 1108 1703 per
1138 1667 1313 1695 Affinitatem>
1347 1668 1449 1697 stricte
1476 1668 1579 1697 dictam
1611 1668 1785 1704 saepiat-»ime¹

268 1721 421 1748 ehemicam
447 1720 622 1755 intelligunt.
664 1719 726 1746 Ηαε
751 1718 779 1746 vi
805 1725 911 1746 arctatn
943 1718 1020 1746 illam
1043 1725 1070 1746 et
1101 1718 1273 1754 reciprocam
1308 1719 1542 1754 conjunctionem
1578 1718 1675 1755 peragi
1703 1718 1777 1748 dici·

271 1779 335 1799 mus
359 1779 443 1806 quam
470 1771 498 1798 in
520 1769 697 1805 compositis
715 1768 853 1796 chemicis
872 1768 1077 1805 observamus;
1101 1770 1134 1797 de
1158 1778 1213 1806 qua
1237 1777 1369 1798 summus
1390 1769 1587 1798 Boerhaavt'us
1608 1770 1672 1806 (2)
1690 1769 1792 1805 dixit3<

271 1831 325 1849 non
347 1823 469 1849 actiones
503 1821 682 1848 mechanicas
710 1829 765 1847 non
788 1820 984 1857 propulsioncs
1011 1820 1150 1850 violentas
1182 1829 1238 1848 non
1263 1821 1434 1849 inimicitias
1463 1819 1630 1857 cogitandas
1654 1829 1710 1848 esse
1730 1819 1782 1848 sed

274 1873 455 1907 amicitiam,
482 1874 507 1900 u·
535 1880 619 1900 amas·
640 1870 775 1899 dicendas
803 1871 897 1908 copula·
926 1871 1038 1910 cupido.
1086 1872 1162 1901 Cum
1187 1871 1276 1908 igitur
1306 1880 1322 1900 a
1344 1870 1425 1900 Nob.
1452 1870 1598 1900 Facultate
1628 1871 1787 1908 proposita*

1750 1927 1795 1952 stt

299 1985 352 2015 (α)
371 1985 425 2011 vid.
447 1985 530 2008 amir.
549 1985 623 2008 Elem.
643 1985 720 2009 ehem.
744 1989 802 2013 pan.
817 1985 845 2009 n.
868 1986 896 2008 de
921 1985 1047 2009 mentuun-
