1913 2417
260 178 318 221 Ἧι
675 186 702 216 s.
786 194 854 215 nx„-
936 183 1341 222 GELD·ER‚

273 275 445 317 quamdam
481 276 676 319 pressionem
715 277 749 308 in
783 276 982 309 obstaculum
1017 276 1148 319 aliquod
1179 276 1321 315 effioere;
1353 276 1387 307 in
1421 276 1606 319 posteriori,
1640 276 1747 317 vires,

267 323 368 373 Quae>
385 333 418 362 in
447 332 609 375 quoddam
636 344 752 372 corpus
776 341 894 376 agunt,
923 343 1048 375 semper
1075 333 1115 363 ad
1141 334 1268 364 unicam
1292 331 1453 375 quandam
1486 334 1551 363 vim
1587 332 1746 364 reducun-

272 392 343 425 tur,
364 388 540 419 secundum
564 390 661 431 cujus
692 387 880 427 efficaciam,
914 390 949 420 in
971 389 1188 425 immutabili,
1216 389 1286 419 sive
1312 387 1456 419 mutabili
1485 387 1659 420 directione
1689 400 1745 432 per

265 444 410 485 'spatium
439 451 597 476 movetur.
649 446 726 474 Fam
753 445 950 475 omnemne
974 445 1106 475 'viribus
1135 444 1314 475 doctrinam
1353 444 1488 486 primam
1524 444 1747 488 principalem.

266 509 345 541 que<
362 500 557 537 Matheseos,
588 510 670 543 quae
704 499 878 543 applicatae
907 500 1050 539 dicitur,
1083 507 1207 543 partem·
1231 501 1426 532 constituere
1459 500 1655 532 censendum
1680 508 1746 540 est,

264 565 368 597 quam
390 566 408 586 e
436 556 585 598 Physica,
609 556 832 597 experimentis
858 556 1035 595 illustrata,
1069 556 1317 598 distinguimu83
1349 556 1445 598 quia,
1476 567 1578 599 quae,
1611 568 1672 600 ope
1696 569 1744 589 ra-

266 612 486 642 ¹tiocinationis
508 612 639 642 inventa
671 611 750 650 sine,
774 611 973 644 coufirmat„
1007 614 1063 644 Est
1093 613 1191 655 igitur
1217 622 1268 642 ars
1295 610 1425 642 effectus
1450 612 1595 655 plurium
1618 614 1654 644 in
1681 625 1746 645 cor·

266 675 346 709 pore
376 667 492 697 virium
508 691 517 705 ,
549 668 617 699 sive
639 667 737 698 semel
766 668 1011 708 imnressarum,
1041 669 1108 700 sive
1134 669 1169 700 in
1196 667 1249 704 id,
1278 668 1347 698 sine
1374 668 1628 707 intermissione,
1649 679 1745 712 agen·
1778 673 1788 680 '

268 723 372 760 tium,
396 721 646 760 determinandi,
670 730 765 765 atque
787 724 1022 767 investigandi,
1045 731 1100 755 aut
1126 734 1207 766 quae
1233 726 1297 756 sint
1323 724 1442 754 virium
1465 723 1644 766 aequilibtii
1664 735 1744 756 con-

266 777 427 818 ditiones;
449 786 524 816 aut,
557 779 746 821 aequilibrio
770 791 837 811 non
858 782 1037 819 existente,
1069 790 1226 822 quaenam
1251 780 1291 810 sit
1320 786 1427 810 motus
1457 787 1589 817 natura;
1622 780 1655 811 id
1679 787 1743 819 eso,

267 845 351 877 quae
379 835 412 865 in
439 834 529 865 omni
553 834 674 866 orbitae
711 843 854 878 puncto,
884 848 940 879 per
977 846 1075 867 omne
1111 836 1263 877 temporis
1293 843 1451 878 punctum
1475 836 1631 867 directio?
1661 847 1743 878 quae

266 890 438 922 velocitas?
482 892 537 921 Est
558 901 626 929 ars,
657 892 729 930 cui,
762 903 988 924 new‘ronus
1015 893 1248 935 principiorum
1277 893 1574 923 mathematicorum
1601 891 1744 933 philoso-

266 946 362 990 phiae
390 947 542 979 naturalis
571 959 690 980 nomen
718 949 889 991 imposuit,
923 960 1020 992 quam
1050 949 1102 979 alii
1126 950 1313 979 Geometrae
1339 958 1375 979 ac
1403 947 1590 990 Philosophi
1614 948 1742 983 Mecha-

267 1003 371 1033 nicam
401 1005 590 1041 nominant,
618 1015 752 1046 eamque
777 1006 813 1036 in
839 1007 1007 1046 Saiticam,
1044 1004 1319 1048 Hydrostaticam‚
1351 1004 1583 1046 Dyuamicam,
1608 1003 1741 1047 Hydra»,

264 1057 468 1101 dynamicam
494 1061 562 1091 sive
585 1060 808 1102 Hydraulicam
827 1061 1035 1093 distribuunt.

266 1118 269 1123 ⁴
310 1116 448 1146 Naturae
478 1116 561 1158 leges
591 1117 648 1158 qui
678 1117 868 1159 perscrutari
898 1116 1077 1153 desiderat,
1107 1118 1139 1147 ei
1161 1125 1244 1158 opus
1270 1121 1342 1154 est,
1375 1121 1411 1146 ut
1441 1125 1538 1158 quam
1572 1116 1742 1159 diligenter

264 1168 369 1214 ipsam
397 1177 544 1202 naturam
570 1171 739 1202 consuler:
770 1179 818 1203 est
853 1173 942 1203 enim
976 1173 1010 1203 in
1039 1173 1107 1215 ipsa
1131 1178 1265 1210 natura,
1304 1182 1371 1202 non
1398 1182 1475 1202 vero
1499 1171 1533 1202 in
1556 1172 1738 1214 sophisticis

266 1237 426 1270 nugarum
459 1227 748 1270 disputationibus,
779 1228 815 1258 in
838 1239 922 1271 qua,
946 1235 1097 1271 tanquam
1123 1229 1158 1259 in
1185 1228 1296 1259 codice
1325 1227 1465 1269 scripto,
1498 1226 1602 1269 legere
1626 1227 1741 1259 debea-

265 1293 356 1322 mus,
386 1290 423 1314 ut
449 1284 519 1326 ejus
550 1284 635 1327 leges
662 1293 854 1327 normasque
889 1284 965 1317 inde
1003 1295 1259 1327 cognoscamus:
1290 1289 1365 1314 sunt
1398 1282 1653 1323 observationes,
1681 1294 1739 1327 pet·

265 1340 405 1382 optimas
433 1340 687 1372 circumstantias
711 1344 886 1384 peractae,
906 1347 1002 1384 atque
1031 1342 1245 1384 experimenta
1276 1340 1434 1382 sapienter
1460 1339 1625 1381 instituta,
1655 1350 1738 1382 quae

265 1396 428 1426 veritatem
453 1407 471 1428 e
494 1396 628 1440 caligine
652 1398 688 1429 in
722 1397 826 1429 lucem
857 1395 1039 1440 proferant:
1073 1397 1180 1440 atqui,
1212 1402 1371 1438 sapienter
1400 1395 1589 1434 observare,
1614 1398 1738 1439 experts

264 1457 372 1481 menta
401 1451 531 1483 feliciter
559 1454 724 1485 instituere
742 1477 752 1492 ‚
784 1454 880 1485 etiam
908 1460 989 1485 artes
1015 1464 1099 1491 esse,
1132 1454 1204 1496 quis
1230 1451 1449 1484 dubitaverit?
1493 1455 1646 1484 Summus
1664 1453 1736 1487 Phi,—

263 1505 443 1549 losophus,
480 1519 745 1548 NEW'rowus,
783 1512 925 1552 optimus
961 1511 1109 1541 omnium
1142 1509 1333 1552 sapientium
1367 1509 1636 1551 philosophorum
1668 1519 1735 1540 ma·

263 1564 378 1604 gister,
403 1564 525 1606 primus
554 1565 696 1607 regulam
723 1567 906 1609 praecepit,
937 1576 1073 1608 eamque
1103 1566 1242 1597 veritatis
1277 1565 1489 1606 assequendae
1522 1566 1607 1596 viam
1640 1575 1735 1603 esse,

263 1619 361 1649 totius
384 1619 499 1650 saeculi
525 1620 727 1664 praeterlapsi
749 1622 943 1665 experientia
965 1620 1169 1652 confirmavit
1185 1631 1205 1651 ε-
1224 1627 1270 1651 est
1297 1630 1346 1650 ars
1361 1643 1371 1657 ‚
1403 1620 1456 1650 cui
1476 1622 1622 1651 sunosint
1645 1631 1735 1662 prae-
1757 1621 1760 1630 “

262 1681 372 1716 cepta,
395 1685 412 1704 a
437 1677 579 1718 magistri
604 1679 682 1708 tanti
710 1678 945 1710 successorihus
965 1677 1116 1714 collecta,
1146 1683 1241 1719 atque
1267 1687 1284 1706 a
1307 1677 1510 1718 sagacissimo
1538 1685 1735 1706 samnin-

264 1739 334 1760 nto
367 1731 400 1761 in
435 1731 733 1764 excellentissimum
761 1734 989 1776 compendium
1029 1733 1165 1766 redacta.
1226 1732 1287 1764 Sed
1318 1741 1529 1774 quaecunque
1565 1730 1732 1762 observata

263 1791 321 1814 aut
345 1793 472 1828 experta
507 1789 594 1826 sint,
633 1789 679 1819 nil
713 1800 749 1820 ea
780 1790 949 1829 valerent,
981 1791 1043 1822 nisi
1077 1790 1246 1833 diligenter
1278 1794 1484 1829 accurateque
1523 1789 1732 1830 perpendere-

264 1850 354 1877 mus,
381 1842 501 1873 nullam
539 1843 633 1874 nobis
659 1846 867 1877 universalem
903 1857 939 1878 ac
971 1847 1155 1878 distinctam
1184 1845 1348 1877 notionem
1375 1842 1575 1885 praeberent3
1608 1854 1641 1875 re
1664 1853 1733 1886 ipsa

263 1897 379 1937 igitur,
418 1898 545 1938 videtis,
579 1899 746 1932 Auditores
773 1891 1013 1945 spectatissimi!
1044 1913 1112 1934 esse
1142 1900 1356 1933 Geoinetriam
1385 1900 1520 1941 ejusque
1549 1901 1732 1932 auxiliariae

260 1958 360 1992 anes»
388 1965 523 1996 quarum
552 1966 631 1998 ope,
662 1967 681 1988 e
713 1958 822 1990 multis
856 1959 1006 2002 dispersis
1037 1957 1297 2002 stupendumque
1331 1957 1365 1988 in
1401 1954 1536 1989 modum
1575 1956 1659 1987 inter
1693 1965 1729 1987 se

1651 2021 1730 2044 cou-
