1913 2417
256 122 544 156 RESPONsto
573 132 623 154 An
652 120 1021 163 QUAESTIONEM
1050 121 1484 165 HYDR'OSTATICAM.
1590 144 1627 174 ,μ

119 211 151 249 j.
176 209 334 241 Bernouilli
359 209 429 247 (1)
453 209 616 239 ostendisse
636 215 736 237 contra
761 207 946 242 Ricciolum,
973 207 1151 244 Sturmium,
1179 210 1237 238 imo
1259 218 1358 241 contra
1381 213 1516 250 Boyleum
1543 218 1626 255 (2),

119 262 242 292 vesicam
268 261 323 290 aeri
344 261 527 298 ponderando
550 260 672 296 ineptam
695 267 780 295 esse3
811 259 860 287 sed
882 259 985 287 mirum
1009 259 1066 295 ipsi
1090 260 1227 297 videtur,
1256 264 1334 298 quod
1358 263 1430 294 hanc
1457 275 1535 296 suam
1555 276 1625 297 con.

121 315 284 343 elusionem
308 321 366 342 non
386 312 474 340 latius
499 311 672 346 extenderit,
693 319 760 339 cum
782 308 898 346 proprie
919 309 989 338 a'e'ris
1010 311 1133 347 gravitas
1156 320 1211 348 ope
1234 313 1387 350 globorum
1415 315 1569 348 vitreorum
1594 320 1624 348 in

111 367 180 395 aere
201 371 288 400 aeque
311 363 408 392 minus
431 362 581 399 ponderari
605 362 711 398 possit.

156 417 238 445 Hanc
265 414 377 451 quidem
402 414 437 442 de
460 413 607 449 pressione
631 412 784 442 fluidorum
811 412 841 442 in
858 412 984 450 propriis
1005 413 1078 442 locis
1100 415 1267 444 sententiam
1297 417 1391 447 tuitus
1412 425 1456 448 est
1477 419 1527 450 Cl.
1553 419 1628 449 Hes·

113 466 219 498 selink.
259 466 330 495 Non
354 473 422 494 vero
444 464 486 493 sic
507 464 642 493 omnibus
657 465 819 501 placuisse,
839 465 897 501 jam
916 472 1002 500 supra
1019 465 1106 494 verbo
1131 469 1314 505 monuimus;
1338 478 1406 500 mox
1428 470 1504 500 enim
1528 472 1626 509 ipsum

110 517 294 556 oppugnavit
331 517 410 545 doct.
439 523 494 545 van
520 515 649 544 Marum.
690 515 845 545 Videamus
873 523 940 553 ergo
963 516 1088 551 primum
1115 517 1202 554 hujus
1223 521 1494 552 animadversiones.

153 570 241 600 Doct.
266 576 323 598 van
349 567 465 596 Marum
491 567 631 596 sententia
653 567 717 604 (3)
747 567 850 595 nititur
875 568 903 604 S.
927 574 995 605 1411
1026 567 1167 604 Physices
1197 570 1412 602 Elementorum
1443 573 1628 602 Mathemati-

116 629 218 651 corum
243 620 294 651 cl.
318 619 342 648 ’s
359 618 568 654 Gravesandii,
592 618 642 647 u'oi
665 618 721 647 ait:
753 638 770 653 „
787 614 888 647 Fluida
911 624 939 646 et
965 626 999 647 eo
1023 627 1089 648 cum
1113 622 1286 657 corporibus
1313 623 1415 653 solidis
1438 631 1625 661 congruunt,

114 674 194 709 quod
225 676 362 701 constant
386 666 422 699 ex
455 670 607 707 particulis
634 669 788 706 gravibus,
818 670 986 706 gravitatem
1013 671 1145 700 materiae
1177 674 1331 709 quantitati
1359 675 1629 711 proportionalem,

115 723 284 759 ubicunque
309 721 440 758 positae,
469 721 651 750 habentibus.
692 720 722 749 Si
747 721 774 750 in
801 721 866 757 ipso
896 720 987 750 fluido
1011 722 1136 757 gravitas
1164 724 1309 753 sensibilis
1339 733 1398 754 non
1430 726 1488 761 sit,
1517 727 1573 755 hoe
1596 734 1631 755 ex

117 782 153 804 eo
185 774 296 808 oritur,
325 773 403 808 quod
429 778 525 808 partes
551 772 702 800 inferiores
719 771 896 807 superiores
929 772 1113 808 sustineant,
1140 773 1250 811 hasque
1277 775 1445 805 descendere
1474 783 1598 806 arceant.
1609 777 1629 788 ''

113 824 171 854 His
193 823 289 853 verbis
314 823 419 852 clarius
441 831 499 851 rem
526 822 646 858 exprimi
670 830 729 851 non
749 829 837 858 posse
859 822 960 851 asserit
986 831 1041 852 van
1060 823 1197 860 Marum,
1219 826 1286 854 dum
1310 827 1409 856 ultIma
1434 827 1518 857 verba
1541 828 1629 856 simul

115 876 253 905 rationem
283 874 428 903 veteribus
453 874 631 911 incognitam
654 872 826 910 continent,
856 882 943 910 quare
973 876 1089 912 pondus
1115 876 1283 911 quantitatis
1313 877 1393 906 fluidi
1415 886 1430 906 a
1456 887 1539 907 manu
1570 887 1631 908 non

112 927 273 961 sentiamr,
295 925 430 961 quamdiu
451 926 506 954 hoc
522 934 538 954 a
552 925 643 955 fluido
658 926 784 963 ejusdem
802 926 911 963 generis
926 925 1131 955 circumdatur.
1159 927 1199 956 Et
1215 928 1281 956 haec
1296 927 1449 964 explicatio
1467 930 1537 958 adeo
1555 930 1631 959 clara

116 976 177 1013 ipsi
197 977 333 1013 videtur,
356 984 389 1007 ut
411 986 470 1007 non
494 978 551 1007 nisi
573 978 630 1013 iis,
658 979 708 1013 qui
731 977 760 1006 in
782 978 866 1005 rebus
892 977 1028 1013 Physicis
1051 978 1148 1006 omnia
1172 978 1373 1014 experimentis
1398 979 1565 1009 confirmata
1587 980 1635 1009 vi-

118 1028 183 1057 dere
206 1035 321 1064 amant,
341 1029 564 1066 experimentum
587 1028 730 1065 quoddam
752 1027 950 1064 probatorium
974 1028 1143 1057 Institutum
1162 1027 1255 1057 fuisse
1276 1030 1387 1065 credat,
1417 1031 1496 1065 quod
1518 1031 1634 1066 quidem

112 1079 340 1116 experimentum
365 1088 431 1116 prae
452 1081 517 1109 aliis
537 1081 659 1109 electum
683 1078 740 1108 fuit
771 1079 958 1116 Boyleanum.
993 1079 1057 1116 Jam
1079 1087 1147 1108 vero
1177 1079 1256 1109 doct.
1283 1089 1338 1110 van
1361 1081 1476 1110 Marum
1501 1089 1561 1111 non
1582 1090 1633 1111 ne-

114 1136 163 1168 gat
188 1131 407 1167 explicationem
420 1152 430 1168 ,
452 1138 538 1167 quam
564 1130 766 1167 Hesselingius
790 1131 881 1168 hujus
904 1129 1090 1167 experimenti
1109 1130 1240 1166 dederat,
1261 1130 1333 1160 bene
1354 1140 1416 1161 sese
1440 1131 1561 1168 habere,
1582 1139 1635 1168 at,

119 1180 334 1218 nihilominus,
356 1188 384 1211 et
405 1182 522 1212 solitam
548 1183 611 1220 ejus
633 1181 851 1218 explicationem
876 1181 995 1211 omnino
1017 1181 1112 1211 valere
1131 1180 1277 1218 defendit;
1307 1182 1491 1218 quamobrem
1515 1192 1566 1212 nec
1589 1192 1634 1212 er-

115 1232 261 1267 raverint,
290 1239 441 1268 quotquot
463 1241 522 1262 eam
546 1233 638 1262 secuti
664 1232 792 1268 fuerint,
819 1240 871 1262 nec
899 1238 1039 1268 sequatur
1063 1240 1097 1261 ex
1118 1240 1149 1261 ea
1178 1232 1336 1268 quidquam
1361 1234 1397 1262 ad
1422 1233 1637 1272 infringendam

117 1281 211 1319 legem
238 1282 496 1319 Hydrostaticam‚
517 1283 604 1312 fluida
627 1284 766 1319 gravitate
788 1283 818 1312 in
839 1282 938 1312 fluidis
960 1283 1160 1320 homogeneis.
1203 1283 1316 1312 Idcirco
1338 1289 1366 1312 et
1389 1283 1470 1314 doct.
1493 1293 1548 1315 van
1570 1285 1637 1315 Ma-

111 1340 177 1362 rum
201 1332 371 1362 sententiam
395 1334 430 1362 de
455 1333 553 1362 fluidis
583 1332 792 1370 gravitantibur
822 1333 853 1362 in
882 1334 1010 1370 propriis
1034 1334 1110 1363 locis
1134 1332 1282 1370 defendit,
1309 1333 1444 1371 quoniam
1473 1335 1542 1365 haec
1567 1335 1638 1365 fun·

112 1384 251 1414 damentis
275 1383 380 1412 nititur
401 1383 595 1420 firmissimis,
624 1392 717 1420 neque
741 1392 813 1413 vero
839 1385 1054 1421 experimento,
1085 1394 1119 1414 eo
1139 1392 1251 1414 tantum
1274 1386 1402 1415 consilio
1422 1386 1578 1421 instituto,
1601 1392 1633 1414 ut

117 1443 164 1464 res
185 1435 220 1463 ad
244 1442 364 1464 sensum
388 1435 641 1465 demonstraretur.
679 1435 732 1464 llla
757 1435 856 1470 itaque
886 1435 1070 1465 fundamenta
1098 1437 1132 1464 ab
1165 1437 1348 1473 Hesselingio
1378 1437 1528 1465 evertenda
1557 1436 1633 1465 fuis-

117 1492 202 1521 sent,
231 1486 256 1514 si
277 1485 370 1514 thesin
395 1486 432 1514 iis
464 1492 690 1522 superstructam
722 1490 847 1514 evertere
877 1487 1031 1515 voluisset.
1079 1487 1194 1516 Idcirco
1226 1487 1350 1523 primum
1382 1487 1636 1516 demonstrandum

117 1536 212 1572 foret,
234 1536 402 1573 gravitatem
424 1544 484 1565 non
513 1545 577 1565 esse
600 1536 803 1573 proprietatem
830 1536 992 1565 universam
1022 1545 1087 1565 cum
1109 1537 1292 1573 solidorum,
1323 1544 1383 1566 tum
1410 1535 1584 1573 fluidorum,
1606 1538 1637 1566 in

115 1595 293 1623 quocunque
321 1593 400 1616 statu
423 1593 594 1622 occurrant3
624 1593 650 1615 et
673 1586 758 1622 dein,
786 1595 921 1623 eausam,
952 1595 1038 1624 quam
1073 1587 1098 1617 ’s
1116 1587 1330 1618 Gravesandius
1355 1588 1462 1624 aliique
1483 1588 1568 1624 dant,
1597 1586 1635 1617 ob

119 1645 205 1674 quam
232 1637 338 1671 fluida,
360 1637 415 1665 etsi
439 1645 535 1665 revera
560 1638 720 1673 gravitent,
741 1646 800 1667 non
821 1644 914 1667 tamen
940 1638 970 1668 in
991 1639 1090 1668 fluidis
1111 1640 1276 1677 gravitatem
1300 1645 1430 1669 exserant
1453 1639 1637 1675 sensibilem,

120 1689 203 1718 nullo
230 1687 286 1717 niti
307 1686 507 1720 fundamento.
548 1687 635 1726 Quod
659 1688 750 1718 facere
773 1689 923 1726 voluisse,
944 1690 979 1720 ad
999 1690 1122 1720 absurda
1142 1698 1271 1727 quaeque
1295 1690 1419 1720 duceret.

1547 1739 1637 1777 Quod

147 1827 201 1856 (ι)
222 1828 270 1851 vu.
289 1828 390 1851 Examen
412 1831 441 1852 de
460 1831 481 1852 la
507 1828 606 1853 muniere
626 1831 654 1853 de
673 1836 742 1859 pesen-
763 1830 812 1854 1’alr
827 1832 882 1855 dans
901 1837 946 1855 nne
965 1830 1055 1859 venie,
1077 1831 1167 1858 envoye
1188 1830 1201 1852 ὲ
1220 1830 1264 1854 Mr.
1283 1828 1365 1853 l’Abbe
1390 1829 1419 1852 de
1438 1829 1458 1852 la
1481 1827 1581 1856 Roque,
1602 1827 1636 1849 in-

119 1868 254 1891 veniendum
274 1869 296 1891 in
317 1871 396 1898 Journ.
418 1871 457 1892 des
479 1872 574 1898 Senvans
595 1873 638 1895 Ao·
659 1872 722 1900 1625.
747 1881 770 1902 p.
785 1879 835 1901 304.

147 1909 199 1937 (ι)
223 1911 261 1937 qui
281 1910 415 1934 contrarium
437 1917 515 1934 tuetur
532 1914 555 1935 ln
575 1913 660 1941 Proleg.
679 1915 756 1938 Parad.
775 1915 884 1942 Hydrost.

128 1943 197 1979 ’(ι)
220 1949 242 1972 in
261 1950 353 1978 eplntol.
374 1954 401 1975 ad
422 1953 549 1980 Hesseling·
569 1955 631 1977 laud·
