1913 2417
679 191 1070 225 onix‘rio.
1596 194 1613 236 7'

127 303 156 326 ie
181 294 308 326 nullum
335 299 397 324 tam
428 293 581 325 idoneum
612 292 759 330 videtur,
792 303 890 335 quam
929 292 1073 324 doctrina
1105 302 1242 324 morum.
1298 294 1387 324 Hanc
1410 293 1509 336 ipsam
1537 303 1608 324 sen·

127 352 279 390 tentiam,
310 362 406 393 quam
437 362 511 382 cum
549 350 691 382 maxime
730 350 957 392 pronuntiavi,
992 361 1059 380 non
1093 360 1219 393 semper
1248 360 1355 392 neque
1389 349 1429 382 ab
1455 350 1607 381 omnibus

126 415 288 451 receptam
321 418 408 444 esse,
443 406 526 438 haud
564 408 689 450 ignoro.
742 407 928 449 Unicuique
958 405 1036 437 adeo
1061 417 1118 437 sua
1144 407 1245 449 ipsius
1285 406 1343 437 hac
1374 406 1414 437 de
1437 418 1471 438 re
1494 407 1606 450 opinio

127 466 349 509 permittatur,
374 463 465 495 liceat
485 464 582 502 mihi,
607 463 778 496 Audite-res
792 462 1050 494 Honoraussimi!
1081 462 1202 505 aliquot
1223 462 1320 505 hujus
1336 464 1511 495 sententiae
1531 474 1604 506 pro-

130 521 234 554 banda
258 527 445 563 argumenta
472 520 594 552 afferre.
641 520 737 560 Quod
764 530 838 551 cum
863 519 1004 550 facturus
1022 519 1102 558 sim,
1128 520 1264 551 minime
1288 520 1331 551 ita
1355 531 1469 563 agam,
1494 526 1528 551 ut
1552 523 1606 550 aut

126 590 296 621 provocem
334 578 372 608 ad
405 577 540 620 alicujus
568 578 636 608 Vhi
664 578 755 608 Docti
784 576 1022 612 auctoritatem,
1057 583 1110 608 aut
1144 576 1310 607 historiam
1341 578 1387 608 rei
1414 588 1606 620 persequar,

128 635 181 666 sed
214 645 316 665 meam
342 634 400 665 linc
425 634 464 665 de
490 645 524 665 re
555 633 812 677 qualemcunque
842 633 1079 676 persuasionem
1116 634 1257 676 ingenue
1292 633 1467 676 profitebor
1494 640 1526 664 et
1553 644 1605 664 ex-

123 702 260 734 ponam,
296 693 503 734 impenseque
531 691 698 733 gaudebo,
728 693 754 723 si
784 690 817 721 id
839 691 950 722 Vestra
979 688 1154 720 attentione
1188 689 1344 721 benevole
1377 689 1603 732 dignabimini.

168 750 286 779 Ansam
316 747 413 789 hujus
439 749 606 785 materiae,
632 758 729 789 quam
761 747 932 791 pro-posui,
964 745 1204 788 pertractandae
1237 745 1319 777 mihi
1350 745 1499 789 praebuit
1533 757 1607 777 mu·

125 815 188 834 nus
219 803 405 835 Professoris
439 802 710 840 Extraordinarii,
741 813 810 845 quo
844 805 912 834 Rex
938 808 1046 832 noster
1076 803 1333 844 Angustissimus
1369 814 1420 833 me
1460 804 1605 842 ornavit,

123 866 249 903 recepto
272 870 360 890 more
385 859 464 890 illud
493 860 619 891 solenni
651 860 796 890 oratione
829 857 1084 900 auepieandum3
1116 859 1203 901 quod
1235 866 1462 902 argumentum
1489 871 1528 891 eo
1554 860 1604 891 lu-

124 915 253 948 bentius
281 915 360 946 mihi
384 916 566 958 eligendum
589 918 720 955 censui,
744 926 811 959 quo
838 926 938 957 magis
965 915 1084 956 negotii
1106 915 1188 946 mihi
1210 916 1393 948 demandati
1418 918 1519 955 ratio,
1543 917 1603 947 do·

124 972 280 1015 cendique
316 974 501 1015 injunctum
528 973 675 1006 officium
711 973 750 1004 ad
783 972 865 1003 hanc
893 970 1084 1013 Theologiae
1116 979 1239 1015 partem
1278 974 1463 1016 primariam
1495 974 1604 1017 proxi-

126 1039 178 1060 me
200 1037 328 1072 spectat.

140 1117 145 1120 ,
166 1086 210 1117 Ut
234 1087 332 1129 igitur
353 1097 405 1125 ea,
428 1097 511 1128 quae
532 1086 630 1129 hujus
655 1087 848 1117 sententiae:

274 1201 460 1230 Doctrilzam
483 1210 612 1231 morum
632 1210 694 1230 esse
717 1199 879 1231 universae
904 1197 1102 1241 leeologiae
1112 1197 1396 1239 ficndamentum‚

121 1308 306 1353 probandae
332 1323 424 1344 causa
451 1323 523 1344 sum
551 1313 694 1345 dicturus
709 1334 721 1351 ‚
756 1311 849 1342 solita
870 1311 987 1353 Vestra]
1007 1312 1208 1355 indulgentia
1241 1323 1467 1357 propensoque
1494 1313 1603 1346 favore

122 1367 286 1410 excipiatis
323 1378 359 1400 ae
394 1369 596 1411 dijudicetis,
630 1372 714 1408 Vos,
748 1368 926 1400 Auditores
957 1369 1223 1402 Honoratissimil
1252 1371 1347 1401 etiam
1378 1378 1473 1415 atque
1504 1373 1603 1403 etiam

93 1428 96 1431 ’
122 1433 223 1466 tog03
243 1430 275 1455 et
298 1435 365 1456 non
389 1436 469 1468 rogo
495 1427 620 1464 solum,
653 1426 708 1457 sed
738 1426 809 1468 jure
834 1425 974 1468 quodam
1003 1436 1075 1457 meo
1109 1426 1142 1457 id
1172 1427 1212 1458 ab
1237 1428 1346 1470 aequis
1369 1427 1532 1469 judicibus
1557 1429 1601 1460 ita

122 1488 247 1521 sperare
267 1480 388 1519 audeo,
413 1489 449 1513 ut
478 1483 673 1514 eruditionis
702 1481 847 1513 conditio
884 1483 989 1512 tenuis
1015 1488 1046 1513 et
1076 1485 1233 1514 sermonis
1265 1483 1354 1514 latini
1378 1485 1538 1527 imperitia
1565 1486 1604 1515 in-

122 1541 210 1565 tanta
237 1538 441 1578 negotiorum
467 1540 751 1571 ecclesiasticorum
781 1538 990 1569 multitudine
1014 1538 1213 1580 probabilem
1240 1540 1441 1572 infacundiae
1469 1551 1600 1572 excusa-

123 1591 243 1622 tionem
273 1592 400 1624 homini
424 1601 522 1626 aetate
549 1597 614 1638 jam
637 1601 788 1633 provecto
815 1593 926 1625 afferre
948 1599 1061 1636 potent.

167 1646 220 1678 De
241 1647 388 1680 doctrina
413 1661 541 1683 morum
568 1651 750 1695 loquentes,
779 1661 849 1682 eam
872 1650 911 1681 de
943 1649 1058 1682 officiis
1083 1653 1340 1695 praeceptionem
1366 1653 1598 1696 intelligimus,

120 1713 202 1746 quae
226 1705 266 1735 sit
291 1707 325 1736 in
355 1705 491 1738 sormam
523 1709 599 1739 artis
634 1707 778 1746 redacta,
807 1707 875 1738 sive
902 1708 936 1738 in
970 1717 1033 1749 qua
1056 1717 1096 1737 ex
1127 1709 1289 1753 principio
1316 1710 1457 1753 quodam
1479 1717 1534 1741 aut
1556 1720 1599 1741 ex

119 1757 258 1791 formula
283 1762 421 1804 quadam
443 1765 595 1808 primaria
621 1766 681 1797 rite
699 1771 730 1796 et
755 1763 915 1795 subtiliter
938 1763 1075 1795 ducatur
1098 1766 1259 1810 quidquid
1280 1767 1404 1799 homini
1429 1773 1594 1810 tamquam

117 1820 276 1855 naturae,
298 1819 422 1851 ratione
452 1821 627 1863 praeditae,
657 1821 872 1865 appetendum
909 1819 1142 1863 fugiendumve
1171 1825 1238 1863 sit,
1268 1831 1306 1856 ut
1332 1834 1401 1855 eam
1431 1823 1597 1867 perfectio·

123 1880 199 1901 nem
220 1882 424 1924 assequatur,
450 1877 491 1908 ad
515 1889 613 1922 quam
641 1889 701 1922 pro
725 1876 844 1909 indolis
876 1887 951 1909 suae
976 1877 1131 1921 dignitate
1159 1890 1194 1911 ac
1220 1882 1409 1923 praestantia
1436 1880 1596 1923 adspirare

121 1926 229 1960 debet.
276 1931 418 1964 Primum
451 1936 599 1970 omnium
628 1935 726 1977 igitur
764 1944 902 1973 eorum,
931 1945 1012 1978 quae
1045 1935 1103 1968 hio.
1127 1937 1264 1980 expendi
1291 1936 1429 1977 debent,
1463 1943 1510 1969 est
1542 1935 1592 1974 id,

121 1984 211 2027 quod
232 1985 395 2021 doctrinae
421 1991 551 2025 moralis
573 1991 736 2036 objectum
765 2001 937 2032 vocamus,
957 1992 1026 2025 sive
1056 1993 1146 2037 quod
1171 1993 1270 2028 officii
1294 1995 1427 2027 nomine
1451 2002 1595 2035 compre·

1520 2049 1600 2082 hen?
