<?xml version="1.0" encoding="UTF-8"?>
<!DOCTYPE html PUBLIC "-//W3C//DTD XHTML 1.0 Transitional//EN"
    "http://www.w3.org/TR/xhtml1/DTD/xhtml1-transitional.dtd">
<html xmlns="http://www.w3.org/1999/xhtml" xml:lang="en" lang="en">
 <head>
  <title>
</title>
<meta http-equiv="Content-Type" content="text/html;charset=utf-8" />
  <meta name='ocr-system' content='tesseract 3.04.00' />
  <meta name='ocr-capabilities' content='ocr_page ocr_carea ocr_par ocr_line ocrx_word'/>
</head>
<body>
  <div class='ocr_page' id='page_1' title='image "annalesacademiae19rijk_0276.png"; bbox 0 0 1913 2417; ppageno 0'>
   <div class='ocr_carea' id='block_1_1' title="bbox 306 175 1550 216">
    <p class='ocr_par' dir='ltr' id='par_1_1' title="bbox 306 175 1550 216">
     <span class='ocr_line' id='line_1_1' title="bbox 306 175 1550 216; baseline -0.005 -5"><span class='ocrx_word' id='word_1_1' title='bbox 306 180 343 211; x_wconf 79' lang='lat'>26</span> <span class='ocrx_word' id='word_1_2' title='bbox 575 177 813 216; x_wconf 85' lang='lat' dir='ltr'>JACOBI</span> <span class='ocrx_word' id='word_1_3' title='bbox 871 175 1180 206; x_wconf 80' lang='lat' dir='ltr'>HERMANI</span> <span class='ocrx_word' id='word_1_4' title='bbox 1237 175 1550 208; x_wconf 74' lang='lat' dir='ltr'>PHILIPSE</span> 
     </span>
    </p>
   </div>
   <div class='ocr_carea' id='block_1_2' title="bbox 301 257 1835 1270">
    <p class='ocr_par' dir='ltr' id='par_1_2' title="bbox 301 257 1835 1270">
     <span class='ocr_line' id='line_1_2' title="bbox 302 257 1818 297; baseline 0 -7"><span class='ocrx_word' id='word_1_5' title='bbox 302 260 463 297; x_wconf 84' lang='lat' dir='ltr'>acquisita,</span> <span class='ocrx_word' id='word_1_6' title='bbox 490 264 624 296; x_wconf 83' lang='lat' dir='ltr'>tanquam</span> <span class='ocrx_word' id='word_1_7' title='bbox 656 268 738 289; x_wconf 83' lang='lat' dir='ltr'>curae</span> <span class='ocrx_word' id='word_1_8' title='bbox 767 264 795 287; x_wconf 91' lang='lat' dir='ltr'>et</span> <span class='ocrx_word' id='word_1_9' title='bbox 820 258 1060 288; x_wconf 82' lang='lat' dir='ltr'>administrationi</span> <span class='ocrx_word' id='word_1_10' title='bbox 1090 266 1159 287; x_wconf 82' lang='lat' dir='ltr'>suae</span> <span class='ocrx_word' id='word_1_11' title='bbox 1184 257 1358 292; x_wconf 81' lang='lat' dir='ltr'>commissa,</span> <span class='ocrx_word' id='word_1_12' title='bbox 1385 258 1505 288; x_wconf 86' lang='lat' dir='ltr'>retinere</span> <span class='ocrx_word' id='word_1_13' title='bbox 1527 266 1632 295; x_wconf 85' lang='lat' dir='ltr'>posse:</span> <span class='ocrx_word' id='word_1_14' title='bbox 1661 267 1763 289; x_wconf 83' lang='lat' dir='ltr'>verum:</span> <span class='ocrx_word' id='word_1_15' title='bbox 1783 260 1818 290; x_wconf 68' lang='lat' dir='ltr'>si</span> 
     </span>
     <span class='ocr_line' id='line_1_3' title="bbox 302 308 1812 349; baseline -0.001 -8"><span class='ocrx_word' id='word_1_16' title='bbox 302 318 383 341; x_wconf 83' lang='lat' dir='ltr'>antea</span> <span class='ocrx_word' id='word_1_17' title='bbox 404 312 460 349; x_wconf 84' lang='lat' dir='ltr'>jam</span> <span class='ocrx_word' id='word_1_18' title='bbox 491 311 618 340; x_wconf 83' lang='lat' dir='ltr'>Curator</span> <span class='ocrx_word' id='word_1_19' title='bbox 643 311 783 339; x_wconf 80' lang='lat' dir='ltr'>bonorum</span> <span class='ocrx_word' id='word_1_20' title='bbox 810 318 824 338; x_wconf 85' lang='lat' dir='ltr'>a</span> <span class='ocrx_word' id='word_1_21' title='bbox 847 310 942 346; x_wconf 83' lang='lat' dir='ltr'>judice</span> <span class='ocrx_word' id='word_1_22' title='bbox 964 310 1048 338; x_wconf 85' lang='lat' dir='ltr'>datus</span> <span class='ocrx_word' id='word_1_23' title='bbox 1077 309 1135 345; x_wconf 86' lang='lat' dir='ltr'>sit,</span> <span class='ocrx_word' id='word_1_24' title='bbox 1157 308 1225 338; x_wconf 89' lang='lat' dir='ltr'>huic</span> <span class='ocrx_word' id='word_1_25' title='bbox 1248 309 1485 338; x_wconf 85' lang='lat' dir='ltr'>committendum</span> <span class='ocrx_word' id='word_1_26' title='bbox 1507 318 1588 346; x_wconf 87' lang='lat' dir='ltr'>esse,</span> <span class='ocrx_word' id='word_1_27' title='bbox 1611 310 1754 346; x_wconf 83' lang='lat' dir='ltr'>quidquid</span> <span class='ocrx_word' id='word_1_28' title='bbox 1776 320 1812 340; x_wconf 80' lang='lat' dir='ltr'>ex</span> 
     </span>
     <span class='ocr_line' id='line_1_4' title="bbox 301 360 1820 399; baseline -0.001 -8"><span class='ocrx_word' id='word_1_29' title='bbox 301 363 453 392; x_wconf 87' lang='lat' dir='ltr'>hereditate</span> <span class='ocrx_word' id='word_1_30' title='bbox 476 363 569 393; x_wconf 88' lang='lat' dir='ltr'>divisa</span> <span class='ocrx_word' id='word_1_31' title='bbox 594 363 627 390; x_wconf 87' lang='lat' dir='ltr'>ad</span> <span class='ocrx_word' id='word_1_32' title='bbox 652 361 809 391; x_wconf 84' lang='lat' dir='ltr'>Absentem</span> <span class='ocrx_word' id='word_1_33' title='bbox 833 361 974 397; x_wconf 82' lang='lat' dir='ltr'>pertinet3</span> <span class='ocrx_word' id='word_1_34' title='bbox 997 361 1042 390; x_wconf 81' lang='lat' dir='ltr'>sin</span> <span class='ocrx_word' id='word_1_35' title='bbox 1060 361 1181 395; x_wconf 81' lang='lat' dir='ltr'>minus,</span> <span class='ocrx_word' id='word_1_36' title='bbox 1204 360 1292 397; x_wconf 88' lang='lat' dir='ltr'>hujus</span> <span class='ocrx_word' id='word_1_37' title='bbox 1312 360 1352 389; x_wconf 87' lang='lat' dir='ltr'>rei</span> <span class='ocrx_word' id='word_1_38' title='bbox 1377 362 1525 390; x_wconf 79' lang='lat' dir='ltr'>arbitrIum</span> <span class='ocrx_word' id='word_1_39' title='bbox 1547 369 1610 390; x_wconf 88' lang='lat' dir='ltr'>esse</span> <span class='ocrx_word' id='word_1_40' title='bbox 1634 369 1720 397; x_wconf 89' lang='lat' dir='ltr'>penes</span> <span class='ocrx_word' id='word_1_41' title='bbox 1741 362 1820 399; x_wconf 80' lang='lat' dir='ltr'>judi·</span> 
     </span>
     <span class='ocr_line' id='line_1_5' title="bbox 303 411 1819 450; baseline -0.001 -8"><span class='ocrx_word' id='word_1_42' title='bbox 303 423 383 449; x_wconf 89' lang='lat' dir='ltr'>cem,</span> <span class='ocrx_word' id='word_1_43' title='bbox 414 414 483 450; x_wconf 75' lang='lat' dir='ltr'>cui,</span> <span class='ocrx_word' id='word_1_44' title='bbox 517 414 542 442; x_wconf 87' lang='lat' dir='ltr'>si</span> <span class='ocrx_word' id='word_1_45' title='bbox 569 421 644 449; x_wconf 88' lang='lat' dir='ltr'>opus</span> <span class='ocrx_word' id='word_1_46' title='bbox 675 412 808 447; x_wconf 77' lang='lat' dir='ltr'>videtur,</span> <span class='ocrx_word' id='word_1_47' title='bbox 837 411 885 440; x_wconf 87' lang='lat' dir='ltr'>vel</span> <span class='ocrx_word' id='word_1_48' title='bbox 907 412 1001 448; x_wconf 87' lang='lat' dir='ltr'>ipsum</span> <span class='ocrx_word' id='word_1_49' title='bbox 1025 412 1187 447; x_wconf 87' lang='lat' dir='ltr'>notarium,</span> <span class='ocrx_word' id='word_1_50' title='bbox 1215 413 1261 440; x_wconf 87' lang='lat' dir='ltr'>vel</span> <span class='ocrx_word' id='word_1_51' title='bbox 1285 413 1415 448; x_wconf 85' lang='lat' dir='ltr'>quemvis</span> <span class='ocrx_word' id='word_1_52' title='bbox 1445 412 1530 441; x_wconf 88' lang='lat' dir='ltr'>alium</span> <span class='ocrx_word' id='word_1_53' title='bbox 1554 412 1730 442; x_wconf 82' lang='lat' dir='ltr'>constituere</span> <span class='ocrx_word' id='word_1_54' title='bbox 1749 412 1819 442; x_wconf 80' lang='lat' dir='ltr'>lice-</span> 
     </span>
     <span class='ocr_line' id='line_1_6' title="bbox 302 462 1817 501; baseline -0.001 -7"><span class='ocrx_word' id='word_1_55' title='bbox 302 466 364 501; x_wconf 88' lang='lat' dir='ltr'>bit,</span> <span class='ocrx_word' id='word_1_56' title='bbox 387 466 436 501; x_wconf 91' lang='lat' dir='ltr'>qui</span> <span class='ocrx_word' id='word_1_57' title='bbox 460 462 703 493; x_wconf 77' lang='lat' dir='ltr'>administrationi</span> <span class='ocrx_word' id='word_1_58' title='bbox 736 463 840 492; x_wconf 85' lang='lat' dir='ltr'>horum</span> <span class='ocrx_word' id='word_1_59' title='bbox 863 463 1008 492; x_wconf 84' lang='lat' dir='ltr'>bonorum</span> <span class='ocrx_word' id='word_1_60' title='bbox 1034 463 1148 500; x_wconf 84' lang='lat' dir='ltr'>praesit.</span> <span class='ocrx_word' id='word_1_61' title='bbox 1189 463 1256 499; x_wconf 88' lang='lat' dir='ltr'>Ipse</span> <span class='ocrx_word' id='word_1_62' title='bbox 1279 471 1372 492; x_wconf 88' lang='lat' dir='ltr'>autem</span> <span class='ocrx_word' id='word_1_63' title='bbox 1397 463 1548 499; x_wconf 81' lang='lat' dir='ltr'>notarius,</span> <span class='ocrx_word' id='word_1_64' title='bbox 1571 463 1653 493; x_wconf 86' lang='lat' dir='ltr'>finito</span> <span class='ocrx_word' id='word_1_65' title='bbox 1676 464 1817 501; x_wconf 84' lang='lat' dir='ltr'>negotio,</span> 
     </span>
     <span class='ocr_line' id='line_1_7' title="bbox 302 514 1815 554; baseline -0.001 -9"><span class='ocrx_word' id='word_1_66' title='bbox 302 518 385 554; x_wconf 83' lang='lat' dir='ltr'>qu&#39;ns</span> <span class='ocrx_word' id='word_1_67' title='bbox 417 517 469 545; x_wconf 87' lang='lat' dir='ltr'>rite</span> <span class='ocrx_word' id='word_1_68' title='bbox 502 515 670 544; x_wconf 80' lang='lat' dir='ltr'>absolvendi</span> <span class='ocrx_word' id='word_1_69' title='bbox 698 523 798 544; x_wconf 81' lang='lat' dir='ltr'>caussa</span> <span class='ocrx_word' id='word_1_70' title='bbox 826 515 1006 543; x_wconf 90' lang='lat' dir='ltr'>constitutus</span> <span class='ocrx_word' id='word_1_71' title='bbox 1032 519 1109 548; x_wconf 81' lang='lat' dir='ltr'>erat,</span> <span class='ocrx_word' id='word_1_72' title='bbox 1138 519 1187 542; x_wconf 86' lang='lat' dir='ltr'>aut</span> <span class='ocrx_word' id='word_1_73' title='bbox 1216 522 1230 542; x_wconf 89' lang='lat' dir='ltr'>a</span> <span class='ocrx_word' id='word_1_74' title='bbox 1255 514 1394 543; x_wconf 84' lang='lat' dir='ltr'>Curatore</span> <span class='ocrx_word' id='word_1_75' title='bbox 1417 514 1558 544; x_wconf 88' lang='lat' dir='ltr'>bonorum</span> <span class='ocrx_word' id='word_1_76' title='bbox 1587 523 1601 543; x_wconf 89' lang='lat' dir='ltr'>a</span> <span class='ocrx_word' id='word_1_77' title='bbox 1622 515 1718 552; x_wconf 81' lang='lat' dir='ltr'>Judice</span> <span class='ocrx_word' id='word_1_78' title='bbox 1747 515 1815 544; x_wconf 86' lang='lat' dir='ltr'>dato</span> 
     </span>
     <span class='ocr_line' id='line_1_8' title="bbox 302 564 1820 604; baseline -0.001 -8"><span class='ocrx_word' id='word_1_79' title='bbox 302 569 353 600; x_wconf 81' lang='lat' dir='ltr'>(si</span> <span class='ocrx_word' id='word_1_80' title='bbox 380 567 446 596; x_wconf 88' lang='lat' dir='ltr'>scil.</span> <span class='ocrx_word' id='word_1_81' title='bbox 479 567 606 604; x_wconf 83' lang='lat' dir='ltr'>generale</span> <span class='ocrx_word' id='word_1_82' title='bbox 631 567 794 595; x_wconf 79' lang='lat' dir='ltr'>mandatum</span> <span class='ocrx_word' id='word_1_83' title='bbox 827 564 1050 594; x_wconf 60' lang='lat' dir='ltr'>administrandi,</span> <span class='ocrx_word' id='word_1_84' title='bbox 1074 564 1229 601; x_wconf 88' lang='lat' dir='ltr'>accepit,)</span> <span class='ocrx_word' id='word_1_85' title='bbox 1261 565 1327 601; x_wconf 83' lang='lat' dir='ltr'>cogi</span> <span class='ocrx_word' id='word_1_86' title='bbox 1357 574 1444 602; x_wconf 86' lang='lat' dir='ltr'>posse</span> <span class='ocrx_word' id='word_1_87' title='bbox 1472 567 1604 601; x_wconf 86' lang='lat' dir='ltr'>videtur,</span> <span class='ocrx_word' id='word_1_88' title='bbox 1635 572 1668 594; x_wconf 89' lang='lat' dir='ltr'>ut</span> <span class='ocrx_word' id='word_1_89' title='bbox 1692 565 1820 594; x_wconf 84' lang='lat' dir='ltr'>rationes</span> 
     </span>
     <span class='ocr_line' id='line_1_9' title="bbox 302 615 1820 655; baseline -0.001 -9"><span class='ocrx_word' id='word_1_90' title='bbox 302 619 342 647; x_wconf 82' lang='lat' dir='ltr'>rei</span> <span class='ocrx_word' id='word_1_91' title='bbox 365 625 460 655; x_wconf 83' lang='lat' dir='ltr'>gestae</span> <span class='ocrx_word' id='word_1_92' title='bbox 485 618 602 653; x_wconf 84' lang='lat' dir='ltr'>reddat,</span> <span class='ocrx_word' id='word_1_93' title='bbox 632 624 701 652; x_wconf 88' lang='lat' dir='ltr'>aut,</span> <span class='ocrx_word' id='word_1_94' title='bbox 732 617 758 646; x_wconf 90' lang='lat' dir='ltr'>si</span> <span class='ocrx_word' id='word_1_95' title='bbox 783 624 867 645; x_wconf 86' lang='lat' dir='ltr'>nemo</span> <span class='ocrx_word' id='word_1_96' title='bbox 889 615 1054 652; x_wconf 82' lang='lat' dir='ltr'>patrimonii</span> <span class='ocrx_word' id='word_1_97' title='bbox 1078 615 1216 644; x_wconf 79' lang='lat' dir='ltr'>Absentis</span> <span class='ocrx_word' id='word_1_98' title='bbox 1240 624 1337 645; x_wconf 85' lang='lat' dir='ltr'>curam</span> <span class='ocrx_word' id='word_1_99' title='bbox 1360 617 1450 654; x_wconf 84' lang='lat' dir='ltr'>gerit,</span> <span class='ocrx_word' id='word_1_100' title='bbox 1480 617 1573 645; x_wconf 83' lang='lat' dir='ltr'>nihilo</span> <span class='ocrx_word' id='word_1_101' title='bbox 1598 616 1688 653; x_wconf 82' lang='lat' dir='ltr'>magis</span> <span class='ocrx_word' id='word_1_102' title='bbox 1711 617 1741 645; x_wconf 92' lang='lat' dir='ltr'>in</span> <span class='ocrx_word' id='word_1_103' title='bbox 1764 617 1820 645; x_wconf 89' lang='lat' dir='ltr'>bo·</span> 
     </span>
     <span class='ocr_line' id='line_1_10' title="bbox 302 666 1822 705; baseline -0.001 -8"><span class='ocrx_word' id='word_1_104' title='bbox 302 677 404 698; x_wconf 88' lang='lat' dir='ltr'>norum</span> <span class='ocrx_word' id='word_1_105' title='bbox 427 669 612 705; x_wconf 78' lang='lat' dir='ltr'>possessione</span> <span class='ocrx_word' id='word_1_106' title='bbox 629 676 740 697; x_wconf 85' lang='lat' dir='ltr'>manere</span> <span class='ocrx_word' id='word_1_107' title='bbox 759 675 865 703; x_wconf 88' lang='lat' dir='ltr'>posse;</span> <span class='ocrx_word' id='word_1_108' title='bbox 886 675 983 696; x_wconf 87' lang='lat' dir='ltr'>verum</span> <span class='ocrx_word' id='word_1_109' title='bbox 999 666 1159 695; x_wconf 80' lang='lat' dir='ltr'>necessitas</span> <span class='ocrx_word' id='word_1_110' title='bbox 1172 666 1219 694; x_wconf 79' lang='lat' dir='ltr'>lite</span> <span class='ocrx_word' id='word_1_111' title='bbox 1235 668 1392 695; x_wconf 85' lang='lat' dir='ltr'>secundum</span> <span class='ocrx_word' id='word_1_112' title='bbox 1410 673 1471 696; x_wconf 82' lang='lat' dir='ltr'>art.</span> <span class='ocrx_word' id='word_1_113' title='bbox 1492 676 1567 696; x_wconf 82' lang='lat'>112..</span> <span class='ocrx_word' id='word_1_114' title='bbox 1582 667 1729 703; x_wconf 80' lang='lat' dir='ltr'>postutare</span> <span class='ocrx_word' id='word_1_115' title='bbox 1744 667 1822 696; x_wconf 80' lang='lat' dir='ltr'>vide·</span> 
     </span>
     <span class='ocr_line' id='line_1_11' title="bbox 303 717 1818 756; baseline -0.001 -7"><span class='ocrx_word' id='word_1_116' title='bbox 303 727 370 756; x_wconf 85' lang='lat' dir='ltr'>tur,</span> <span class='ocrx_word' id='word_1_117' title='bbox 403 726 436 749; x_wconf 92' lang='lat' dir='ltr'>ut</span> <span class='ocrx_word' id='word_1_118' title='bbox 463 721 543 748; x_wconf 87' lang='lat' dir='ltr'>adeat</span> <span class='ocrx_word' id='word_1_119' title='bbox 566 719 727 755; x_wconf 86' lang='lat' dir='ltr'>Tribunal,</span> <span class='ocrx_word' id='word_1_120' title='bbox 757 725 785 747; x_wconf 90' lang='lat' dir='ltr'>et</span> <span class='ocrx_word' id='word_1_121' title='bbox 810 726 909 755; x_wconf 90' lang='lat' dir='ltr'>petat,</span> <span class='ocrx_word' id='word_1_122' title='bbox 940 725 974 747; x_wconf 89' lang='lat' dir='ltr'>ut</span> <span class='ocrx_word' id='word_1_123' title='bbox 995 718 1138 746; x_wconf 86' lang='lat' dir='ltr'>bonorum</span> <span class='ocrx_word' id='word_1_124' title='bbox 1161 717 1407 747; x_wconf 81' lang='lat' dir='ltr'>administratione</span> <span class='ocrx_word' id='word_1_125' title='bbox 1430 718 1582 747; x_wconf 75' lang='lat' dir='ltr'>liberetur:</span> <span class='ocrx_word' id='word_1_126' title='bbox 1614 724 1762 753; x_wconf 83' lang='lat' dir='ltr'>ceterum,</span> <span class='ocrx_word' id='word_1_127' title='bbox 1790 717 1818 747; x_wconf 80' lang='lat' dir='ltr'>si</span> 
     </span>
     <span class='ocr_line' id='line_1_12' title="bbox 302 768 1822 806; baseline -0.002 -5"><span class='ocrx_word' id='word_1_128' title='bbox 302 780 419 802; x_wconf 87' lang='lat' dir='ltr'>munere</span> <span class='ocrx_word' id='word_1_129' title='bbox 447 780 504 800; x_wconf 87' lang='lat' dir='ltr'>suo</span> <span class='ocrx_word' id='word_1_130' title='bbox 537 770 657 799; x_wconf 86' lang='lat' dir='ltr'>functus</span> <span class='ocrx_word' id='word_1_131' title='bbox 693 769 890 798; x_wconf 83' lang='lat' dir='ltr'>administrare</span> <span class='ocrx_word' id='word_1_132' title='bbox 928 776 1046 806; x_wconf 83' lang='lat' dir='ltr'>pergat,</span> <span class='ocrx_word' id='word_1_133' title='bbox 1075 768 1256 797; x_wconf 82' lang='lat' dir='ltr'>Procuratori</span> <span class='ocrx_word' id='word_1_134' title='bbox 1291 769 1404 805; x_wconf 84' lang='lat' dir='ltr'>Regio,</span> <span class='ocrx_word' id='word_1_135' title='bbox 1435 769 1462 798; x_wconf 86' lang='lat' dir='ltr'>si</span> <span class='ocrx_word' id='word_1_136' title='bbox 1497 770 1558 806; x_wconf 81' lang='lat' dir='ltr'>ejus</span> <span class='ocrx_word' id='word_1_137' title='bbox 1586 768 1656 797; x_wconf 81' lang='lat' dir='ltr'>fides</span> <span class='ocrx_word' id='word_1_138' title='bbox 1683 774 1822 805; x_wconf 76' lang='lat' dir='ltr'>suspecta</span> 
     </span>
     <span class='ocr_line' id='line_1_13' title="bbox 304 818 1824 858; baseline -0.003 -6"><span class='ocrx_word' id='word_1_139' title='bbox 304 824 439 858; x_wconf 83' lang='lat' dir='ltr'>videtur,</span> <span class='ocrx_word' id='word_1_140' title='bbox 461 831 494 851; x_wconf 84' lang='lat' dir='ltr'>ex</span> <span class='ocrx_word' id='word_1_141' title='bbox 516 828 577 850; x_wconf 80' lang='lat' dir='ltr'>art.</span> <span class='ocrx_word' id='word_1_142' title='bbox 596 829 658 857; x_wconf 82' lang='lat'>114.</span> <span class='ocrx_word' id='word_1_143' title='bbox 684 829 702 849; x_wconf 64' lang='lat' dir='ltr'>a&gt;</span> <span class='ocrx_word' id='word_1_144' title='bbox 717 820 869 849; x_wconf 83' lang='lat' dir='ltr'>Tribunali</span> <span class='ocrx_word' id='word_1_145' title='bbox 888 826 981 856; x_wconf 89' lang='lat' dir='ltr'>petere</span> <span class='ocrx_word' id='word_1_146' title='bbox 998 820 1084 854; x_wconf 84' lang='lat' dir='ltr'>licet,</span> <span class='ocrx_word' id='word_1_147' title='bbox 1105 825 1136 847; x_wconf 83' lang='lat' dir='ltr'>ut</span> <span class='ocrx_word' id='word_1_148' title='bbox 1152 819 1398 848; x_wconf 82' lang='lat' dir='ltr'>administratione</span> <span class='ocrx_word' id='word_1_149' title='bbox 1422 820 1476 856; x_wconf 87' lang='lat' dir='ltr'>ipsi</span> <span class='ocrx_word' id='word_1_150' title='bbox 1499 820 1693 848; x_wconf 79' lang='lat' dir='ltr'>interdicatur.</span> <span class='ocrx_word' id='word_1_151' title='bbox 1733 818 1824 857; x_wconf 80' lang='lat' dir='ltr'>Quod</span> 
     </span>
     <span class='ocr_line' id='line_1_14' title="bbox 303 867 1820 909; baseline -0.004 -5"><span class='ocrx_word' id='word_1_152' title='bbox 303 883 373 904; x_wconf 84' lang='lat' dir='ltr'>vero</span> <span class='ocrx_word' id='word_1_153' title='bbox 398 875 438 903; x_wconf 89' lang='lat' dir='ltr'>ait</span> <span class='ocrx_word' id='word_1_154' title='bbox 459 872 666 907; x_wconf 73' lang='lat' dir='ltr'>Proudlzonus,</span> <span class='ocrx_word' id='word_1_155' title='bbox 692 881 725 908; x_wconf 89' lang='lat' dir='ltr'>p.</span> <span class='ocrx_word' id='word_1_156' title='bbox 747 880 807 909; x_wconf 82' lang='lat'>135.</span> <span class='ocrx_word' id='word_1_157' title='bbox 830 867 947 900; x_wconf 84' lang='lat' dir='ltr'>mobilia</span> <span class='ocrx_word' id='word_1_158' title='bbox 963 879 999 900; x_wconf 75' lang='lat' dir='ltr'>ex</span> <span class='ocrx_word' id='word_1_159' title='bbox 1014 870 1104 899; x_wconf 84' lang='lat' dir='ltr'>divisa</span> <span class='ocrx_word' id='word_1_160' title='bbox 1131 871 1283 899; x_wconf 85' lang='lat' dir='ltr'>hereditate</span> <span class='ocrx_word' id='word_1_161' title='bbox 1306 870 1428 899; x_wconf 76' lang='lat' dir='ltr'>Absenti</span> <span class='ocrx_word' id='word_1_162' title='bbox 1452 870 1595 906; x_wconf 83' lang='lat' dir='ltr'>acquisita</span> <span class='ocrx_word' id='word_1_163' title='bbox 1617 878 1681 899; x_wconf 88' lang='lat' dir='ltr'>esse</span> <span class='ocrx_word' id='word_1_164' title='bbox 1695 870 1820 898; x_wconf 70' lang='lat' dir='ltr'>venden-</span> 
     </span>
     <span class='ocr_line' id='line_1_15' title="bbox 307 921 1833 961; baseline -0.003 -7"><span class='ocrx_word' id='word_1_165' title='bbox 307 927 364 961; x_wconf 89' lang='lat' dir='ltr'>da,</span> <span class='ocrx_word' id='word_1_166' title='bbox 393 931 421 954; x_wconf 90' lang='lat' dir='ltr'>et</span> <span class='ocrx_word' id='word_1_167' title='bbox 453 924 601 961; x_wconf 89' lang='lat' dir='ltr'>pecuniam</span> <span class='ocrx_word' id='word_1_168' title='bbox 632 923 697 952; x_wconf 86' lang='lat' dir='ltr'>inde</span> <span class='ocrx_word' id='word_1_169' title='bbox 727 923 866 951; x_wconf 86' lang='lat' dir='ltr'>redactam</span> <span class='ocrx_word' id='word_1_170' title='bbox 898 922 1118 957; x_wconf 80' lang='lat' dir='ltr'>collocandam,</span> <span class='ocrx_word' id='word_1_171' title='bbox 1146 929 1196 950; x_wconf 86' lang='lat' dir='ltr'>aut</span> <span class='ocrx_word' id='word_1_172' title='bbox 1223 930 1253 950; x_wconf 87' lang='lat' dir='ltr'>ea</span> <span class='ocrx_word' id='word_1_173' title='bbox 1287 923 1424 951; x_wconf 88' lang='lat' dir='ltr'>utendum</span> <span class='ocrx_word' id='word_1_174' title='bbox 1455 930 1536 956; x_wconf 81' lang='lat' dir='ltr'>esse,</span> <span class='ocrx_word' id='word_1_175' title='bbox 1568 928 1599 950; x_wconf 91' lang='lat' dir='ltr'>ut</span> <span class='ocrx_word' id='word_1_176' title='bbox 1628 921 1833 950; x_wconf 81' lang='lat' dir='ltr'>creditoribus-</span> 
     </span>
     <span class='ocr_line' id='line_1_16' title="bbox 303 971 1823 1010; baseline -0.004 -4"><span class='ocrx_word' id='word_1_177' title='bbox 303 976 443 1006; x_wconf 81' lang='lat' dir='ltr'>Absentis</span> <span class='ocrx_word' id='word_1_178' title='bbox 477 976 625 1009; x_wconf 83' lang='lat' dir='ltr'>solvatur,</span> <span class='ocrx_word' id='word_1_179' title='bbox 656 974 685 1002; x_wconf 90' lang='lat' dir='ltr'>id</span> <span class='ocrx_word' id='word_1_180' title='bbox 709 983 742 1003; x_wconf 88' lang='lat' dir='ltr'>ex</span> <span class='ocrx_word' id='word_1_181' title='bbox 773 982 806 1003; x_wconf 92' lang='lat' dir='ltr'>eo</span> <span class='ocrx_word' id='word_1_182' title='bbox 834 981 951 1009; x_wconf 82' lang='lat' dir='ltr'>quoque</span> <span class='ocrx_word' id='word_1_183' title='bbox 983 973 1196 1010; x_wconf 80' lang='lat' dir='ltr'>dijudicandum</span> <span class='ocrx_word' id='word_1_184' title='bbox 1225 979 1289 1007; x_wconf 83' lang='lat' dir='ltr'>est,</span> <span class='ocrx_word' id='word_1_185' title='bbox 1319 974 1399 1008; x_wconf 84' lang='lat' dir='ltr'>quod</span> <span class='ocrx_word' id='word_1_186' title='bbox 1423 973 1456 1001; x_wconf 91' lang='lat' dir='ltr'>de</span> <span class='ocrx_word' id='word_1_187' title='bbox 1477 974 1607 1010; x_wconf 84' lang='lat' dir='ltr'>judicum</span> <span class='ocrx_word' id='word_1_188' title='bbox 1632 972 1725 1001; x_wconf 82' lang='lat' dir='ltr'>officio</span> <span class='ocrx_word' id='word_1_189' title='bbox 1750 971 1823 1000; x_wconf 84' lang='lat' dir='ltr'>dixi-</span> 
     </span>
     <span class='ocr_line' id='line_1_17' title="bbox 305 1023 1822 1063; baseline -0.003 -7"><span class='ocrx_word' id='word_1_190' title='bbox 305 1037 391 1063; x_wconf 57' lang='lat' dir='ltr'>nuus,</span> <span class='ocrx_word' id='word_1_191' title='bbox 414 1034 537 1062; x_wconf 85' lang='lat' dir='ltr'>quorum</span> <span class='ocrx_word' id='word_1_192' title='bbox 558 1033 671 1060; x_wconf 80' lang='lat' dir='ltr'>semper</span> <span class='ocrx_word' id='word_1_193' title='bbox 688 1031 752 1060; x_wconf 86' lang='lat' dir='ltr'>est,</span> <span class='ocrx_word' id='word_1_194' title='bbox 781 1033 872 1053; x_wconf 87' lang='lat' dir='ltr'>rerum</span> <span class='ocrx_word' id='word_1_195' title='bbox 897 1032 1038 1053; x_wconf 83' lang='lat' dir='ltr'>momenta</span> <span class='ocrx_word' id='word_1_196' title='bbox 1056 1025 1246 1060; x_wconf 78' lang='lat' dir='ltr'>perpendere,</span> <span class='ocrx_word' id='word_1_197' title='bbox 1275 1030 1303 1052; x_wconf 90' lang='lat' dir='ltr'>et</span> <span class='ocrx_word' id='word_1_198' title='bbox 1320 1024 1452 1060; x_wconf 85' lang='lat' dir='ltr'>prudenti</span> <span class='ocrx_word' id='word_1_199' title='bbox 1473 1023 1618 1058; x_wconf 74' lang='lat' dir='ltr'>consilio,</span> <span class='ocrx_word' id='word_1_200' title='bbox 1639 1023 1687 1051; x_wconf 87' lang='lat' dir='ltr'>cui</span> <span class='ocrx_word' id='word_1_201' title='bbox 1708 1023 1822 1058; x_wconf 84' lang='lat' dir='ltr'>plenam</span> 
     </span>
     <span class='ocr_line' id='line_1_18' title="bbox 305 1073 1834 1112; baseline -0.004 -4"><span class='ocrx_word' id='word_1_202' title='bbox 305 1080 387 1108; x_wconf 83' lang='lat' dir='ltr'>fidem</span> <span class='ocrx_word' id='word_1_203' title='bbox 412 1077 512 1106; x_wconf 84' lang='lat' dir='ltr'>habuit</span> <span class='ocrx_word' id='word_1_204' title='bbox 535 1076 680 1112; x_wconf 78' lang='lat' dir='ltr'>legislator</span> <span class='ocrx_word' id='word_1_205' title='bbox 690 1096 705 1110; x_wconf 86' lang='lat'>,.</span> <span class='ocrx_word' id='word_1_206' title='bbox 729 1082 872 1110; x_wconf 79' lang='lat' dir='ltr'>statuere,</span> <span class='ocrx_word' id='word_1_207' title='bbox 900 1082 988 1111; x_wconf 87' lang='lat' dir='ltr'>prout</span> <span class='ocrx_word' id='word_1_208' title='bbox 1013 1074 1191 1103; x_wconf 84' lang='lat' dir='ltr'>Absentium</span> <span class='ocrx_word' id='word_1_209' title='bbox 1213 1083 1256 1104; x_wconf 85' lang='lat' dir='ltr'>res</span> <span class='ocrx_word' id='word_1_210' title='bbox 1277 1077 1424 1110; x_wconf 85' lang='lat' dir='ltr'>postulare</span> <span class='ocrx_word' id='word_1_211' title='bbox 1449 1075 1634 1103; x_wconf 82' lang='lat' dir='ltr'>videbuntur.</span> <span class='ocrx_word' id='word_1_212' title='bbox 1674 1073 1751 1102; x_wconf 77' lang='lat' dir='ltr'>Haec</span> <span class='ocrx_word' id='word_1_213' title='bbox 1774 1073 1834 1102; x_wconf 85' lang='lat' dir='ltr'>de·-</span> 
     </span>
     <span class='ocr_line' id='line_1_19' title="bbox 306 1124 1835 1166; baseline -0.003 -8"><span class='ocrx_word' id='word_1_214' title='bbox 306 1130 415 1166; x_wconf 80' lang='lat' dir='ltr'>nique,</span> <span class='ocrx_word' id='word_1_215' title='bbox 443 1136 516 1164; x_wconf 84' lang='lat' dir='ltr'>quae</span> <span class='ocrx_word' id='word_1_216' title='bbox 542 1128 576 1155; x_wconf 86' lang='lat' dir='ltr'>de</span> <span class='ocrx_word' id='word_1_217' title='bbox 600 1127 753 1155; x_wconf 71' lang='lat' dir='ltr'>hereditare</span> <span class='ocrx_word' id='word_1_218' title='bbox 774 1126 895 1155; x_wconf 81' lang='lat' dir='ltr'>Absenti</span> <span class='ocrx_word' id='word_1_219' title='bbox 918 1126 1008 1154; x_wconf 86' lang='lat' dir='ltr'>delata</span> <span class='ocrx_word' id='word_1_220' title='bbox 1036 1126 1183 1161; x_wconf 79' lang='lat' dir='ltr'>diximus,</span> <span class='ocrx_word' id='word_1_221' title='bbox 1213 1132 1322 1155; x_wconf 88' lang='lat' dir='ltr'>tantum</span> <span class='ocrx_word' id='word_1_222' title='bbox 1346 1125 1443 1154; x_wconf 87' lang='lat' dir='ltr'>referri</span> <span class='ocrx_word' id='word_1_223' title='bbox 1466 1134 1552 1161; x_wconf 85' lang='lat' dir='ltr'>posse</span> <span class='ocrx_word' id='word_1_224' title='bbox 1574 1125 1608 1154; x_wconf 85' lang='lat' dir='ltr'>ad</span> <span class='ocrx_word' id='word_1_225' title='bbox 1634 1124 1835 1161; x_wconf 72' lang='lat' dir='ltr'>hereditates,=</span> 
     </span>
     <span class='ocr_line' id='line_1_20' title="bbox 306 1175 1834 1216; baseline -0.004 -6"><span class='ocrx_word' id='word_1_226' title='bbox 306 1181 336 1210; x_wconf 80' lang='lat' dir='ltr'>in</span> <span class='ocrx_word' id='word_1_227' title='bbox 359 1188 430 1216; x_wconf 90' lang='lat' dir='ltr'>quas</span> <span class='ocrx_word' id='word_1_228' title='bbox 451 1180 499 1216; x_wconf 83' lang='lat' dir='ltr'>jus</span> <span class='ocrx_word' id='word_1_229' title='bbox 518 1179 692 1214; x_wconf 86' lang='lat' dir='ltr'>acquisitum</span> <span class='ocrx_word' id='word_1_230' title='bbox 720 1177 805 1206; x_wconf 88' lang='lat' dir='ltr'>fuerit</span> <span class='ocrx_word' id='word_1_231' title='bbox 829 1183 894 1205; x_wconf 75' lang='lat' dir='ltr'>ante</span> <span class='ocrx_word' id='word_1_232' title='bbox 918 1177 1103 1213; x_wconf 74' lang='lat' dir='ltr'>Absentiam,</span> <span class='ocrx_word' id='word_1_233' title='bbox 1131 1177 1242 1214; x_wconf 87' lang='lat' dir='ltr'>patebit</span> <span class='ocrx_word' id='word_1_234' title='bbox 1264 1186 1298 1206; x_wconf 84' lang='lat' dir='ltr'>ex</span> <span class='ocrx_word' id='word_1_235' title='bbox 1322 1177 1530 1213; x_wconf 80' lang='lat' dir='ltr'>sequentibus,</span> <span class='ocrx_word' id='word_1_236' title='bbox 1559 1175 1610 1204; x_wconf 85' lang='lat' dir='ltr'>ubi</span> <span class='ocrx_word' id='word_1_237' title='bbox 1631 1177 1665 1205; x_wconf 84' lang='lat' dir='ltr'>de</span> <span class='ocrx_word' id='word_1_238' title='bbox 1684 1175 1834 1213; x_wconf 72' lang='lat' dir='ltr'>iuribus„</span> 
     </span>
     <span class='ocr_line' id='line_1_21' title="bbox 308 1227 1797 1270; baseline -0.002 -9"><span class='ocrx_word' id='word_1_239' title='bbox 308 1238 376 1270; x_wconf 75' lang='lat' dir='ltr'>post</span> <span class='ocrx_word' id='word_1_240' title='bbox 402 1230 564 1260; x_wconf 84' lang='lat' dir='ltr'>discessum</span> <span class='ocrx_word' id='word_1_241' title='bbox 584 1230 630 1259; x_wconf 85' lang='lat' dir='ltr'>vel</span> <span class='ocrx_word' id='word_1_242' title='bbox 652 1229 785 1258; x_wconf 88' lang='lat' dir='ltr'>ultimum</span> <span class='ocrx_word' id='word_1_243' title='bbox 805 1228 939 1258; x_wconf 86' lang='lat' dir='ltr'>nuntium</span> <span class='ocrx_word' id='word_1_244' title='bbox 961 1235 1110 1265; x_wconf 81' lang='lat' dir='ltr'>acceptum</span> <span class='ocrx_word' id='word_1_245' title='bbox 1132 1229 1257 1260; x_wconf 84' lang='lat' dir='ltr'>Absenti</span> <span class='ocrx_word' id='word_1_246' title='bbox 1282 1229 1443 1266; x_wconf 86' lang='lat' dir='ltr'>quaesitis,</span> <span class='ocrx_word' id='word_1_247' title='bbox 1463 1236 1544 1266; x_wconf 86' lang='lat' dir='ltr'>agere</span> <span class='ocrx_word' id='word_1_248' title='bbox 1563 1227 1710 1258; x_wconf 76' lang='lat' dir='ltr'>inanimo</span> <span class='ocrx_word' id='word_1_249' title='bbox 1729 1234 1797 1258; x_wconf 52' lang='lat' dir='ltr'>est„</span> 
     </span>
    </p>
   </div>
   <div class='ocr_carea' id='block_1_3' title="bbox 1016 1305 1114 1343">
    <p class='ocr_par' dir='ltr' id='par_1_3' title="bbox 1016 1305 1114 1343">
     <span class='ocr_line' id='line_1_22' title="bbox 1016 1305 1114 1343; baseline -0.01 -8"><span class='ocrx_word' id='word_1_250' title='bbox 1016 1305 1044 1341; x_wconf 71' lang='lat' dir='ltr'>S.</span> <span class='ocrx_word' id='word_1_251' title='bbox 1085 1314 1114 1343; x_wconf 72' lang='lat'>7³</span> 
     </span>
    </p>
   </div>
   <div class='ocr_carea' id='block_1_4' title="bbox 309 1381 1837 2074">
    <p class='ocr_par' dir='ltr' id='par_1_4' title="bbox 309 1381 1837 2030">
     <span class='ocr_line' id='line_1_23' title="bbox 346 1381 1837 1419; baseline -0.001 -7"><span class='ocrx_word' id='word_1_252' title='bbox 346 1385 415 1413; x_wconf 79' lang='lat' dir='ltr'>Huc</span> <span class='ocrx_word' id='word_1_253' title='bbox 446 1391 540 1419; x_wconf 73' lang='lat' dir='ltr'>nsque</span> <span class='ocrx_word' id='word_1_254' title='bbox 564 1383 793 1419; x_wconf 84' lang='lat' dir='ltr'>inquisivimus,</span> <span class='ocrx_word' id='word_1_255' title='bbox 824 1382 971 1418; x_wconf 78' lang='lat' dir='ltr'>quomodo</span> <span class='ocrx_word' id='word_1_256' title='bbox 994 1381 1028 1409; x_wconf 88' lang='lat' dir='ltr'>ad</span> <span class='ocrx_word' id='word_1_257' title='bbox 1058 1381 1180 1410; x_wconf 83' lang='lat' dir='ltr'>aliorum</span> <span class='ocrx_word' id='word_1_258' title='bbox 1212 1382 1381 1419; x_wconf 85' lang='lat' dir='ltr'>petitionem</span> <span class='ocrx_word' id='word_1_259' title='bbox 1414 1381 1656 1411; x_wconf 83' lang='lat' dir='ltr'>administrationi</span> <span class='ocrx_word' id='word_1_260' title='bbox 1682 1381 1837 1411; x_wconf 77' lang='lat' dir='ltr'>bonorum·-</span> 
     </span>
     <span class='ocr_line' id='line_1_24' title="bbox 312 1432 1825 1471; baseline -0.003 -6"><span class='ocrx_word' id='word_1_261' title='bbox 312 1434 451 1465; x_wconf 76' lang='lat' dir='ltr'>Absentis</span> <span class='ocrx_word' id='word_1_262' title='bbox 481 1434 644 1471; x_wconf 82' lang='lat' dir='ltr'>prospiciat</span> <span class='ocrx_word' id='word_1_263' title='bbox 668 1433 832 1468; x_wconf 85' lang='lat' dir='ltr'>Tribunal,</span> <span class='ocrx_word' id='word_1_264' title='bbox 861 1440 888 1461; x_wconf 82' lang='lat' dir='ltr'>et</span> <span class='ocrx_word' id='word_1_265' title='bbox 912 1433 997 1461; x_wconf 87' lang='lat' dir='ltr'>simul</span> <span class='ocrx_word' id='word_1_266' title='bbox 1018 1433 1234 1468; x_wconf 85' lang='lat' dir='ltr'>explicuimus,</span> <span class='ocrx_word' id='word_1_267' title='bbox 1264 1433 1332 1469; x_wconf 89' lang='lat' dir='ltr'>quid</span> <span class='ocrx_word' id='word_1_268' title='bbox 1357 1433 1387 1462; x_wconf 86' lang='lat' dir='ltr'>in</span> <span class='ocrx_word' id='word_1_269' title='bbox 1411 1432 1564 1461; x_wconf 82' lang='lat' dir='ltr'>hereditate</span> <span class='ocrx_word' id='word_1_270' title='bbox 1588 1432 1711 1461; x_wconf 88' lang='lat' dir='ltr'>Absenti</span> <span class='ocrx_word' id='word_1_271' title='bbox 1731 1432 1825 1462; x_wconf 71' lang='lat' dir='ltr'>delata</span> 
     </span>
     <span class='ocr_line' id='line_1_25' title="bbox 309 1483 1826 1522; baseline -0.002 -7"><span class='ocrx_word' id='word_1_272' title='bbox 309 1493 458 1522; x_wconf 78' lang='lat' dir='ltr'>antequam</span> <span class='ocrx_word' id='word_1_273' title='bbox 479 1492 494 1512; x_wconf 91' lang='lat' dir='ltr'>a</span> <span class='ocrx_word' id='word_1_274' title='bbox 519 1485 586 1512; x_wconf 68' lang='lat' dir='ltr'>suis</span> <span class='ocrx_word' id='word_1_275' title='bbox 597 1485 784 1520; x_wconf 84' lang='lat' dir='ltr'>discesserat,</span> <span class='ocrx_word' id='word_1_276' title='bbox 805 1484 882 1522; x_wconf 84' lang='lat' dir='ltr'>juris</span> <span class='ocrx_word' id='word_1_277' title='bbox 893 1483 941 1512; x_wconf 88' lang='lat' dir='ltr'>sit.</span> <span class='ocrx_word' id='word_1_278' title='bbox 983 1483 1083 1521; x_wconf 83' lang='lat' dir='ltr'>Quum</span> <span class='ocrx_word' id='word_1_279' title='bbox 1101 1491 1167 1512; x_wconf 86' lang='lat' dir='ltr'>vero</span> <span class='ocrx_word' id='word_1_280' title='bbox 1181 1483 1245 1512; x_wconf 84' lang='lat' dir='ltr'>inde</span> <span class='ocrx_word' id='word_1_281' title='bbox 1261 1490 1375 1519; x_wconf 77' lang='lat' dir='ltr'>pateat,</span> <span class='ocrx_word' id='word_1_282' title='bbox 1396 1483 1536 1512; x_wconf 85' lang='lat' dir='ltr'>neminem</span> <span class='ocrx_word' id='word_1_283' title='bbox 1554 1483 1597 1512; x_wconf 85' lang='lat' dir='ltr'>vel</span> <span class='ocrx_word' id='word_1_284' title='bbox 1615 1483 1653 1511; x_wconf 92' lang='lat' dir='ltr'>ob</span> <span class='ocrx_word' id='word_1_285' title='bbox 1669 1484 1826 1514; x_wconf 79' lang='lat' dir='ltr'>vinculum</span> 
     </span>
     <span class='ocr_line' id='line_1_26' title="bbox 313 1534 1822 1572; baseline -0.002 -6"><span class='ocrx_word' id='word_1_286' title='bbox 313 1535 535 1566; x_wconf 80' lang='lat' dir='ltr'>necessitudinis</span> <span class='ocrx_word' id='word_1_287' title='bbox 561 1535 606 1563; x_wconf 89' lang='lat' dir='ltr'>vel</span> <span class='ocrx_word' id='word_1_288' title='bbox 628 1535 788 1570; x_wconf 85' lang='lat' dir='ltr'>amicitiae,</span> <span class='ocrx_word' id='word_1_289' title='bbox 809 1543 868 1570; x_wconf 86' lang='lat' dir='ltr'>quo</span> <span class='ocrx_word' id='word_1_290' title='bbox 894 1542 959 1562; x_wconf 85' lang='lat' dir='ltr'>cum</span> <span class='ocrx_word' id='word_1_291' title='bbox 985 1535 1114 1563; x_wconf 87' lang='lat' dir='ltr'>Absente</span> <span class='ocrx_word' id='word_1_292' title='bbox 1134 1536 1257 1572; x_wconf 84' lang='lat' dir='ltr'>J&#39;unctus</span> <span class='ocrx_word' id='word_1_293' title='bbox 1285 1541 1360 1569; x_wconf 85' lang='lat' dir='ltr'>erat,</span> <span class='ocrx_word' id='word_1_294' title='bbox 1382 1535 1456 1564; x_wconf 84' lang='lat' dir='ltr'>illud</span> <span class='ocrx_word' id='word_1_295' title='bbox 1477 1534 1532 1563; x_wconf 88' lang='lat' dir='ltr'>sibi</span> <span class='ocrx_word' id='word_1_296' title='bbox 1559 1542 1691 1571; x_wconf 87' lang='lat' dir='ltr'>arrogare</span> <span class='ocrx_word' id='word_1_297' title='bbox 1714 1542 1822 1571; x_wconf 86' lang='lat' dir='ltr'>posse,</span> 
     </span>
     <span class='ocr_line' id='line_1_27' title="bbox 319 1584 1830 1622; baseline -0.001 -6"><span class='ocrx_word' id='word_1_298' title='bbox 319 1594 348 1616; x_wconf 86' lang='lat' dir='ltr'>ut</span> <span class='ocrx_word' id='word_1_299' title='bbox 375 1595 390 1615; x_wconf 88' lang='lat' dir='ltr'>a</span> <span class='ocrx_word' id='word_1_300' title='bbox 414 1585 569 1615; x_wconf 80' lang='lat' dir='ltr'>Tribunali</span> <span class='ocrx_word' id='word_1_301' title='bbox 597 1590 674 1621; x_wconf 82' lang='lat' dir='ltr'>petat</span> <span class='ocrx_word' id='word_1_302' title='bbox 698 1584 868 1621; x_wconf 84' lang='lat' dir='ltr'>singularem</span> <span class='ocrx_word' id='word_1_303' title='bbox 896 1586 1046 1620; x_wconf 81' lang='lat' dir='ltr'>quamdam</span> <span class='ocrx_word' id='word_1_304' title='bbox 1080 1586 1246 1622; x_wconf 86' lang='lat' dir='ltr'>patrimonii</span> <span class='ocrx_word' id='word_1_305' title='bbox 1275 1585 1401 1614; x_wconf 84' lang='lat' dir='ltr'>derelicti</span> <span class='ocrx_word' id='word_1_306' title='bbox 1425 1593 1544 1620; x_wconf 84' lang='lat' dir='ltr'>curam,</span> <span class='ocrx_word' id='word_1_307' title='bbox 1572 1585 1724 1614; x_wconf 81' lang='lat' dir='ltr'>videndum</span> <span class='ocrx_word' id='word_1_308' title='bbox 1749 1585 1830 1621; x_wconf 71' lang='lat' dir='ltr'>erit,</span> 
     </span>
     <span class='ocr_line' id='line_1_28' title="bbox 311 1635 1830 1674; baseline -0.001 -7"><span class='ocrx_word' id='word_1_309' title='bbox 311 1638 458 1674; x_wconf 80' lang='lat' dir='ltr'>quomodo</span> <span class='ocrx_word' id='word_1_310' title='bbox 483 1638 535 1665; x_wconf 77' lang='lat' dir='ltr'>liae</span> <span class='ocrx_word' id='word_1_311' title='bbox 562 1635 592 1664; x_wconf 89' lang='lat' dir='ltr'>in</span> <span class='ocrx_word' id='word_1_312' title='bbox 614 1644 643 1664; x_wconf 85' lang='lat' dir='ltr'>re</span> <span class='ocrx_word' id='word_1_313' title='bbox 667 1637 836 1665; x_wconf 79' lang='lat' dir='ltr'>commodis</span> <span class='ocrx_word' id='word_1_314' title='bbox 856 1636 950 1672; x_wconf 86' lang='lat' dir='ltr'>ipsius</span> <span class='ocrx_word' id='word_1_315' title='bbox 973 1637 1110 1666; x_wconf 77' lang='lat' dir='ltr'>Absentis</span> <span class='ocrx_word' id='word_1_316' title='bbox 1135 1638 1210 1673; x_wconf 81' lang='lat' dir='ltr'>leges</span> <span class='ocrx_word' id='word_1_317' title='bbox 1235 1636 1453 1673; x_wconf 84' lang='lat' dir='ltr'>prospexerint,</span> <span class='ocrx_word' id='word_1_318' title='bbox 1477 1644 1512 1665; x_wconf 89' lang='lat' dir='ltr'>ne</span> <span class='ocrx_word' id='word_1_319' title='bbox 1536 1636 1595 1665; x_wconf 82' lang='lat' dir='ltr'>hoc</span> <span class='ocrx_word' id='word_1_320' title='bbox 1616 1637 1738 1672; x_wconf 84' lang='lat' dir='ltr'>primum</span> <span class='ocrx_word' id='word_1_321' title='bbox 1765 1637 1830 1665; x_wconf 68' lang='lat' dir='ltr'>Ca·</span> 
     </span>
     <span class='ocr_line' id='line_1_29' title="bbox 310 1687 1820 1724; baseline -0.001 -7"><span class='ocrx_word' id='word_1_322' title='bbox 310 1696 373 1724; x_wconf 82' lang='lat' dir='ltr'>put·</span> <span class='ocrx_word' id='word_1_323' title='bbox 389 1688 533 1717; x_wconf 85' lang='lat' dir='ltr'>doctrinae</span> <span class='ocrx_word' id='word_1_324' title='bbox 556 1688 590 1715; x_wconf 90' lang='lat' dir='ltr'>de</span> <span class='ocrx_word' id='word_1_325' title='bbox 615 1687 793 1715; x_wconf 87' lang='lat' dir='ltr'>Absentibus</span> <span class='ocrx_word' id='word_1_326' title='bbox 820 1693 930 1716; x_wconf 89' lang='lat' dir='ltr'>tantum</span> <span class='ocrx_word' id='word_1_327' title='bbox 960 1688 1033 1716; x_wconf 76' lang='lat' dir='ltr'>tueri</span> <span class='ocrx_word' id='word_1_328' title='bbox 1060 1689 1192 1717; x_wconf 80' lang='lat' dir='ltr'>Videatur</span> <span class='ocrx_word' id='word_1_329' title='bbox 1216 1695 1380 1723; x_wconf 81' lang='lat' dir='ltr'>personas,</span> <span class='ocrx_word' id='word_1_330' title='bbox 1410 1695 1480 1722; x_wconf 76' lang='lat' dir='ltr'>quae</span> <span class='ocrx_word' id='word_1_331' title='bbox 1506 1688 1555 1724; x_wconf 88' lang='lat' dir='ltr'>jus</span> <span class='ocrx_word' id='word_1_332' title='bbox 1584 1687 1702 1722; x_wconf 86' lang='lat' dir='ltr'>aliquod</span> <span class='ocrx_word' id='word_1_333' title='bbox 1725 1687 1760 1715; x_wconf 91' lang='lat' dir='ltr'>ab</span> <span class='ocrx_word' id='word_1_334' title='bbox 1786 1695 1820 1716; x_wconf 84' lang='lat' dir='ltr'>eo</span> 
     </span>
     <span class='ocr_line' id='line_1_30' title="bbox 313 1737 1826 1775; baseline -0.001 -8"><span class='ocrx_word' id='word_1_335' title='bbox 313 1740 516 1768; x_wconf 76' lang='lat' dir='ltr'>vindicandum</span> <span class='ocrx_word' id='word_1_336' title='bbox 548 1738 692 1773; x_wconf 81' lang='lat' dir='ltr'>habeant,</span> <span class='ocrx_word' id='word_1_337' title='bbox 721 1738 814 1774; x_wconf 85' lang='lat' dir='ltr'>ipsius</span> <span class='ocrx_word' id='word_1_338' title='bbox 847 1747 915 1767; x_wconf 84' lang='lat' dir='ltr'>vero</span> <span class='ocrx_word' id='word_1_339' title='bbox 942 1739 1080 1767; x_wconf 70' lang='lat' dir='ltr'>Absentis</span> <span class='ocrx_word' id='word_1_340' title='bbox 1104 1747 1197 1767; x_wconf 81' lang='lat' dir='ltr'>curam</span> <span class='ocrx_word' id='word_1_341' title='bbox 1222 1739 1305 1774; x_wconf 86' lang='lat' dir='ltr'>plane</span> <span class='ocrx_word' id='word_1_342' title='bbox 1330 1737 1491 1775; x_wconf 84' lang='lat' dir='ltr'>negligere,</span> <span class='ocrx_word' id='word_1_343' title='bbox 1520 1738 1545 1765; x_wconf 87' lang='lat' dir='ltr'>si</span> <span class='ocrx_word' id='word_1_344' title='bbox 1568 1745 1651 1766; x_wconf 88' lang='lat' dir='ltr'>nemo</span> <span class='ocrx_word' id='word_1_345' title='bbox 1674 1746 1724 1766; x_wconf 86' lang='lat' dir='ltr'>sua</span> <span class='ocrx_word' id='word_1_346' title='bbox 1751 1737 1826 1774; x_wconf 86' lang='lat' dir='ltr'>peti·</span> 
     </span>
     <span class='ocr_line' id='line_1_31' title="bbox 314 1789 1826 1826; baseline 0 -9"><span class='ocrx_word' id='word_1_347' title='bbox 314 1790 393 1818; x_wconf 82' lang='lat' dir='ltr'>tione</span> <span class='ocrx_word' id='word_1_348' title='bbox 419 1789 547 1826; x_wconf 80' lang='lat' dir='ltr'>judicum</span> <span class='ocrx_word' id='word_1_349' title='bbox 575 1789 774 1818; x_wconf 84' lang='lat' dir='ltr'>auctoritatem</span> <span class='ocrx_word' id='word_1_350' title='bbox 803 1789 938 1825; x_wconf 87' lang='lat' dir='ltr'>invocat,</span> <span class='ocrx_word' id='word_1_351' title='bbox 967 1797 1123 1825; x_wconf 82' lang='lat' dir='ltr'>eorumque</span> <span class='ocrx_word' id='word_1_352' title='bbox 1152 1791 1255 1818; x_wconf 87' lang='lat' dir='ltr'>oculos</span> <span class='ocrx_word' id='word_1_353' title='bbox 1286 1790 1315 1818; x_wconf 89' lang='lat' dir='ltr'>in</span> <span class='ocrx_word' id='word_1_354' title='bbox 1347 1795 1452 1818; x_wconf 81' lang='lat' dir='ltr'>statum</span> <span class='ocrx_word' id='word_1_355' title='bbox 1477 1789 1622 1818; x_wconf 37' lang='lat' dir='ltr'>Absentisv</span> <span class='ocrx_word' id='word_1_356' title='bbox 1635 1789 1745 1825; x_wconf 83' lang='lat' dir='ltr'>aperit,</span> <span class='ocrx_word' id='word_1_357' title='bbox 1773 1797 1826 1818; x_wconf 90' lang='lat' dir='ltr'>cu-</span> 
     </span>
     <span class='ocr_line' id='line_1_32' title="bbox 314 1839 1821 1876; baseline 0 -7"><span class='ocrx_word' id='word_1_358' title='bbox 314 1849 408 1869; x_wconf 80' lang='lat' dir='ltr'>ramve</span> <span class='ocrx_word' id='word_1_359' title='bbox 427 1841 574 1869; x_wconf 79' lang='lat' dir='ltr'>sollicitat.</span> <span class='ocrx_word' id='word_1_360' title='bbox 615 1841 710 1876; x_wconf 81' lang='lat' dir='ltr'>Nam,</span> <span class='ocrx_word' id='word_1_361' title='bbox 744 1839 810 1868; x_wconf 79' lang='lat' dir='ltr'>licet</span> <span class='ocrx_word' id='word_1_362' title='bbox 833 1841 948 1875; x_wconf 82' lang='lat' dir='ltr'>saepius</span> <span class='ocrx_word' id='word_1_363' title='bbox 973 1841 1102 1875; x_wconf 85' lang='lat' dir='ltr'>eveniar,</span> <span class='ocrx_word' id='word_1_364' title='bbox 1131 1848 1164 1868; x_wconf 92' lang='lat' dir='ltr'>ut</span> <span class='ocrx_word' id='word_1_365' title='bbox 1186 1840 1291 1876; x_wconf 74' lang='lat' dir='ltr'>pariter</span> <span class='ocrx_word' id='word_1_366' title='bbox 1314 1839 1454 1869; x_wconf 87' lang='lat' dir='ltr'>Absentis</span> <span class='ocrx_word' id='word_1_367' title='bbox 1479 1839 1592 1868; x_wconf 87' lang='lat' dir='ltr'>intersit</span> <span class='ocrx_word' id='word_1_368' title='bbox 1617 1848 1648 1868; x_wconf 86' lang='lat' dir='ltr'>ac</span> <span class='ocrx_word' id='word_1_369' title='bbox 1668 1840 1821 1876; x_wconf 85' lang='lat' dir='ltr'>petitoris,</span> 
     </span>
     <span class='ocr_line' id='line_1_33' title="bbox 315 1890 1822 1928; baseline -0.001 -7"><span class='ocrx_word' id='word_1_370' title='bbox 315 1893 486 1928; x_wconf 81' lang='lat' dir='ltr'>negotium,</span> <span class='ocrx_word' id='word_1_371' title='bbox 516 1891 592 1927; x_wconf 86' lang='lat' dir='ltr'>quod</span> <span class='ocrx_word' id='word_1_372' title='bbox 619 1891 765 1927; x_wconf 85' lang='lat' dir='ltr'>petitionis</span> <span class='ocrx_word' id='word_1_373' title='bbox 788 1891 936 1928; x_wconf 79' lang='lat' dir='ltr'>objectum</span> <span class='ocrx_word' id='word_1_374' title='bbox 968 1892 1146 1924; x_wconf 85' lang='lat' dir='ltr'>constituat,</span> <span class='ocrx_word' id='word_1_375' title='bbox 1176 1891 1308 1926; x_wconf 79' lang='lat' dir='ltr'>absolvi,</span> <span class='ocrx_word' id='word_1_376' title='bbox 1335 1891 1419 1926; x_wconf 87' lang='lat' dir='ltr'>eique</span> <span class='ocrx_word' id='word_1_377' title='bbox 1444 1899 1459 1918; x_wconf 90' lang='lat' dir='ltr'>a</span> <span class='ocrx_word' id='word_1_378' title='bbox 1484 1890 1638 1919; x_wconf 85' lang='lat' dir='ltr'>Tribunali</span> <span class='ocrx_word' id='word_1_379' title='bbox 1673 1891 1822 1927; x_wconf 85' lang='lat' dir='ltr'>prospici,</span> 
     </span>
     <span class='ocr_line' id='line_1_34' title="bbox 315 1941 1828 1978; baseline -0.001 -7"><span class='ocrx_word' id='word_1_380' title='bbox 315 1944 360 1971; x_wconf 71' lang='lat' dir='ltr'>&#39;nti</span> <span class='ocrx_word' id='word_1_381' title='bbox 383 1942 491 1978; x_wconf 65' lang='lat' dir='ltr'>egregie</span> <span class='ocrx_word' id='word_1_382' title='bbox 517 1949 612 1971; x_wconf 88' lang='lat' dir='ltr'>monet</span> <span class='ocrx_word' id='word_1_383' title='bbox 636 1943 783 1977; x_wconf 70' lang='lat' dir='ltr'>Locretaes,</span> <span class='ocrx_word' id='word_1_384' title='bbox 805 1942 824 1972; x_wconf 84' lang='lat' dir='ltr'>l.</span> <span class='ocrx_word' id='word_1_385' title='bbox 849 1942 870 1971; x_wconf 85' lang='lat' dir='ltr'>l.</span> <span class='ocrx_word' id='word_1_386' title='bbox 893 1951 923 1977; x_wconf 81' lang='lat' dir='ltr'>p.</span> <span class='ocrx_word' id='word_1_387' title='bbox 947 1952 1029 1977; x_wconf 48' lang='grc' dir='ltr'>καφ,</span> <span class='ocrx_word' id='word_1_388' title='bbox 1058 1950 1123 1970; x_wconf 86' lang='lat' dir='ltr'>cum</span> <span class='ocrx_word' id='word_1_389' title='bbox 1148 1949 1240 1970; x_wconf 83' lang='lat' dir='ltr'>tamen</span> <span class='ocrx_word' id='word_1_390' title='bbox 1264 1948 1292 1970; x_wconf 89' lang='lat' dir='ltr'>et</span> <span class='ocrx_word' id='word_1_391' title='bbox 1314 1941 1370 1969; x_wconf 89' lang='lat' dir='ltr'>sibi</span> <span class='ocrx_word' id='word_1_392' title='bbox 1387 1941 1523 1975; x_wconf 73' lang='lat' dir='ltr'>opposita</span> <span class='ocrx_word' id='word_1_393' title='bbox 1549 1950 1611 1969; x_wconf 81' lang='lat' dir='ltr'>csse</span> <span class='ocrx_word' id='word_1_394' title='bbox 1637 1948 1740 1976; x_wconf 84' lang='lat' dir='ltr'>queant</span> <span class='ocrx_word' id='word_1_395' title='bbox 1769 1941 1828 1969; x_wconf 83' lang='lat' dir='ltr'>Ab·</span> 
     </span>
     <span class='ocr_line' id='line_1_35' title="bbox 317 1991 1824 2030; baseline -0.002 -7"><span class='ocrx_word' id='word_1_396' title='bbox 317 1993 408 2023; x_wconf 82' lang='lat' dir='ltr'>sentis</span> <span class='ocrx_word' id='word_1_397' title='bbox 437 2001 469 2022; x_wconf 79' lang='lat' dir='ltr'>ac</span> <span class='ocrx_word' id='word_1_398' title='bbox 499 1992 633 2029; x_wconf 80' lang='lat' dir='ltr'>petitoris</span> <span class='ocrx_word' id='word_1_399' title='bbox 661 1993 832 2028; x_wconf 72' lang='lat' dir='ltr'>commoda,</span> <span class='ocrx_word' id='word_1_400' title='bbox 862 1993 982 2023; x_wconf 87' lang='lat' dir='ltr'>omnino</span> <span class='ocrx_word' id='word_1_401' title='bbox 1013 2001 1090 2030; x_wconf 86' lang='lat' dir='ltr'>opus</span> <span class='ocrx_word' id='word_1_402' title='bbox 1117 2001 1181 2023; x_wconf 80' lang='lat' dir='ltr'>esse</span> <span class='ocrx_word' id='word_1_403' title='bbox 1211 1992 1342 2029; x_wconf 81' lang='lat' dir='ltr'>videtur,</span> <span class='ocrx_word' id='word_1_404' title='bbox 1371 1998 1403 2020; x_wconf 88' lang='lat' dir='ltr'>ut</span> <span class='ocrx_word' id='word_1_405' title='bbox 1431 1991 1565 2021; x_wconf 74' lang='lat' dir='ltr'>defensor</span> <span class='ocrx_word' id='word_1_406' title='bbox 1588 1991 1614 2020; x_wconf 82' lang='lat' dir='ltr'>ei</span> <span class='ocrx_word' id='word_1_407' title='bbox 1640 1992 1824 2029; x_wconf 77' lang='lat' dir='ltr'>adjungatur:</span> 
     </span>
    </p>

    <p class='ocr_par' dir='ltr' id='par_1_5' title="bbox 1772 2051 1836 2074">
     <span class='ocr_line' id='line_1_36' title="bbox 1772 2051 1836 2074; baseline 0.031 -2"><span class='ocrx_word' id='word_1_408' title='bbox 1772 2051 1836 2074; x_wconf 68' lang='lat' dir='ltr'>amo</span> 
     </span>
    </p>
   </div>
  </div>
 </body>
</html>
