1913 2417
265 165 661 198 COMMENTATIO
692 171 742 196 AD
771 163 1454 206 QUAESTIONEM'JURIDPCAM.
1580 174 1625 209 «⁸9

101 249 300 287 bituxn(15).
340 250 415 279 Idem
438 249 590 278 dicendum
615 256 658 277 est
682 249 716 277 de
743 248 888 277 fructibus
912 251 971 287 J'am
1000 252 1142 287 perceptis
1169 259 1240 281 ante
1269 253 1485 281 declarationem
1509 252 1620 283 Absen-

93 301 177 337 ftiae,
198 308 230 330 ut
249 309 286 330 ex
313 301 407 330 codem
435 307 497 330 art.
526 301 589 330 126.
612 300 654 329 2⁰.
683 306 818 335 apparet-3
842 300 927 335 idque
951 302 1021 329 satis
1045 302 1168 338 probat,
1196 304 1283 332 hosce
1309 312 1406 331 omues
1430 303 1503 332 sorti
1525 304 1614 332 aduu-

98 353 223 387 merari,
249 351 584 397 neque-possessoribus
611 351 695 380 licere
717 352 817 379 horum
842 358 947 387 partem
971 361 1024 387 pro
1056 353 1306 390 administratione
1335 354 1450 382 vixdum
1476 361 1610 390 suscepta

90 402 234 433 -retinere2
256 403 368 431 nullum
393 403 478 438 igitur
505 403 616 431 lucrum
642 402 862 438 possessoribus
895 403 1034 438 afferunt,
1063 404 1120 432 nisi
1142 411 1285 443 quatenu-s
1319 411 1424 434 sortem
1450 406 1612 442 locupleta-

92 453 176 490 ·rim,
196 460 224 482 et
243 452 286 482 sic
309 453 394 482 etiam
420 452 534 482 fructus
556 461 590 482 ex
614 461 645 482 ea
667 452 871 490 percipiendos,
892 455 1022 483 auxerint
1043 455 1106 492 (16
1116 456 1144 492 >-

805 531 836 567 ε.
877 539 907 568 4·

133 608 214 637 naec
244 614 359 644 autem,
388 608 495 645 quibus
527 608 695 645 praesertim
727 607 757 638 in
787 607 905 644 gratiam
937 607 1077 637 Absentis
1108 608 1142 637 de
1172 610 1257 638 rebus
1289 610 1450 639 mobilibus
1470 616 1608 646 cavetur,

63 657 179 699 setiam
214 666 330 689 eatenus
357 660 586 696 {possessoribus
617 666 762 702 prosunt,
794 666 827 687 ut
854 659 883 687 in
913 666 1059 695 posterum
1092 660 1125 688 de
1155 661 1240 690 bouis
1267 662 1442 690 restitutioni
1473 657 1609 690 obnoxiis

89 717 230 746 -constet,
258 719 350 746 neque
371 711 431 739 ulla
457 711 566 740 ratione
590 712 663 739 ultra
688 711 761 738 vires
784 710 904 746 obligari
931 717 1055 746 queant:
1084 720 1173 747 quum
1207 720 1275 740 vero
1302 712 1411 740 ratione
1434 720 1526 740 rerum
1557 712 1610 740 iru-

80 760 243 789 'mobilium
268 768 378 790 tantum
403 770 436 790 ex
464 762 623 790 inventario
652 768 784 796 constet,
815 769 951 798 quaenam
980 762 1009 790 in
1036 762 1210 798 patrimonio
1234 762 1431 798 reperiantur,
1461 770 1553 798 neque
1577 761 1612 790 de

84 818 190 847 statu,
213 820 273 847 quo
293 811 399 840 fuerint
426 819 554 849 tempore
579 812 764 847 traditionis,
786 812 942 847 quidquam
966 813 1094 841 adnotari
1117 814 1226 847 soleat,
1247 813 1348 841 merito
1373 813 1424 841 hac
1450 813 1480 841 in
1505 821 1533 840 re
1554 809 1612 840 effi-

81 863 153 893 ,caci
176 863 284 899 auxilio
307 863 527 898 possessoribus
553 864 776 891 succurrendum
800 871 864 892 esse
892 863 1065 891 existimavit
1088 863 1259 900 legislator,
1288 871 1323 892 ne
1346 863 1376 891 in
1398 871 1546 900 posterum
1571 862 1608 892 lis

91 913 199 942 oriatur
222 915 255 942 de
281 921 357 942 statu
383 914 544 949 bonorum,
572 921 599 942 et
622 914 681 942 doli
711 920 760 942 aut
792 913 981 951 negligentiae
1011 921 1195 943 accusentur.
1236 914 1364 943 Possunt
1388 914 1479 951 igitur
1501 923 1516 943 a
1541 911 1609 943 Tri·

92 964 190 993 bunaii
219 971 331 1001 petere,
360 972 393 993 ut
415 965 484 994 artis
506 966 630 1001 peritum
653 966 782 1002 deleget,
820 965 868 1001 qui
898 965 1026 1001 inquirat
1048 965 1078 994 in
1100 972 1205 993 statum
1235 965 1445 1002 immobilium3
1474 967 1553 1002 quod
1575 966 1603 995 εἶ

89 1014 197 1044 factum
220 1015 326 1051 fuerit,
355 1016 542 1044 narrationem
567 1016 606 1044 rei
627 1022 722 1052 gestae
746 1008 833 1044 simul
864 1022 891 1044 et
911 1023 1003 1043 rerum
1033 1016 1255 1052 descriptionem
1280 1024 1368 1045 ratam
1396 1015 1513 1044 habebit
1536 1016 1605 1045 Tri·

79 1065 178 1094 ·bunal
201 1067 310 1103 (17),
330 1066 423 1103 Regio
446 1067 631 1095 Procurator-e
654 1072 820 1102 praesente:
851 1074 950 1094 omnes
978 1073 1071 1095 autem
1097 1075 1236 1103 expensae
1261 1068 1333 1096 hanc
1360 1067 1390 1096 in
1414 1076 1470 1096 rem
1495 1067 1605 1104 facien-

71 1136 76 1142 ³
89 1116 140 1145 dae
172 1117 357 1146 desumentur
385 1125 400 1145 e
424 1117 508 1146 bonis
540 1117 704 1153 Absentis;
736 1116 795 1145 vid.
827 1116 926 1145 ultima
956 1125 1021 1153 pars
1058 1124 1121 1146 art·
1148 1118 1210 1148 126.
1266 1117 1343 1146 Haec
1373 1119 1482 1155 egregie
1511 1120 1604 1155 inser-

72 1166 173 1195 .viunt
198 1168 342 1196 securitati
372 1176 599 1204 possessorum:
631 1167 746 1204 saepius
771 1166 846 1195 enim
877 1167 1008 1203 eveniet,
1030 1174 1062 1196 ut
1088 1168 1268 1203 immobilia,
1293 1177 1345 1204 per
1373 1169 1603 1205 quinquennium

86 1217 258 1254 plerumque
290 1219 417 1254 intacta,
449 1225 498 1247 aut
522 1219 546 1246 si
570 1218 789 1247 Procuratorem
812 1218 1014 1246 constituisset
1036 1219 1168 1254 Absens,
1195 1219 1246 1251 ab,
1262 1220 1318 1248 hoc
1347 1218 1422 1248 forte
1454 1218 1601 1258 negligen-

71 1274 130 1296 ,πει-
159 1268 254 1297 habita
283 1277 333 1305 per
364 1278 394 1298 11
418 1278 530 1304 annos,
554 1270 582 1297 in
608 1269 770 1298 deteriorem
796 1275 902 1297 statum
927 1277 1007 1297 versa
1034 1270 1200 1304 tradantur,
1231 1276 1280 1298 aut
1304 1270 1334 1298 in
1356 1271 1470 1300 ruinam
1493 1280 1598 1307 prona.

83 1319 147 1354 At,
175 1319 200 1348 si
233 1320 288 1348 hoc
319 1319 457 1348 beneficio
483 1320 527 1348 uti
549 1319 742 1356 neglexerint,
770 1328 829 1348 non
852 1326 944 1348 tamen
975 1319 1083 1349 idcirco
1105 1320 1283 1356 putaverim,
1311 1329 1423 1357 semper
1447 1322 1522 1350 bona
1547 1322 1601 1361 im-

83 1369 200 1398 mobilia
233 1378 306 1399 saria
336 1377 412 1400 tecta
441 1371 543 1400 tradita
577 1371 706 1406 censeri,
735 1371 863 1406 adeoque
892 1371 949 1399 soli
972 1371 1135 1406 possessori
1159 1371 1295 1400 contrarii
1321 1371 1525 1408 ,probationem
1554 1373 1598 1402 in-

83 1420 242 1457 cumbere;
277 1423 439 1458 praesertim
468 1430 533 1451 cum
570 1421 609 1450 ob
642 1422 766 1451 rationes
798 1430 886 1457 supra
918 1421 1016 1449 allatas
1049 1421 1199 1459 probabile
1228 1422 1288 1458 sit,
1322 1431 1368 1451 eas
1393 1423 1450 1460 jam
1486 1423 1598 1459 aliquid

81 1471 242 1500 detrimenti
266 1473 397 1507 cepisse,
431 1474 558 1507 adeoque
586 1481 680 1508 neque
701 1473 839 1508 veritati,
861 1480 953 1507 neque
985 1471 1123 1508 aequitati
1153 1472 1319 1501 conveniret
1352 1474 1418 1501 talis
1450 1483 1596 1509 praesum-

64 1521 133 1559 ivtio.
175 1523 257 1557 imo,
288 1522 357 1551 licet
383 1523 471 1551 Curia
495 1523 630 1558 quaedam
659 1523 861 1560 appellationis
890 1530 948 1550 eam
979 1523 1184 1558 proposuerit,
1213 1530 1363 1558 antequam
1391 1523 1496 1554 Codex
1527 1525 1595 1553 ado·

68 1578 181 1610 *ptatus
204 1579 265 1608 est,
288 1573 366 1601 nulla
389 1581 510 1608 prorsus
534 1574 596 1610 ejus
625 1575 697 1603 ratio
718 1574 813 1602 habita
833 1572 890 1601 fuit
914 1573 945 1600 in
969 1572 1131 1608 adoptando
1155 1573 1211 1602 hoc
1235 1575 1358 1603 articulo
1384 1574 1444 1611 (18
1459 1580 1486 1609 ¹).
1533 1575 1595 1604 Ne-

82 1631 140 1659 que
169 1624 203 1651 ad
227 1624 455 1652 dissentientium
485 1625 642 1654 doctrinam
666 1625 841 1661 probandam
871 1624 995 1663 multum
1022 1625 1098 1653 valet
1125 1630 1322 1661 argumentum
1351 1633 1385 1654 ex
1413 1631 1476 1654 art.
1508 1635 1591 1663 1731.

65 1674 221 1711 metitum:
244 1675 273 1703 id
294 1676 367 1703 enim
390 1675 419 1704 in
443 1676 588 1705 locatione
608 1676 803 1704 conductione
833 1675 874 1704 ita
903 1675 1096 1704 constitutum
1118 1675 1252 1710 videtur,
1284 1677 1419 1712 quoniam
1455 1677 1592 1706 locator-is

65 1732 138 1762 esse
160 1725 244 1755 docet
272 1732 336 1755 art.
365 1734 471 1764 1720„
492 1735 549 1756 rem
570 1727 707 1764 integram
723 1747 736 1763 ,
753 1734 846 1762 neque
868 1731 1031 1761 corruptam
1058 1725 1182 1762 trade-reg
1205 1727 1333 1762 adeoque
1353 1726 1384 1756 in
1408 1733 1471 1757 art.
1503 1736 1587 1764 1731,

1515 1785 1589 1808 sem·

101 1838 170 1867 (¹⁵)
193 1839 244 1863 vid.
267 1841 440 1870 Spangenberg‚
461 1843 488 1865 ad
508 1848 548 1866 arr.
565 1843 612 1865 126.
636 1848 684 1865 not·
699 1847 722 1868 4.
751 1842 811 1866 Add.
834 1840 963 1866 Putabam
985 1847 1007 1868 P·
1022 1845 1070 1868 ¹⁵7·

97 1879 165 1909 (16)
189 1882 240 1904 νέα.
260 1882 425 1911 υιΙνίηωηη,
444 1883 465 1905 in
486 1889 533 1906 nor.
553 1891 575 1911 p.
589 1890 640 1911 36¹·
657 1886 732 1906 adnot.
750 1890 782 1906 ιο.
803 1888 825 1905 et
842 1883 924 1909 reliqui
948 1883 1086 1909 interpretes
1105 1882 1133 1903 ad
1155 1882 1178 1903 h.
1194 1882 1212 1903 1.

92 1920 166 1948 (17)
185 1921 237 1944 Vld.
257 1922 417 1948 Destinatus,
439 1923 460 1946 in
479 1923 528 1946 not.
550 1932 572 1952 p.
585 1931 634 1952 ³5¹·
655 1927 732 1947 adnot.
748 1930 781 1951 13.

61 1969 65 1974 ·
91 1962 164 1990 (18)
184 1963 237 1984 Vid-
260 1963 343 1990 Locri,
365 1970 387 1991 p.
407 1970 456 1991 ⁴⁵1·
490 1966 634 1990 Dissentiunt
648 1966 816 1994 *Spangaenbarffi
838 1966 866 1987 ad
891 1969 932 1987 art.
947 1961 996 1987 126.
1017 1969 1064 1987 nor.
1079 1964 1102 1987 6.
1125 1968 1149 1986 et
1166 1963 1330 1993 Delvsncaurr,
1350 1963 1378 1988 Τ.
1390 1965 1405 1988 1.
1426 1972 1450 1994 p.
1466 1965 1501 1994 48.
1521 1965 1585 1994 inira

64 2001 134 2026 4118
157 2003 290 2032 Pramum,
307 2012 329 2033 p.
346 2009 396 2033 157.
