1913 2417
276 197 319 232 '28
734 198 761 231 δ’.
814 199 848 231 T.
899 198 1288 240 PLUSCHKE„

289 289 347 322 cile
369 289 540 332 concedet,
573 288 633 324 hac
656 301 764 324 rerum
794 292 885 335 copia
919 299 1014 337 atque
1050 293 1193 326 ubertate
1217 292 1370 325 omnibus
1401 302 1420 324 a
1448 290 1517 325 Deo
1547 301 1764 338 prospectum·

287 358 371 385 esse,
396 355 428 380 et
442 350 603 380 neminem
619 348 708 380 facile
726 349 896 386 exsistere..
921 351 998 393 qui,
1024 350 1113 394 quod
1137 351 1279 393 quaerit,
1301 351 1330 382 si
1354 349 1491 382 candido
1521 351 1630 383 animo
1653 363 1753 396 quae·

287 410 354 443 rat,
376 416 443 436 non
466 406 565 448 possit
594 406 746 439 invenire.

329 461 481 492 Historias
507 468 539 492 et
568 461 708 492 carmina
737 462 930 498 memoravi,
962 472 1044 504 quae
1070 463 1096 492 si
1124 463 1320 504 conjungas,
1350 463 1500 507 pleraque
1532 464 1642 495 omnia
1664 474 1752 495 com-

289 515 384 557 plecti
410 516 644 559 propemodum
673 517 813 559 poteris,
844 528 925 560 quae
963 519 998 548 in
1032 520 1061 549 S.
1082 520 1111 550 S.
1148 518 1441 560 deprehenduntur.
1494 519 1554 551 sed
1585 527 1632 551 est
1670 521 1757 551 inter

287 578 461 614 utrumque
490 573 643 615 quiddam
669 574 758 615 quasi
786 573 950 614 medium,
973 574 1061 616 quod
1088 584 1154 616 quo
1181 573 1274 605 lanus
1303 582 1404 617 patet,
1428 587 1466 607 eo
1487 577 1595 607 minus
1624 576 1753 607 silentio

289 628 452 669 praeteriri
485 628 587 660 debet.
641 629 806 660 Parabolas
839 629 938 668 dico,
969 630 1150 672 allegorias,
1173 636 1205 660 et
1238 631 1397 672 ejusmodi
1430 632 1505 662 alias
1536 633 1754 671 narrationes,

286 693 366 723 quae
389 696 428 715 ex
449 691 587 727 utroque
610 695 745 727 genere,
770 686 924 718 historico
955 693 986 717 et
1013 689 1138 729 poetico
1165 687 1281 717 mixtae
1309 687 1447 730 quodam
1481 688 1578 719 modo
1609 695 1640 719 et
1664 699 1754 720 com·

286 740 408 783 positae
449 740 550 772 videri
583 749 746 784 possunt,
779 745 895 774 rectius
932 748 1038 773 tamen
1071 744 1185 785 poesi,
1219 754 1315 786 quam
1359 744 1507 774 historiae
1539 751 1754 776 accensentur.

286 796 404 827 Oriens
424 797 551 828 videtur
568 797 678 829 fertilis
704 798 756 829 ille
781 797 920 838 fundus,
941 810 980 830 ex
995 810 1062 841 quo
1086 798 1120 829 hi
1138 799 1218 830 setus
1243 801 1364 842 ingenii
1389 800 1521 830 humani
1542 801 1704 831 tenerrimi
1723 807 1755 831 et

283 850 471 894 lepidissimi
486 853 622 886 ubertim
643 863 897 899 progenerantur
918 855 1061 898 laeteque
1076 855 1289 888 efflorescunt.
1336 857 1440 895 Quis,
1466 863 1501 887 ut
1524 868 1590 887 rein
1618 856 1758 889 breviter

285 909 476 951 expediam,
507 912 579 953 quis
604 919 651 943 est
681 919 847 951 nostrum,
881 916 919 945 A.
937 916 998 951 A.‚
1031 923 1128 955 quem
1152 924 1220 944 non
1250 913 1385 944 subeant
1415 913 1520 943 statim
1553 914 1759 945 suavissimae

287 963 359 995 illae
385 967 640 999 narratiunculae
664 968 703 1000 de
728 976 798 1000 satu
832 970 962 1000 seminis
989 979 1205 1011 agrorumque
1237 970 1437 1008 diversitate,
1461 969 1500 1000 (le
1523 968 1609 1000 bono
1634 971 1757 1001 semine

286 1027 318 1051 et
346 1021 440 1063 lolio,
462 1023 503 1054 de
519 1034 619 1065 grano
637 1025 778 1068 sinapis,
802 1024 842 1056 de
859 1024 1035 1064 fermento,
1057 1025 1097 1056 de
1117 1026 1295 1064 verriculo,
1319 1028 1358 1059 de
1383 1038 1455 1070 rege
1471 1027 1608 1058 rationes
1625 1037 1757 1070 poscen-

285 1082 332 1115 te,
354 1076 394 1108 de
416 1079 569 1121 operariis
595 1080 629 1111 in
656 1081 767 1119 vinea,
797 1081 837 1112 de
859 1081 956 1123 epulo
979 1082 1070 1124 regio
1096 1080 1135 1112 ab
1159 1083 1300 1114 invitatis
1333 1090 1449 1115 temere
1479 1089 1609 1126 spreto,
1640 1082 1680 1113 de
1701 1082 1759 1114 de·

284 1142 354 1163 cem
376 1135 554 1176 virginibus
581 1136 685 1168 obviis
714 1148 834 1180 sponso
850 1161 858 1176 ,
892 1139 1007 1180 partim
1043 1138 1205 1181 providi3‚
1230 1141 1346 1182 partim
1370 1138 1577 1182 improvidis,
1603 1138 1644 1169 de
1666 1137 1758 1170 lucro

285 1198 302 1218 e
329 1188 453 1222 talentis
478 1191 643 1232 faciendo,
668 1193 708 1224 de
735 1193 855 1225 festuca
877 1201 909 1225 et
936 1194 1023 1225 trabe
1046 1195 1081 1225 in
1112 1196 1230 1235 oculis,
1262 1196 1301 1227 de
1329 1207 1388 1227 ove
1416 1194 1554 1238 perdita,
1577 1193 1617 1225 de
1641 1194 1758 1226 amisso

286 1242 433 1284 denario,
459 1247 499 1278 de
526 1247 594 1279 filio
621 1249 793 1292 degenere,
817 1256 848 1280 et
869 1256 906 1281 ut
932 1251 977 1281 rei
1003 1261 1162 1282 summam
1192 1253 1364 1294 attingam,
1386 1251 1426 1282 de
1448 1261 1551 1294 regno
1573 1249 1758 1289 coetorum,

287 1301 380 1340 cujus
412 1303 582 1336 involucro
609 1307 717 1337 omnia
746 1301 877 1337 consilia
907 1306 1016 1339 divina
1047 1306 1217 1349 complecti
1246 1309 1437 1339 sanctissimi
1470 1307 1529 1338 Dei
1561 1306 1664 1347 legato
1691 1305 1757 1348 pla-

289 1355 378 1385 cuit?
422 1359 510 1396 Quae
541 1363 739 1393 narrationes
763 1363 927 1405 egregiae,
963 1363 1030 1393 imo
1055 1362 1337 1406 incomparabiles,
1368 1365 1411 1396 ita
1437 1364 1631 1406 compositae
1661 1369 1761 1404 sunt2

289 1416 410 1441 uttam
441 1413 481 1443 ab
515 1415 660 1457 imperita
692 1418 786 1449 turba
819 1430 893 1449 curn
925 1418 1097 1461 cupiditate
1126 1420 1296 1451 audiantur
1324 1427 1355 1452 et
1384 1420 1627 1463 percipiantur,
1660 1427 1760 1461 quam

286 1475 304 1495 a
334 1466 526 1501 doctissimis
549 1472 732 1515 quibusque
759 1485 832 1504 cum
856 1475 1055 1516 jucunditate
1080 1475 1225 1517 legantur
1247 1483 1342 1518 atque
1367 1478 1561 1519 relegantur.

331 1522 430 1563 (*)ln
443 1524 502 1556 hac
526 1525 750 1567 historiarum,
771 1531 951 1561 carminum
963 1554 972 1568 ,
988 1530 1212 1572 parabolarum
1232 1533 1442 1564 multitudine
1457 1540 1487 1564 et
1505 1538 1658 1564 contextu
1677 1531 1757 1562 emi·

286 1584 365 1609 nent
386 1579 585 1613 admirabiles
609 1595 648 1614 ex
681 1586 770 1616 omni
798 1597 913 1628 genere
937 1587 1134 1625 sententiae,
1168 1588 1234 1618 sive
1251 1588 1333 1620 dicta
1358 1590 1465 1620 brevia
1480 1611 1489 1626 ‚
1522 1579 1573 1620 vel
1596 1599 1646 1619 res
1669 1587 1755 1618 divi-

287 1643 344 1664 nas
369 1634 575 1676 declarantia,
598 1639 648 1670 vel
676 1641 715 1671 ad
744 1643 826 1673 vitae
856 1643 1090 1673 institutionem
1123 1645 1334 1686 pertinentia,
1366 1655 1448 1687 quae
1478 1645 1506 1675 si
1537 1644 1603 1674 sola
1629 1646 1663 1674 in
1690 1643 1757 1674 Co·

289 1687 358 1720 dice
383 1702 409 1723 s.
439 1695 679 1735 reperirentur,
715 1699 872 1739 egregiam
906 1699 1108 1740 philocaliam
1134 1699 1318 1740 efficerent,
1348 1701 1491 1731 humano
1521 1699 1630 1741 generi
1661 1701 1761 1729 instar

291 1743 429 1778 thesauri
454 1749 634 1782 inexhausti
660 1752 847 1784 habendam.
893 1754 1059 1795 Ejusmodi
1087 1759 1261 1788 sententiae
1297 1763 1418 1800 quanto
1448 1756 1482 1786 iu
1514 1755 1618 1798 pretio
1637 1753 1759 1786 fuerint

1676 1809 1765 1853 apud

330 1900 384 1929 (²)
401 1901 462 1926 Haec
483 1909 506 1926 et
528 1905 571 1928 ali-2
587 1907 701 1938 quaedam
727 1907 751 1929 in
772 1907 909 1930 recitatione
933 1909 1001 1932 omisi
1024 1913 1061 1934 vel
1087 1913 1212 1939 contraxi,
1235 1920 1265 1935 ne
1287 1914 1349 1940 justo
1370 1911 1461 1942 longior
1483 1916 1574 1933 essem:
1601 1907 1748 1931 auditoribus

299 1942 386 1974 quippe
409 1946 479 1976 magis
502 1951 646 1979 parcendum
672 1957 705 1974 est
720 1967 728 1978 ‚
756 1959 824 1982 quain
851 1951 992 1982 lectoribus5
1014 1954 1040 1977 hi
1070 1955 1147 1986 euim,
1168 1955 1232 1987 qus]
1261 1955 1388 1987 displicet,
1419 1954 1597 1981 ῑΓ-Ίῑῐξωῖῐωῦῑθ
1624 1957 1647 1976 ε(
1671 1951 1750 1976 minu

299 1992 397 2018 pariunt
415 1990 545 2022 scribenti,
559 2002 627 2026 qnam
653 1994 770 2018 auditores
789 1994 906 2020 recitanti·
