1913 2417
312 181 353 206 ιο
750 174 799 206 M.
890 177 918 203 S.
1008 182 1030 204 n
1063 181 1082 206 σ
1170 174 1194 205 Ρ
1237 174 1267 205 U
1311 171 1345 214 1,

353 268 463 309 Atque
495 266 540 297 sic
575 264 678 298 dolori
709 266 874 308 luctuique
904 265 1028 298 dedisse
1065 267 1138 297 satis
1179 266 1259 297 mihi
1294 277 1379 297 eram
1417 266 1521 306 visus;
1553 284 1594 294 -
1628 269 1691 301 Sed
1715 276 1776 300 nee

312 331 418 355 tamen
444 322 547 354 dolori
571 322 735 365 luctuique
761 322 870 353 datum
895 322 980 354 satis.
1005 338 1050 345 —
1089 323 1119 352 Ο
1144 333 1194 353 me
1221 321 1404 360 infelicem,
1434 323 1506 361 cui,
1534 332 1683 357 currente
1711 326 1774 358 hoc

310 391 397 411 anno
431 378 648 415 Academico,
684 377 709 409 C
715 377 743 411 ll.
768 380 945 409 Doctorum
981 389 1037 421 par
1070 377 1199 410 dolendi
1232 377 1312 408 dura
1340 378 1487 409 incubuit
1517 381 1705 412 necessitas!
1728 400 1775 409 ..-

312 438 407 468 Nunc
433 435 543 466 eodem
572 433 665 465 finito
687 433 784 465 ferme
800 457 810 472 ‚
834 445 907 465 cum
933 435 997 476 jam
1030 434 1064 464 in
1081 435 1171 465 exitu
1197 444 1296 465 essem
1319 434 1381 464 mei
1400 438 1542 467 muneris
1568 438 1770 477 Rectoratus‚

313 493 442 523 tertium
469 489 656 522 Academiae
691 490 905 532 exstinguitur
940 491 1077 521 Lumen.
1111 506 1155 514 -
1187 490 1303 520 Dolore
1327 491 1381 521 vix
1409 490 1524 529 lenito,
1556 503 1662 524 novus
1686 505 1773 526 acce-

311 548 393 579 dunt
417 546 509 578 dolor
529 552 560 576 et
583 546 680 577 tristis
708 544 924 576 Adversorum
957 546 1145 577 Academiae
1168 547 1430 577 commemoratio
1445 570 1455 584 ‚
1486 558 1570 580 nova
1600 557 1770 592 parentan-

310 604 343 634 di
369 613 486 634 caussa.
516 621 561 630 —·
589 604 617 632 Ο
648 612 769 632 annum
797 601 986 634 Academiae
1022 600 1196 632 infaustum
1221 625 1229 638 ,
1263 603 1448 634 Annalibus
1481 604 1564 634 tristi
1597 608 1689 648 signo
1720 607 1772 638 in·

317 657 502 691 serendum!
536 674 581 683 —
607 661 637 689 0
666 657 752 688 diem
769 657 900 689 Artibus
928 663 959 688 et
988 657 1135 688 Scientiis
1156 656 1305 689 fatalem!

355 771 534 809 Occubuit,
567 771 618 802 die
643 771 768 802 decimo
799 776 911 801 octavo
943 770 1061 800 mensis
1095 770 1252 812 praeteriti
1284 770 1317 801 in
1341 770 1424 801 Villa
1467 771 1651 803 suburbana
1683 773 1775 805 omni

314 829 446 860 nomine
467 839 602 871 magnus
635 838 787 858 namen
821 836 929 857 wYT1
943 837 1123 862 zwnncu,
1157 827 1190 856 in
1224 826 1341 858 illustri
1374 827 1540 859 Athenaeo
1573 828 1776 860 Amsteloda·

317 885 419 915 mensi
451 885 613 927 quondam
650 883 873 925 Philosophiae
907 889 938 912 et
971 883 1161 913 Litterarum
1193 882 1429 915 Humaniorum
1449 907 1457 922 ,
1497 883 1613 915 deinde
1648 885 1681 915 in
1718 883 1782 915 hac

311 940 478 971 Academia
509 943 698 972 Litterarum
730 942 921 970 Graecarum
970 944 1001 969 et
1035 939 1219 970 Latinarum
1258 937 1420 971 Professor
1439 963 1449 980 ,
1489 950 1576 972 anno
1611 946 1780 983 septuag&

313 996 394 1027 simo
412 1004 443 1028 et
457 1008 562 1040 supra.

356 1108 454 1141 Hunc
486 1109 600 1141 Virum
634 1109 915 1150 incomparabilem
950 1120 1074 1142 mecum
1105 1109 1177 1142 flete
1201 1111 1373 1143 amissum!
1393 1127 1437 1135 —
1469 1111 1566 1143 Hunc
1600 1110 1779 1156 extinctum

315 1163 420 1207 lugete
445 1165 641 1197 Perillustres
668 1167 853 1198 Academiae
878 1166 1071 1199 Curatores!
1100 1182 1147 1192 -
1178 1167 1273 1199 Hunc
1297 1166 1464 1210 Collegam
1485 1173 1630 1198 nostrum
1651 1177 1781 1199 mecum

315 1219 387 1251 flete
414 1220 563 1263 Collegae
584 1221 781 1252 Clarissimi!
814 1240 852 1246 —
886 1223 982 1255 Hunc
1009 1224 1201 1265 Magistrum
1226 1223 1346 1266 plorate
1363 1223 1458 1263 hujus
1480 1221 1669 1256 Academiae
1685 1225 1784 1255 Juve·

315 1286 372 1307 nes
391 1276 525 1320 egregii!
549 1295 583 1302 -
614 1279 707 1309 nunc
735 1279 849 1309 Virum
869 1289 1038 1321 magnum,
1064 1291 1151 1311 mors
1170 1286 1247 1310 tetra
1264 1290 1435 1311 wrr‘ran
1448 1289 1641 1310 nacnlun
1672 1279 1782 1309 abstu-

314 1331 363 1363 lit!
396 1332 467 1364 ssete
483 1343 608 1364 mecum
627 1343 755 1370 omnes,
772 1333 891 1375 quibus
904 1335 1115 1365 ScientIarum
1135 1341 1167 1365 et
1182 1335 1371 1365 Litterarum
1388 1341 1518 1366 sanctus
1540 1345 1630 1365 amor
1650 1331 1775 1364 adurit!

357 1390 476 1431 Lugete
497 1396 528 1420 et
551 1389 672 1432 plorate
698 1399 823 1419 mecum
847 1391 914 1420 Vos
943 1401 1054 1421 omnes
1089 1390 1204 1422 Virum
1236 1390 1323 1421 hunc
1351 1401 1424 1421 vere
1458 1400 1611 1432 magnum
1631 1412 1642 1428 ‚
1678 1400 1779 1433 quem

313 1451 385 1485 post
406 1454 777 1482 HEMSTERHUSIOS‚
802 1452 1487 1484 vancxxnanlos‚auuwnumvros
1511 1453 1543 1477 et
1567 1455 1782 1486 znzactos,

311 1499 408 1531 eheu!
442 1502 537 1532 etiam
562 1512 650 1532 nunc
671 1501 787 1531 amittit
817 1501 986 1533 Academia
1003 1513 1014 1541 3
1045 1504 1190 1545 tantique
1215 1503 1284 1533 Viri
1321 1509 1416 1543 atquc
1450 1502 1526 1543 Ejus
1567 1503 1779 1534 Deoessorum

315 1558 501 1588 memoriam
521 1581 531 1597 ‚
569 1568 666 1601 quam
699 1556 757 1588 diu
791 1557 918 1589 Litteris
951 1563 982 1588 et
1024 1557 1231 1590 solIdioribus
1261 1557 1409 1589 Scientiis
1439 1558 1615 1589 constiterit
1650 1557 1754 1590 honos
1768 1581 1783 1599 ,

312 1612 452 1644 servate!

364 1726 437 1756 Non
475 1725 711 1770 exspectabitis,
742 1727 786 1758 A.
822 1727 862 1757 A.
892 1727 934 1759 H.
962 1726 1019 1759 H.!
1059 1738 1118 1758 nos
1150 1727 1203 1760 hic
1235 1729 1268 1760 in
1299 1727 1424 1760 laudem
1456 1728 1556 1758 ituros
1590 1727 1782 1760 Meritorum

314 1781 383 1811 Vim
405 1783 494 1814 tami.
526 1801 560 1809 -
590 1784 676 1821 Nos,
709 1794 775 1826 quo
800 1784 907 1814 minus
943 1784 975 1814 in
995 1784 1078 1826 ‚Ejus
1102 1785 1210 1816 laudes
1230 1795 1339 1816 eamus
1357 1808 1367 1822 ‚
1400 1783 1609 1827 prohibemur
1643 1791 1674 1815 et
1705 1783 1777 1816 loco

311 1843 354 1869 ct*
372 1837 525 1869 facultate.

354 1895 429 1924 Non
450 1893 615 1925 defuturos
642 1895 721 1926 tanti
744 1896 812 1926 Viri
836 1895 1028 1927 Laudatores
1063 1896 1195 1929 idoneos
1222 1894 1436 1933 confidimus,
1470 1895 1550 1937 quin
1578 1902 1607 1926 et
1636 1901 1683 1927 tot
1706 1896 1782 1928 Dis-

311 1950 511 1992 cipulorum,
546 1962 628 1994 quos
649 1958 685 1982 ut
715 1951 799 1983 lilios
832 1951 963 1992 dilexit,
999 1954 1149 1995 pietatem
1194 1959 1358 1996 paternam
1391 1962 1556 1983 summum
1593 1951 1673 1983 illud
1705 1950 1778 1983 offi-

1730 2019 1778 2040 ct·
