1913 2417
585 144 921 179 ANDREAE
988 144 1172 181 Bona
1594 152 1619 193 ῇ

140 242 183 272 ita
218 240 313 272 etiam
345 239 380 272 in
408 240 474 271 acri
508 239 571 272 hoc
600 239 715 283 proelii
747 242 919 272 certamine
951 239 991 271 ad
1026 241 1124 272 aciem
1158 241 1283 283 saepius
1322 248 1351 273 et
1376 242 1613 276 dimicationem

141 298 296 339 pervenit.

186 354 378 384 Florueruut
412 353 515 385 isthoc
551 360 695 396 tempore
729 352 763 383 iu
792 352 964 385 Academia
1000 355 1312 397 Lug‹lun0·ssatava
1344 357 1413 388 Viri
1445 357 1612 400 permultis

140 410 330 441 nominibus
361 410 538 452 laudandi,
574 420 1009 443 MUSsckss-:NBROEKIUS
1052 413 1085 442 in
1119 413 1259 455 physicis
1292 420 1323 445 et
1358 416 1609 451 mathematicis,

140 477 316 497 ALthns
345 467 377 497 iu
398 469 604 506 anatomicis,
631 477 829 499 novatius
854 467 887 497 in
913 466 1069 499 botanicis
1097 474 1127 498 et
1161 469 1239 500 alter
1266 469 1318 501 ille
1351 481 1614 502 Bonnflavrns

141 530 250 553 noster
280 524 313 553 in
346 523 572 566 passmlogicis,
603 535 795 556 GAUBIUS.
847 526 912 554 Hos
943 523 995 554 ille
1026 524 1111 555 viros
1146 526 1321 567 praeclaros
1345 551 1354 565 ‚
1386 538 1454 557 non
1487 527 1610 565 dicam,

139 578 279 617 audivit,
309 580 364 610 sed
391 580 431 611 ab
461 591 572 611 eorum
599 592 653 611 ore
679 580 846 624 pendens,
879 579 1062 622 diligentius
1092 581 1178 623 apud
1211 583 1284 613 illos
1319 583 1495 622 adsidens,
1529 591 1611 615 artes

137 644 252 665 omnes
273 641 305 666 et
332 635 494 667 doctrina-³
520 637 553 667 in
577 646 708 668 succum
735 643 767 668 et
793 637 983 679 sanguinem
1010 638 1179 668 convertit.
1226 640 1272 670 lta
1303 640 1391 682 quod
1418 641 1452 671 in
1482 641 1614 672 investi.

137 691 241 733 ganda
266 702 372 723 rerum
399 700 529 731 natura,
554 694 644 734 juxta
676 693 754 723 artis
788 691 990 735 diligentiam
1030 703 1070 724 ex
1111 694 1326 735 penetralibus
1366 695 1405 727 ad
1444 697 1613 729 oculorum

139 753 171 777 et
193 747 315 790 ingenii
338 750 436 779 aciem
467 754 673 792 pervenerat,
705 750 796 791 quasi
821 748 860 779 de
890 748 980 779 coelo
1006 747 1131 791 lapsum
1162 748 1223 781 fuit
1248 751 1403 791 intuitus,
1433 752 1468 783 in
1495 754 1611 796 plantis

138 809 171 834 et
197 802 322 843 herbis,
344 804 433 848 quod
457 805 648 849 implicitum
673 811 752 836 tunc
782 805 936 847 temporis
965 805 1216 849 involutumque
1238 807 1328 846 erat,
1358 808 1499 848 evolvit,
1523 810 1613 854 quod

138 859 173 890 in
197 856 432 904 conjungendis
455 868 509 894 aut
533 860 756 906 disjungendis
783 861 939 904 Corporis
978 861 1113 893 humani
1148 862 1292 906 partibus
1327 872 1548 899 constructum
1576 879 1612 900 ac

141 917 343 949 reconditum
371 918 527 950 novacula
552 918 818 962 conspiciendum
840 918 987 962 praebet,
1011 919 1140 961 penitus
1167 920 1359 964 introspexit
1385 929 1417 954 et
1442 934 1516 954 cum
1545 936 1612 958 ma.

139 974 241 1016 gistro
264 976 387 1018 optimo
406 976 641 1019 simplicitatem
673 982 805 1007 naturae
832 974 873 1006 ad
899 974 1108 1018 reperiundas
1133 976 1322 1009 morborum
1345 990 1455 1011 causas
1484 988 1516 1013 et
1543 994 1614 1015 me.

142 1029 241 1061 dendi
267 1038 367 1063 artem
396 1033 590 1065 salutiferam
622 1033 702 1063 mira
727 1041 803 1063 cum
829 1030 986 1062 industria
1006 1037 1103 1074 atque
1126 1031 1328 1065 observantia
1351 1035 1469 1069 retulit.
1517 1039 1612 1079 Quod

140 1091 247 1118 tamen
273 1098 348 1129 prae
382 1089 535 1121 omnibus
561 1089 684 1120 artibus
706 1095 738 1119 et
759 1087 916 1119 doctrinis
941 1096 1145 1129 summopere
1168 1089 1197 1119 ei
1220 1089 1360 1131 placuit,
1384 1094 1418 1123 in
1437 1096 1527 1136 praxi
1543 1096 1612 1139 ipsa

139 1149 207 1173 erat
234 1144 393 1186 positum,
417 1145 537 1188 quippe
575 1156 657 1189 quae
686 1156 725 1176 ex
751 1143 847 1175 rebus
879 1143 1009 1185 jamjam
1043 1147 1237 1186 perspectis,
1271 1152 1340 1177 tum
1371 1148 1412 1179 ab
1447 1152 1611 1193 opinionis

136 1197 270 1230 arbitrio
296 1201 469 1242 sejunctis,
495 1209 614 1233 certam
639 1200 754 1243 agendi
778 1200 867 1231 viam
897 1198 1100 1238 concederet,
1134 1200 1270 1232 artificio
1293 1202 1448 1246 singulari
1479 1208 1612 1250 perfice·

137 1260 206 1292 ret,
235 1256 317 1298 quin
340 1262 372 1287 et
399 1267 497 1299 quam
536 1264 614 1288 tunc
643 1256 798 1299 temporis
831 1265 951 1286 novam
981 1253 1073 1287 facile
1101 1262 1197 1299 atque
1227 1259 1403 1291 inauditam
1431 1262 1612 1299 doctrinam

134 1309 296 1349 dicamus,
320 1323 361 1344 ex
387 1313 597 1346 Eruditorum
624 1311 820 1345 umbraculis
846 1317 943 1354 atque
962 1317 1050 1352 otio,
1080 1322 1149 1344 non
1171 1314 1270 1347 modo
1296 1316 1332 1349 in
1352 1317 1452 1350 solem
1479 1328 1511 1353 et
1535 1323 1612 1365 pul.

135 1376 243 1398 verem
270 1368 325 1400 sed
355 1371 388 1400 in
411 1371 517 1413 ipsum
549 1370 721 1402 discrimen
743 1371 908 1412 aciemque
935 1367 1136 1412 produceret.

179 1424 323 1456 Decurso
357 1425 420 1457 hoc
452 1427 633 1458 studiorum
670 1427 790 1464 stadio,
823 1435 1010 1457 BONNIUS
1037 1432 1162 1465 noster,
1195 1429 1302 1463 adhuc
1322 1433 1438 1476 viginti
1464 1438 1609 1482 quinque

137 1488 296 1512 annorum
324 1483 472 1525 juvenis,
495 1494 639 1515 summos
660 1484 692 1514 in
715 1483 874 1515 Medicina
899 1481 1039 1512 honores
1065 1489 1097 1514 et
1121 1485 1288 1528 privilegia
1313 1487 1374 1521 fuit
1406 1501 1607 1529 consecutus.

134 1536 320 1568 Dissertatio
352 1540 422 1580 ejus
455 1540 650 1582 inauguralis
683 1539 723 1570 de
758 1537 1060 1571 Continuationibus
1090 1540 1350 1576 membranarum
1382 1546 1529 1580 futurum
1561 1562 1610 1583 ar.

134 1593 178 1622 tis
200 1595 394 1626 anatomicae
417 1597 605 1639 magistrum
632 1597 785 1627 eximium
810 1595 994 1626 felicissimo
1021 1594 1085 1626 sub
1109 1599 1253 1640 auspicio
1279 1600 1410 1644 jamjam
1439 1616 1609 1648 praemon.

133 1649 265 1686 stravit,
291 1651 412 1694 quippe
447 1654 543 1684 vestis
571 1653 624 1683 illa
655 1652 829 1683 admodum
866 1651 990 1688 tenuis,
1025 1662 1089 1694 qua
1123 1654 1244 1687 Natura
1273 1667 1391 1701 corpus
1430 1660 1610 1696 humanum

135 1705 280 1743 vestivit,
303 1707 342 1737 ad
369 1710 520 1739 amictum
545 1716 576 1740 et
599 1709 747 1740 vestitum
775 1707 866 1739 facile
890 1706 1145 1750 pulcherrimum
1167 1710 1208 1741 ab
1231 1722 1270 1743 eo
1293 1715 1429 1748 mirifice
1454 1719 1610 1762 explicata

136 1759 207 1793 suit.
252 1765 320 1793 Imo
346 1763 385 1796 de
412 1776 495 1796 nova
524 1766 583 1796 hac
605 1767 782 1797 anatomiae
809 1770 898 1807 parte
923 1766 1076 1796 meritum
1101 1764 1193 1796 illum
1223 1770 1381 1812 praeclare
1404 1774 1447 1804 ita
1476 1786 1606 1808 censue.

138 1824 216 1848 runt
251 1820 386 1858 eruditi,
411 1829 446 1853 ut
476 1824 571 1853 etiam
598 1831 921 1859 εΑΝοιΕοιὶΤυε,
945 1821 995 1852 vir
1025 1821 1242 1864 clarissimus,
1272 1829 1366 1870 cujus
1393 1832 1606 1875 Praeceptoris

138 1876 200 1904 mei
233 1886 350 1907 nonen
380 1880 519 1909 sanctius
551 1886 583 1910 et
611 1881 808 1910 reverentius
842 1877 929 1908 haud
964 1878 1036 1909 sine
1069 1878 1232 1922 voluptate
1257 1894 1418 1927 memor03
1449 1894 1486 1920 ut
1511 1889 1607 1921 etiam

135 1938 289 1963 §Auntf
303 1944 436 1966 oarus
453 1959 461 1975 ‚
485 1936 635 1979 inquam,
658 1936 821 1980 specimen
846 1932 908 1965 hoc
933 1934 1076 1976 juvenile
1098 1936 1337 1984 academicum,
1358 1947 1505 1987 quamvis
1519 1945 1604 1989 jam.

947 1991 972 2022 Β
1541 2009 1610 2044 jan}
