1913 2417
684 150 1073 185 ORATIO.
1570 153 1611 196 39

135 253 193 274 nec
228 239 387 271 fumorum
431 238 661 271 venerabilium
699 238 838 269 habitam
872 238 1057 270 dexteritate
1093 249 1179 270 meae
1209 237 1359 270 fiduciam
1392 249 1523 281 prorsus
1558 240 1608 270 vi·

133 298 206 329 ‹lt-ar
235 296 386 328 sel'elilsse.
435 298 565 328 Annult
587 302 674 325 votas
696 295 830 337 pectoris
851 296 913 325 mei
940 294 1148 338 fligrantibus
1169 307 1227 338 pro
1246 296 1339 338 Regis
1365 297 1486 338 Optimi
1515 295 1598 327 salu-

138 361 186 391 te,
220 354 353 396 beatqzxe
389 355 506 384 Patriae
530 354 651 382 Pau-em
677 352 767 382 omni
792 350 952 381 bonorum
977 363 1109 393 genere,
1148 351 1187 382 ad
1212 363 1293 394 quae
1324 351 1463 383 humana
1497 359 1606 387 natura

137 418 240 453 potest
267 410 436 451 adspirare.
481 408 610 438 Salvum
644 418 718 438 eum
753 418 788 438 ac
823 408 1023 449 superstitem
1047 419 1113 438 esse
1136 407 1246 450 jubeat
1271 419 1368 450 quam
1402 408 1603 447 diutissime,

135 474 171 498 ut
198 466 307 509 populi
336 466 384 495 sui
412 464 545 495 salutem
572 475 626 506 per
652 464 780 505 longam
802 474 961 495 annorum
990 465 1103 495 seriem
1133 475 1304 507 procurare
1332 472 1363 495 et
1391 465 1471 496 tanti
1504 466 1608 507 Regni

136 522 337 565 splendorem
378 520 479 551 indies
519 531 633 562 augere
670 527 788 564 pergat.
835 520 943 551 Salvos
978 527 1112 562 praestet
1138 520 1309 564 beatosque
1330 532 1398 552 esse
1418 521 1524 562 jubeat
1549 533 1605 565 ge·

138 588 270 609 nerosos
305 578 419 618 Regiae
453 576 569 607 domus
596 578 777 620 Principes,
805 582 868 606 tam
895 576 1032 607 illustres
1059 575 1247 608 fortitudine
1274 584 1304 608 et
1334 588 1451 619 magno
1480 579 1604 618 animo,

137 641 201 665 tam
229 634 371 675 insignes
401 632 495 663 rebus
528 634 623 675 gestis
652 644 707 675 per
734 632 844 663 orbem
872 638 1027 664 terrarum
1055 632 1232 664 celebratis.v
1275 633 1398 663 Salvam
1424 641 1455 665 et
1480 635 1605 665 incolu-

137 701 222 722 mem
248 696 381 732 praestet
412 690 594 719 universam
627 691 767 720 Domum
794 689 1082 731 Augustissimam,
1104 699 1240 730 eamque
1265 689 1416 720 omuibus
1438 697 1531 721 ornet
1551 690 1605 721 bo·

136 748 205 783 nis,
230 747 349 789 quibus
379 745 518 775 humana
551 744 682 775 felicitas
708 752 864 776 censetur.
909 747 1016 775 Servet
1042 755 1077 775 ac
1099 745 1208 786 vigere
1232 744 1342 786 jubeat
1367 756 1479 776 omnes
1508 746 1604 787 hujus

134 804 237 844 Regni
268 804 414 833 proceres
439 799 739 843 splendidissimos,
763 800 939 844 sapientia,
961 800 1123 838 consiliis,
1146 800 1242 830 rebus
1266 800 1413 842 gerendis
1443 802 1603 844 insignes,

133 859 208 901 qui,
232 869 313 901 quae
338 857 530 900 reipublicae
557 867 638 898 quae
660 856 831 895 ecclesiae,
855 868 936 899 quae
965 856 1065 887 literis
1096 857 1239 899 prosint,
1265 856 1422 888 indefessa
1437 869 1513 889 cura
1531 870 1600 901 pro.

135 915 273 947 videant.
304 914 470 945 fidissimo
486 921 516 943 et
536 914 732 955 praepotenti
752 913 910 955 praesidio
927 912 1007 943 adsit
1023 913 1254 955 Quinqueviris
1271 913 1494 956 amplissimis,
1519 926 1608 957 quos

135 973 223 1015 ipsos
239 970 333 1002 firmo
350 969 506 1013 praesidio
522 977 553 1000 et
571 970 747 1000 Seminario
766 976 798 1000 et
820 968 901 999 mihi
922 979 989 999 esse
1015 968 1135 1008 voluit,
1158 981 1335 1014 eorumpue
1349 970 1475 1001 animos
1495 977 1600 1014 regat2

135 1035 171 1060 ut
195 1039 260 1070 qua
285 1026 505 1058 benevolentia
528 1027 733 1068 peregrinum
755 1025 916 1068 prosecuti
933 1032 1027 1063 sunt,
1052 1037 1141 1056 nunc
1164 1027 1282 1064 civem,
1306 1027 1465 1057 constanti
1482 1034 1513 1058 et
1531 1038 1602 1069 per·

135 1092 230 1128 petua
259 1095 309 1114 me
334 1082 597 1125 complectantur.
643 1082 768 1113 Florere
790 1092 825 1111 ac
854 1082 960 1122 vigere
991 1080 1100 1120 jubeat
1128 1081 1226 1124 hujus
1251 1083 1461 1125 Magistratus
1475 1093 1511 1114 ac
1526 1085 1601 1114 Pro-

133 1151 232 1178 ceres,
255 1140 415 1181 hujusque
435 1138 589 1168 Athenaei
617 1139 785 1168 Curatores
804 1137 1027 1180 dignissimos,
1050 1148 1229 1181 eorumque
1248 1139 1426 1182 patrocinio
1444 1150 1494 1170 me
1514 1151 1598 1171 nun-

134 1208 232 1241 quam
266 1206 370 1226 carere
408 1195 500 1226 sinat.
552 1193 662 1231 Adsit,
693 1192 811 1230 faveat,
844 1200 874 1224 et
901 1193 991 1223 omni
1016 1197 1236 1237 prosperitatis
1255 1206 1372 1238 genere
1397 1196 1543 1227 consulat
1564 1207 1603 1228 ac

132 1254 304 1298 prospiciat
327 1250 461 1282 lllustris
478 1251 637 1282 Athenaei
667 1249 924 1281 Professionibus
947 1256 979 1280 et
1001 1250 1194 1282 Doctoribus
1211 1252 1426 1290 meritissimi,
1449 1253 1599 1283 omnino.

132 1322 196 1354 que
227 1308 380 1340 omnibus
410 1308 597 1338 divinarum
629 1307 905 1350 hamanarumque
929 1317 1036 1336 rerum
1059 1308 1245 1349 cognitione
1281 1308 1476 1352 pollentibus
1503 1309 1602 1348 Viris,

130 1367 188 1411 qui
212 1367 246 1397 in
269 1365 328 1396 hac
350 1365 467 1407 inclyta
494 1364 573 1396 urbe
599 1371 786 1402 versantur,
809 1371 841 1395 et
865 1363 915 1394 vel
945 1364 1092 1405 inprimis
1114 1375 1227 1396 eorum
1250 1365 1330 1395 mihi
1357 1363 1497 1396 favorem
1522 1375 1600 1396 con·

131 1429 251 1460 servet,
281 1422 338 1464 qui
366 1421 409 1451 ob
442 1419 658 1451 Confessionis
692 1428 747 1451 aut
784 1420 928 1451 muneris
955 1420 1220 1451 communionem
1255 1421 1335 1451 mihi
1361 1421 1601 1462 conjunctiores

127 1487 204 1512 sunt
259 1479 384 1510 Florere
416 1477 524 1519 jubeat
551 1476 738 1508 lectissimos
765 1476 862 1518 hujus
896 1476 991 1506 urbis
1012 1477 1165 1518 juvenes,
1190 1487 1366 1518 omnesque
1394 1487 1430 1507 ac
1456 1477 1600 1519 singulos

133 1546 170 1568 ea
201 1535 304 1566 laudus
331 1533 462 1563 avantia
488 1532 611 1563 imbuat
627 1556 636 1570 ,
667 1543 735 1575 qua·
758 1532 798 1563 ad
828 1533 986 1574 majorum
1010 1533 1144 1573 gloriam
1169 1543 1224 1575 per
1251 1532 1361 1563 orbem
1394 1532 1600 1573 celebratam,

131 1603 200 1623 non
228 1589 476 1631 contingendam
513 1596 655 1626 tantum,
679 1588 737 1619 sed
762 1587 857 1626 adeo,
878 1589 906 1618 si
938 1587 1009 1618 fieri
1041 1590 1159 1630 possit,
1182 1588 1392 1630 superandam
1421 1595 1452 1619 et
1469 1592 1518 1620 sui
1539 1601 1597 1620 no-

126 1649 224 1679 minis
255 1645 434 1677 celebnitate
464 1644 547 1675 olim
583 1644 778 1675 vincendam
812 1643 1025 1674 incendantur
1051 1651 1147 1687 atque
1172 1643 1433 1684 inflammentur;
1461 1652 1596 1677 cunctos

131 1703 270 1746 denique
296 1703 381 1733 cives
411 1711 498 1732 meos
522 1702 608 1732 Deus
634 1702 670 1731 O.
705 1702 749 1732 M.
772 1700 931 1730 immenso
961 1710 1069 1731 amore
1100 1711 1160 1732 suo
1184 1700 1437 1744 complectatur,
1471 1712 1600 1739 ‹eorum›

133 1770 196 1804 que
218 1769 289 1803 spes
316 1765 349 1790 et
377 1767 428 1789 res
449 1756 490 1788 ab
515 1757 605 1788 omni
632 1763 814 1800 temporum
847 1756 964 1798 injuria
996 1763 1130 1789 tueatur.
