1913 2417
274 178 316 216 50
614 178 649 208 P.
725 175 1457 214 LUYLENBROEK

285 269 341 298 que
365 261 456 290 fundo
479 268 539 291 non
560 260 721 296 incumbit,
747 260 817 289 illud
844 261 958 297 pondus
982 261 1140 290 descendit.
1179 261 1210 289 Si
1235 269 1309 297 aqua
1331 270 1415 290 causa
1440 267 1514 291 esset
1536 261 1695 291 descensus
1714 263 1790 300 lage-

284 321 356 348 nae,
377 312 402 341 si
426 313 494 341 haec
521 313 697 349 pressionem
722 319 860 340 exsereret
886 312 916 341 in
944 313 1091 340 brachium
1118 312 1261 348 bilancis,
1281 319 1341 341 tum
1363 313 1392 341 in
1417 313 1472 341 hoc
1499 312 1689 349 experlmcnto
1710 313 1792 342 etiam

283 365 402 401 lagena,
424 365 542 393 simulac
570 364 686 399 impleta
710 369 771 397 est,
793 363 959 392 descendere
980 363 1106 392 deberet:
1133 363 1187 391 boc
1212 371 1303 392 sutem
1323 372 1380 392 uon
1398 364 1527 400 obtinct3
1551 364 1680 392 videmus
1697 364 1793 398 enim,

282 423 319 445 ne
341 416 489 451 granulum
515 415 628 450 quidem
654 413 787 450 ponderis
814 414 973 442 addendum
1001 423 1062 443 esse
1083 415 1156 443 lanei
1179 425 1226 450 m,
1256 423 1327 450 quae
1352 421 1462 443 tantum
1487 415 1610 450 pondere
1631 424 1655 452 g
1682 421 1797 443 onerata

283 473 327 496 est
350 467 384 495 ad
407 465 527 495 bilancis
548 464 746 501 aequilibrium
775 464 986 493 servandumst'

318 517 360 546 Ut
383 525 469 552 porro
493 517 581 553 magis
606 517 699 545 adhuc
725 515 840 544 evidens
864 515 931 551 liat,
963 517 1076 551 pondus
1110 517 1224 552 lagenae
1247 516 1374 545 additum
1398 524 1461 545 esse
1487 525 1601 546 causam
1633 516 1718 553 huius
1742 516 1790 545 de-

282 576 423 603 scensuS,
446 576 569 604 sequens
599 567 806 596 instituendum
830 575 893 595 esse
917 566 988 595 dicit
1012 567 1252 602 experimentum:

325 619 480 656 EJ'usmodi
502 620 599 655 lagena
624 625 756 647 sumatur
781 625 867 654 atquc
898 619 927 646 in
957 618 1133 654 praecedenti
1156 618 1357 653 experimento.
1398 617 1475 646 Hace
1502 618 1593 647 fundo
1620 618 1734 653 orbata,
1765 625 1795 647 et

284 670 404 699 brachio
427 669 547 699 bilancis
566 678 672 698 annexa
689 678 778 706 aquae
795 670 996 706 immergatur,
1019 675 1046 697 et
1063 669 1104 697 sie
1120 668 1149 697 in
1170 669 1340 705 aequilibrIO
1357 669 1552 697 constituatur
1567 677 1634 697 cum
1653 670 1795 705 pondere,

283 723 364 758 quod
389 722 486 750 itidem
511 722 541 750 in
562 722 648 750 altera
676 722 755 750 lance
774 727 894 751 maneat.
930 721 990 758 Jam
1017 721 1112 756 lagena
1138 720 1186 748 illa
1209 728 1299 755 aquae
1323 727 1430 749 exemta
1451 721 1486 749 ab
1510 727 1628 757 utraque
1651 726 1730 756 parte
1750 727 1799 748 ve-

283 773 343 803 sica
367 773 535 808 claudatur,
567 772 604 801 ita
637 779 670 800 ut
694 772 807 801 nullum
832 772 944 806 aerem,
973 772 1141 807 nullamque
1172 779 1272 807 aquam
1299 771 1447 807 admittat3
1477 771 1542 800 dein
1575 778 1656 800 tanto
1676 771 1801 807 pondere

287 832 438 860 oneretur,
470 831 607 861 quantum
632 823 787 859 requiritur
809 824 844 851 ad
868 831 958 858 aquae
990 823 1065 851 illam
1096 823 1314 859 immergandam
1339 823 1415 859 (1).
1455 822 1515 859 Jam
1547 831 1615 851 vero
1641 823 1737 851 bilanx
1765 822 1800 850 ad

281 884 340 904 eam
359 883 485 904 teneatur
501 875 699 909 altitudinem,
721 881 753 902 ut
777 875 874 910 lagen-2
897 883 960 902 cum
978 875 1105 909 pondere
1128 882 1236 902 anncxo
1261 873 1348 901 libere
1363 873 1530 902 descendere
1547 874 1661 909 possit,
1682 875 1744 902 sine
1765 881 1799 902 eo

285 934 340 961 ut,
362 927 598 961 quemadmodum
624 934 731 962 supra,
754 933 865 953 sacoma
891 924 1014 952 fundum
1040 931 1147 959 tangat.
1187 925 1274 952 Nunc
1301 924 1393 953 vesica
1411 924 1541 960 superior
1565 924 1743 960 perforetur,
1766 929 1799 952 ut

286 979 349 1006 aere
370 977 508 1011 sublato,
530 985 602 1012 aqua
626 978 748 1012 lagenam
776 976 880 1010 intret,
903 982 930 1003 et
954 975 1049 1003 statim
1073 983 1186 1003 sacoma
1208 981 1235 1002 et
1260 976 1357 1011 lagena
1383 975 1504 1003 fundum
1530 981 1622 1011 petere
1648 975 1802 1004 observan-

288 1035 347 1055 tur.
388 1027 504 1063 Lagena
527 1027 663 1062 impleta,
693 1026 894 1062 aequilibrium
916 1026 1100 1060 restituatur,
1128 1031 1237 1053 tantum
1270 1025 1397 1053 addendo
1420 1026 1642 1061 contrapondii,
1664 1033 1806 1062 quantum

290 1078 407 1114 aequale
432 1084 477 1106 est
503 1077 636 1114 gravitati
661 1077 811 1113 specificae
841 1076 993 1105 sacomatis
1022 1076 1109 1104 affixi.
1150 1075 1182 1104 Si
1209 1076 1297 1112 igitur
1325 1084 1398 1112 aqua
1422 1076 1549 1112 lagenam
1580 1077 1689 1106 intrans
1718 1084 1806 1106 causa

284 1135 329 1159 est
354 1129 447 1165 ipsius
470 1130 647 1163 descensus,
668 1128 693 1157 si
717 1137 790 1164 aqua
810 1127 987 1164 pressionem
1006 1133 1117 1156 exserat
1137 1126 1167 1156 in
1190 1126 1315 1155 fundum
1329 1127 1462 1164 lagenae,
1483 1127 1576 1156 fundo
1600 1128 1715 1164 lagenae
1733 1128 1804 1157 sub-

287 1181 368 1215 lato,
390 1180 484 1209 omnis
509 1188 599 1216 aquae
622 1181 734 1216 pressio
756 1180 785 1209 in
807 1181 931 1217 lagenam
958 1187 1069 1208 cessare
1084 1177 1220 1213 debebit,
1240 1184 1267 1207 et
1288 1178 1489 1214 aequilibrium
1506 1179 1686 1208 destructum
1706 1179 1740 1207 iri
1756 1186 1807 1209 ne·

289 1240 371 1261 cesse
396 1239 458 1267 est,
484 1232 698 1268 contrapondio
724 1232 753 1260 in
783 1231 863 1260 lance
888 1232 1013 1267 lagenam
1038 1230 1164 1259 tollente.
1205 1230 1323 1258 Etenim
1345 1230 1373 1259 si·
1396 1231 1498 1259 nullus
1521 1230 1634 1260 fundus
1665 1237 1709 1259 est
1731 1231 1808 1268 lage·

291 1291 363 1318 nae,
385 1291 459 1319 aqua
485 1283 514 1312 in
539 1291 603 1311 eum
623 1291 748 1319 premere
769 1291 828 1311 non
843 1288 953 1318 potest.
995 1284 1095 1316 Itaque
1119 1280 1232 1316 vesica,
1254 1290 1325 1316 quae
1344 1281 1466 1310 fundum
1493 1282 1608 1319 lagenae
1631 1282 1809 1317 constituit,

290 1342 410 1370 prorsus
438 1333 603 1369 auferatur,
632 1334 671 1361 ita
695 1340 726 1361 ut
750 1333 814 1362 inde
839 1333 924 1361 libere
947 1333 1120 1368 dependeat,
1150 1340 1209 1368 quo
1231 1331 1332 1366 facto,
1358 1340 1432 1367 aqua
1458 1333 1489 1361 in
1511 1332 1658 1361 brachium
1684 1332 1809 1362 bilancis

292 1385 400 1413 nullam
432 1385 490 1413 vim
524 1385 602 1413 edere
634 1391 743 1420 potest.
783 1384 862 1422 Quid
892 1384 947 1420 jam
967 1382 1134 1419 contingit?
1163 1383 1245 1410 Nihil
1276 1383 1431 1418 contingit.
1474 1382 1574 1411 Bilanx
1605 1384 1806 1419 aequilibrium

290 1442 404 1470 servat,
425 1435 665 1471 contrapondium
691 1435 720 1463 in
741 1436 826 1464 altera
848 1436 928 1463 lance
952 1435 1025 1462 idem
1055 1442 1164 1462 manere
1192 1433 1296 1468 debet,
1324 1434 1385 1461 sive
1411 1433 1520 1462 fundus
1542 1433 1632 1469 adsit,
1659 1434 1722 1464 sive
1747 1443 1810 1464 non

292 1486 376 1514 adsit.
418 1486 495 1514 Hinc
521 1487 618 1521 itaque
643 1486 757 1514 evidens
788 1492 851 1521 est,
879 1493 1022 1514 erroneam
1061 1493 1122 1512 esse
1155 1484 1249 1512 thesin
1283 1485 1316 1512 dc
1343 1492 1415 1519 aqua
1445 1484 1475 1513 in
1510 1486 1606 1521 lagena
1639 1485 1805 1520 gravitante.

293 1536 378 1566 Niliil
403 1537 481 1565 aliud
507 1537 701 1573 ponderatur,
734 1537 789 1564 nisi
814 1537 938 1573 gravitas
961 1536 1121 1572 respectiva
1152 1535 1286 1572 ponderis
1314 1535 1407 1570 affixi,
1434 1536 1547 1571 oneris,
1579 1537 1660 1572 quod
1681 1536 1806 1572 require-

290 1588 376 1618 batur
399 1589 433 1617 ad
457 1589 582 1624 lagenam
606 1588 827 1623 deprimendam.

331 1640 378 1668 Sic
406 1639 520 1675 quidem
544 1639 702 1667 secundum
728 1639 918 1674 experimenta
945 1647 995 1666 sua
1016 1637 1222 1672 ratiocinatur,
1252 1637 1346 1673 iisque
1373 1637 1525 1665 inducitur
1545 1638 1583 1665 ad'
1602 1637 1809 1672 statuendum,

293 1698 388 1719 revera
411 1698 511 1726 aquam
539 1690 567 1718 in
592 1699 664 1725 aqua
687 1699 746 1719 non
775 1690 924 1726 gravitate.
969 1688 1074 1724 Neque
1098 1689 1152 1717 hoc
1179 1695 1310 1724 tantum,
1332 1689 1381 1717 sed
1408 1694 1491 1723 negat
1513 1688 1621 1723 etiam,
1640 1688 1808 1724 gravitatem

296 1750 384 1777 aquae
408 1743 533 1778 lagenam
558 1741 713 1776 intrantis,
737 1750 792 1777 ope
815 1741 971 1777 ponderis,
998 1741 1077 1775 quod
1100 1740 1254 1775 requiritur
1273 1740 1306 1768 ad
1332 1740 1537 1775 aequilibrium<
1558 1739 1735 1769 destructum
1761 1749 1805 1769 re·

299 1793 497 1828 Stituendum,
526 1793 695 1827 ostendere,
721 1800 824 1827 aquarn
852 1792 880 1820 in
904 1800 976 1827 aqua
1002 1791 1152 1827 ponderari
1174 1799 1278 1827 posse;
1307 1799 1373 1819 cum
1403 1790 1465 1819 inde
1489 1796 1596 1818 tantum
1622 1798 1735 1828 pateat,
1755 1800 1811 1829 per

296 1843 445 1872 corollaria
460 1864 470 1878 ,
490 1852 539 1879 per
563 1843 826 1879 comparationem,
850 1843 1016 1879 gravitatem
1035 1842 1197 1879 specificam
1216 1842 1338 1871 inveniri
1352 1849 1459 1878 posse,
1482 1842 1561 1878 quod
1585 1848 1709 1872 ceterum
1731 1843 1806 1872 mul-

293 1899 329 1924 to
354 1894 470 1923 facilius
497 1902 525 1923 et
550 1894 711 1931 expeditius
729 1894 789 1923 fieri
812 1901 924 1930 potest.

1761 1944 1812 1978 Ex

319 2008 379 2040 (ι)
397 2010 432 2033 Dc
451 2009 574 2038 qmmitate
593 2007 702 2037 ponderis
723 2009 803 2032 annexi
822 2008 882 2032 idem
901 2008 932 2032 six
946 2009 1052 2038 dictum,
1071 2009 1135 2037 quod
1153 2007 1177 2030 ln
1196 2006 1307 2035 superiori
1327 2005 1496 2034 experimento.
