1913 2417
410 101 929 153 coMMEnT'A'Tio‘
979 112 1333 153 ΒόΤΑΝιεΑ.
1593 126 1631 160 45

109 208 194 245 eujus
215 204 393 236 tenuissimis
417 207 535 236 ramulis
560 207 648 236 oculo
676 212 784 235 armato
806 206 977 235 observatur
1004 214 1103 241 parum
1130 212 1276 235 mutatus:
1299 205 1328 233 in
1352 204 1489 233 foliorum
1511 204 1625 240 quidem

111 259 350 296 parenchymate,
379 259 476 287 sceleti
499 266 577 287 areas
603 258 748 293 replente,
777 265 836 286 non
865 258 1059 292 observatur,
1089 258 1169 292 quod
1193 258 1236 285 vel
1266 266 1281 285 a
1315 256 1465 293 particulis
1496 255 1563 284 talis
1591 256 1628 285 li-

111 311 212 347 quoris
239 310 456 344 celerantibus,
487 317 600 345 semper
624 308 742 345 aliquod
772 309 909 337 volumen
938 308 1131 343 habentibus,
1157 309 1202 337 vel
1228 308 1263 336 ab
1291 316 1344 343 eo,
1374 308 1454 342 quod
1479 307 1626 343 liquores,

110 362 136 390 si
160 360 350 397 parenchyma
373 360 561 396 intraverint,
583 368 652 389 mox
679 359 868 389 mutationem
893 366 920 388 et
945 361 1150 395 secretionem,
1174 359 1248 387 unde
1264 360 1347 388 color
1368 359 1465 396 perit,
1485 358 1625 394 subeant,

108 412 181 441 mihi
202 412 323 447 pendere
345 411 470 439 videtur.

145 471 172 492 2.
201 462 232 491 Si
254 462 379 498 plantam
396 482 407 497 ‚
426 462 512 498 cujus
534 461 604 491 folia
624 462 748 492 densiori
765 462 987 498 parenchymate
1004 462 1106 490 donata
1123 468 1212 497 sunt,
1233 468 1260 490 et
1281 462 1352 491 areis
1382 461 1540 498 majoribus
1557 465 1627 490 sunt

116 513 278 548 instructa,
310 519 342 541 ut
364 521 391 541 v.
415 521 439 541 c.
466 512 596 548 Allium,
627 515 661 542 de
687 520 758 542 terra
778 522 891 549 separes
915 519 942 541 et
969 513 1161 548 suspendeas,
1190 521 1256 541 mox
1281 513 1396 548 languet
1422 519 1483 541 tota
1508 513 1627 549 planta,

110 571 139 595 et
159 564 290 601 inprimis
314 563 454 592 foliorum
478 565 668 600 parenchyma
692 564 842 593 flaccidum
868 565 995 592 redditur
1017 571 1044 592 et
1069 564 1269 599 contrahitur,
1297 572 1374 592 nunc
1397 563 1492 599 planta
1514 563 1625 591 immit-

106 623 184 645 tatur
208 617 238 644 in
265 622 389 651 aquam,
409 623 476 643 mox
500 615 625 651 turgebit
647 616 856 652 parenchyma,
885 616 1026 652 spongiae
1049 615 1159 650 instar,
1191 621 1219 642 et
1243 621 1302 643 tota
1325 615 1422 651 planta
1446 615 1520 644 intra
1542 614 1627 644 breve

106 672 221 702 tempus
248 674 421 702 magnopere
446 667 569 702 pondere
591 667 755 703 augebitur.

144 719 192 748 Ad
212 718 280 746 haec
300 717 359 746 duo
383 716 573 753 experimenta
599 717 623 745 si
647 719 794 754 attendas,
824 724 919 755 patet.
950 717 1030 754 quod
1053 715 1247 754 parenchuma
1270 716 1421 754 liquores,
1447 726 1463 747 a
1482 717 1575 747 radice
1596 722 1625 747 et

106 769 187 800 foliis
205 769 381 806 absorptos,
402 776 454 805 per
477 776 544 797 vasa
565 776 688 797 succosa
709 769 806 798 sceleti
828 769 969 799 obtineat.
1093 763 1096 767 ’

818 861 847 897 §-
887 868 916 897 4.

261 938 424 977 Liquores,
438 937 583 974 foliorum
600 938 800 978 parenchyma
820 937 965 975 ingressi,
993 936 1028 964 in
1050 944 1080 963 eo
1099 936 1281 965 secretionem
1301 938 1473 976 patiuntur.

146 1029 311 1066 Liquores,
333 1028 524 1064 parenchyma
545 1026 681 1056 foliorum
708 1027 867 1061 intrantes,
894 1031 921 1054 et
943 1025 973 1054 in
995 1034 1028 1054 eo
1053 1033 1161 1054 moram
1185 1032 1317 1062 agentes,
1343 1026 1529 1055 secretionem
1554 1026 1627 1065 (6)

103 1088 133 1112 et
158 1081 266 1110 indolis
289 1080 475 1109 mutationem
501 1079 578 1115 pati,
609 1086 636 1108 et
658 1080 748 1108 hocce
771 1085 879 1108 munus
907 1078 942 1106 ad
964 1077 1073 1107 nullam
1094 1076 1177 1105 aliam
1205 1076 1343 1107 foliorum
1368 1084 1477 1115 partem
1499 1078 1627 1115 pertine·

102 1141 152 1169 re,
171 1132 311 1169 probatur
335 1139 415 1167 seqq.
440 1131 633 1167 argumentis:

145 1191 171 1215 1.
201 1182 396 1218 Parenchyma
418 1181 578 1217 foliorum,
598 1182 635 1210 ob
659 1182 827 1212 cellulosam
848 1187 1041 1216 structuram,
1065 1188 1132 1217 prae
1157 1180 1277 1210 caeteris
1295 1181 1330 1210 ad
1356 1180 1556 1218 perficiendam
1579 1190 1625 1212 se·

99 1235 256 1266 cretionem
278 1239 376 1270 aptum
402 1241 483 1268 esse,
503 1234 633 1269 exemplo
657 1241 712 1262 suo
736 1233 883 1262 illustrant
907 1232 978 1261 folia
1002 1232 1148 1261 seminalia
1171 1239 1199 1260 et
1223 1232 1373 1268 radicalia,
1395 1234 1504 1269 quippe
1528 1242 1622 1270 quae,

100 1286 139 1316 ob
163 1284 356 1322 spongiosum
391 1284 542 1319 habitum,
567 1290 594 1311 et
620 1284 811 1321 parenchyma
832 1283 1095 1320 copiosissimum,
1120 1284 1156 1312 ad
1180 1282 1353 1313 evolvendas
1375 1284 1503 1321 reliquas
1527 1292 1623 1321 partes

100 1336 307 1367 nutrimentum
329 1340 498 1371 praeparant
521 1334 720 1370 aptissimum.

140 1396 172 1417 α.
199 1387 233 1416 In
256 1386 384 1421 liquores
414 1385 505 1422 ligni,
531 1386 610 1421 quod
634 1385 663 1413 in
687 1385 769 1414 caule
790 1385 951 1422 plantarum
983 1386 1170 1416 descendenti
1196 1392 1224 1415 et
1248 1386 1430 1415 adscendenti
1457 1387 1620 1423 invenitur,

99 1438 229 1468 chemice
249 1436 447 1473 inquirentes,
475 1444 525 1464 eos
547 1444 601 1472 pro
626 1444 727 1472 magna
756 1443 836 1472 parte
865 1444 999 1466 constare
1023 1437 1179 1473 reperimus
1203 1446 1236 1466 ex
1265 1439 1384 1466 Acetate
1407 1437 1563 1474 Potassae,
1590 1444 1620 1467 et

99 1489 220 1519 Acetate
241 1487 339 1517 Calcis
360 1488 450 1525 (7),
477 1486 504 1516 si
528 1487 687 1522 aperiamus
710 1493 810 1516 costas
834 1487 973 1516 foliorum
993 1488 1053 1516 cito
1077 1489 1286 1525 crescentium,
1323 1488 1443 1517 similem
1469 1489 1618 1525 lympham

98 1540 229 1570 obtinere
249 1538 429 1575 poterimus3
451 1537 680 1566 concludendum
707 1538 797 1574 igitur
823 1539 1009 1567 secretionem
1033 1539 1161 1567 nondum
1184 1547 1247 1567 esse
1269 1545 1422 1575 peractam.

141 1598 170 1625 3.
196 1590 225 1617 Si
250 1588 390 1618 foliorum
416 1576 605 1625 parenchyma
623 1588 732 1624 aperias
745 1608 757 1624 ,
776 1589 863 1625 longe
884 1589 1021 1618 minorem
1041 1588 1143 1625 Aceti,
1172 1589 1309 1619 Potassae
1330 1597 1358 1618 et
1383 1589 1481 1620 Calcis
1501 1592 1618 1628 copiam

99 1639 246 1670 invenies:
268 1639 295 1668 si
315 1648 344 1669 v.
369 1648 397 1669 c.
421 1640 538 1676 pulpam
562 1639 698 1669 foliorum
722 1640 908 1676 Euphorbiae
925 1641 1054 1676 apertu,
1079 1640 1206 1669 invenies
1228 1642 1270 1670 lac
1295 1649 1378 1677 acre3
1407 1641 1433 1670 si
1459 1643 1620 1680 parenchy·

101 1699 147 1720 ma
169 1689 249 1719 Mori
274 1689 369 1726 nigri,
399 1692 442 1719 lac
465 1690 540 1720 alius
564 1690 692 1726 indolis3
720 1691 746 1719 si
771 1691 896 1727 denique
920 1692 1074 1727 Papaveris
1102 1690 1237 1720 soliorum
1269 1692 1459 1728 parenchyma
1488 1694 1616 1730 aperias,

101 1748 251 1772 exeuntem
270 1740 399 1778 invenies
426 1741 589 1778 liquorem,
612 1741 642 1770 in
665 1749 724 1778 quo
746 1743 877 1772 materies
900 1740 1056 1773 extractiva
1076 1748 1139 1778 est,
1162 1742 1263 1780 opium
1282 1742 1453 1772 continens:
1474 1743 1542 1772 hinc
1564 1745 1618 1781 igi-

1571 1801 1619 1824 tur

126 1880 180 1911 (6)
201 1881 261 1904 Lm
283 1882 351 1908 hujus
369 1881 472 1909 inventi,
493 1883 555 1910 quod
581 1889 662 1911 nempe
681 1882 830 1911 pnrenchyma
849 1885 957 1907 foliorum
985 1891 1089 1913 organum
1114 1885 1144 1908 sit
1164 1889 1298 1910 secerneris,
1319 1882 1355 1907 cl.
1377 1883 1549 1912 Ingantomsto,
1569 1887 1618 1907 non

98 1931 157 1948 vero
176 1923 336 1950 Senneblerlo,
357 1923 475 1946 tribuenda
495 1924 592 1947 videtur.
623 1924 676 1947 Vid.
697 1925 827 1951 Ingenhoun
847 1926 864 1949 1.
880 1926 896 1948 Ι.
918 1927 941 1948 in
957 1927 1078 1949 Probemio
1092 1928 1120 1949 ad
1141 1928 1208 1948 Tom.
1220 1926 1260 1948 lll.
1283 1932 1332 1953 pag.
1348 1931 1373 1948 21
1387 1931 1452 1952 seqq.

129 1965 184 1995 (7)
203 1966 265 1988 Haec
288 1970 310 1987 v·
329 1970 350 1987 c.
369 1963 488 1988 abundanti
512 1964 581 1994 copia
599 1965 624 1989 in
645 1966 702 1989 Vitis
723 1965 833 1990 viniferae
852 1967 976 1996 lacrymis,
988 1971 1008 1997 ’,ε
1029 1968 1100 1993 caulis
1120 1969 1182 1996 ligno
1203 1967 1345 1995 fluentibus,
1363 1965 1517 1990 inveniuntur-

875 2009 934 2047 Fs
