1913 2417
391 135 902 170 coMMENTATm
961 135 1318 172 BOTANch.
1569 148 1613 181 <43

337 441 713 483 CAPUT
835 443 1391 491 TERTIUM.

560 543 608 564 DE
635 543 900 565 SECRETIONE
929 543 1154 566 FOLIORUM.

790 646 817 683 S.
868 654 895 675 1.

555 722 642 760 ,Quid
653 730 710 761 per
730 724 913 752 secretionem
933 722 1144 760 intelligitur?

126 778 248 842 Licet
269 810 445 840 vocabulum
470 813 635 841 secretionis
658 812 776 849 proprie
799 811 962 849 significet,
994 821 1163 846 secernere,
1194 818 1337 851 separare
1358 811 1478 849 aliquod
1504 820 1613 849 corpus

87 862 124 892 de
148 862 224 898 alio,
255 870 382 898 quocum
405 862 537 900 junctum
559 870 619 899 est,
649 872 721 893 usus
749 871 845 893 tamen
872 863 985 899 voluit,
1015 870 1049 892 ut
1078 865 1244 892 secretionis
1268 863 1386 894 nomine
1413 872 1474 892 eam
1507 863 1612 892 intelli-

89 920 159 951 gant
179 913 352 950 Physiologi
376 915 509 950 corporis
533 915 660 944 viventis
682 915 885 951 functionem,
916 923 974 951 qua
996 915 1133 945 humores
1156 914 1277 951 diversi,
1306 924 1322 944 e
1344 914 1421 945 varia
1449 915 1612 953 principio-

91 972 172 1000 rum,
193 965 224 993 in
247 973 368 1001 corpore
391 966 562 1002 latentium,
587 967 815 1004 conjunctione,
836 967 998 1003 gignuntur
1022 972 1050 995 et
1074 965 1256 994 formantur:
1279 966 1322 995 sic
1347 975 1377 997 v.
1397 975 1426 996 c.
1446 975 1461 995 e
1479 965 1612 1002 corporis

89 1016 209 1045 humani
234 1015 374 1052 sanguine
395 1016 472 1045 varia
498 1024 688 1046 secernuntur
714 1017 997 1054 corpora,.saliva‚
1026 1017 1130 1045 humor
1155 1017 1360 1053 lachrymam,
1391 1023 1420 1045 et
1439 1017 1512 1051 alia,
1543 1024 1616 1052 quae

88 1067 174 1104 plane
197 1067 272 1095 alius
297 1073 367 1096 sunt
394 1067 521 1104 indolis,
545 1077 596 1097 nec
619 1075 700 1097 antea
721 1068 751 1097 in
773 1068 911 1105 sanguine
930 1068 1076 1097 latebant:
1101 1067 1164 1105 pari
1185 1068 1294 1096 ratione
1316 1075 1351 1096 ex
1375 1067 1539 1103 liquoribus
1564 1075 1612 1095 ve-

88 1117 277 1155 getabilium,
301 1126 376 1154 quos
398 1119 610 1158 Atmosphaera
629 1126 657 1149 et
681 1125 754 1150 terra
775 1119 813 1150 iis
838 1119 1043 1158 suppeditant,
1063 1127 1140 1150 nova
1163 1125 1299 1149 creantur
1321 1126 1462 1158 corpora,
1484 1119 1614 1158 gummi,

83 1169 198 1208 resina,
217 1169 298 1200 acida
323 1177 351 1200 et
373 1170 452 1203 alias
799 1210 816 1248 S

820 1229 829 1239 ι
868 1219 909 1241 2..

640 1286 767 1318 Secretio
786 1288 820 1316 in
831 1287 919 1324 foliis
937 1287 1055 1318 obtinet.

122 1363 318 1394 Secretionem
347 1363 379 1394 in
411 1364 520 1401 plantis
548 1364 649 1395 locum
677 1366 809 1396 obtinere
834 1365 955 1402 debere,
990 1365 1091 1396 multis
1118 1364 1239 1404 egregiis
1259 1363 1464 1401 experimentis
1494 1363 1611 1402 probari

81 1420 205 1453 potest,
227 1424 353 1451 quorum
375 1424 459 1452 seqq.
484 1424 639 1445 memorare
666 1417 767 1446 liceat:

125 1474 151 1496 1.
172 1466 336 1496 Planrarum
349 1487 360 1502 ,
377 1467 409 1496 in
428 1468 526 1496 eadem
546 1469 620 1497 terra
642 1475 670 1498 et
691 1468 789 1498 eodem
811 1467 872 1497 aere
885 1468 1099 1504 crescentium,
1122 1468 1192 1498 aliae
1212 1467 1347 1503 dulcem,
1367 1466 1438 1495 aliae
1458 1473 1606 1502 amarum,

76 1515 157 1546 saliae
177 1525 292 1554 acrem,
307 1518 518 1555 refrigerantem
540 1519 630 1555 aliae,
650 1520 720 1549 aliae
738 1520 812 1548 alius
827 1519 936 1549 indolis
955 1519 1097 1556 liquorem
1115 1520 1236 1548 vehunt.
1267 1518 1383 1548 Crescit
1397 1525 1495 1554 v.gr.,
1512 1517 1541 1546 in
1556 1526 1605 1546 eo-

77 1567 148 1596 dem
171 1577 261 1605 agro,
280 1570 362 1606 juxta
382 1569 589 1606 Nicotianam‚
610 1571 639 1599 in
665 1572 793 1600 centenis
815 1571 900 1599 libris
915 1570 976 1598 fere
997 1571 1182 1607 quadraginta
1203 1570 1304 1600 salium
1327 1569 1489 1598 kalinorum
1513 1568 1602 1597 libras

80 1619 300 1656 continentem,
320 1620 440 1650 Daucus
459 1621 582 1657 Carota,
603 1621 706 1650 salium
731 1621 790 1650 fere
812 1621 904 1656 nihil,
927 1621 1036 1650 sachar-i
1063 1629 1150 1656 vero,
1180 1621 1260 1657 quod
1281 1620 1372 1657 priori
1394 1620 1490 1656 deest,
1518 1626 1601 1649 tanto

78 1669 148 1706 plus
165 1677 262 1699 secum
288 1670 401 1709 ferens3
424 1679 558 1701 crescunt
583 1672 710 1709 Papaver
732 1671 893 1707 somnifer,
914 1672 959 1700 vel
981 1671 1104 1708 Solana,
1127 1673 1201 1700 inter
1223 1670 1389 1707 Brassicas3
1412 1667 1530 1700 Lolium
1553 1672 1599 1699 in·

79 1725 124 1749 ter
147 1720 296 1760 Cerealia3
319 1722 405 1752 Rbus
421 1725 551 1754 radicans
569 1724 643 1753 inter
657 1724 749 1761 Pyros
767 1723 912 1759 Ribesve‚
934 1729 961 1752 et
977 1723 1020 1752 sic
1040 1723 1205 1752 innumerae
1218 1723 1247 1751 in
1265 1723 1362 1751 eodem
1379 1731 1448 1759 agro
1462 1728 1600 1752 crescunt

77 1772 192 1808 plantae
205 1794 216 1809 ‚
243 1781 316 1809 quae
345 1784 444 1804 omnes
478 1777 606 1805 diversae
641 1775 748 1804 indolis
780 1775 909 1811 liquores
941 1775 1076 1810 vehunt3
1108 1774 1343 1803 luculentissimo
1375 1782 1455 1803 sane.
1470 1774 1600 1812 indicio,

75 1822 167 1855 hosce
186 1825 317 1856 diversos
344 1827 473 1864 liquores
490 1837 551 1857 non
574 1836 590 1857 e
612 1833 685 1857 terra
707 1826 819 1864 suscipi
841 1827 907 1866 (1)
936 1826 1109 1866 (quomodo
1132 1825 1207 1855 enim
1235 1833 1290 1855 una
1310 1827 1464 1863 eademque
1489 1827 1596 1856 humus

1531 1884 1594 1914 tot,

102 1941 118 1969 (
125 1941 158 1969 1)
175 1942 218 1965 Pro
237 1943 295 1971 hie,
313 1950 326 1967 a
346 1944 446 1974 plurimis
465 1947 523 1970 inter
545 1953 637 1971 vetere:
655 1947 777 1977 suscepti,
792 1945 918 1975 opinione,
939 1946 1001 1973 quod
1019 1951 1101 1974 nempe
1121 1945 1213 1974 quaevis
1232 1945 1307 1974 planta
1324 1950 1371 1968 non
1393 1944 1438 1967 nisi
1457 1943 1591 1967 determina·

76 1987 124 2006 tum
145 1984 190 2007 sibi
215 1991 307 2009 succum
333 1992 348 2009 e
374 1993 432 2012 terra
459 1990 570 2019 attrahat,
590 1989 717 2019 (dicebant
741 1996 766 2015 v.
783 1995 815 2018 gr.
840 1989 905 2016 quod
929 1988 1038 2012 centiam
1060 1987 1182 2018 paniculas
1207 1994 1306 2016 amaras,
1328 1984 1472 2014 clyzyrrhiz·
1496 1985 1592 2011 dulces,

852 2031 876 2061 F
895 2040 913 2060 2
1547 2025 1591 2048 ali·
