1913 2417
325 199 366 233 30
780 206 806 235 J.
859 206 894 236 T.
951 205 1338 244 PLUSCHKE‚

331 286 555 320 laetabundus
577 300 636 332 ego
659 290 781 328 sentio,
804 301 901 331 qnam
928 297 960 322 et
987 291 1132 334 Collegae
1156 304 1230 324 meo
1259 299 1290 324 et
1317 291 1463 324 mihimet
1488 292 1549 335 ipsi
1571 299 1601 323 et
1622 293 1798 327 Semtnario

330 345 556 387 gra'uianilum
590 348 651 384 sit,
684 346 773 388 qnod
805 346 952 387 Ejusdem
985 348 1137 389 sapientia
1168 351 1337 380 Curatores
1373 349 1448 379 liuto
1475 349 1621 380 instituto
1647 349 1802 393 praefece-

329 402 387 439 rit,
417 403 450 432 iii
476 402 611 444 quibus,
640 413 721 445 quae
751 402 880 444 singulo
908 403 943 433 in
967 403 1076 445 aliquo
1100 405 1169 435 viro
1195 405 1388 447 deprehensa
1417 406 1524 447 magni
1557 404 1658 443 fiunt,
1688 413 1804 438 cuncta

333 457 457 488 elucent
483 464 577 499 atque
604 459 766 494 eminent,
799 468 994 501 omnemque
1026 469 1128 490 meam
1159 467 1190 491 et
1223 460 1466 492 admirationem
1496 469 1527 492 et
1562 469 1801 493 venerationem.

332 513 393 544 sibi
415 513 600 555 deposcunt.
656 513 744 552 Quid
777 515 864 544 euim
897 515 968 545 viro
1003 513 1090 544 bono
1121 522 1152 546 et
1177 518 1383 559 magnanimo
1413 517 1558 561 dignius,
1580 517 1660 560 quid
1685 517 1800 559 glorio·

331 570 396 600 sius
420 579 486 599 esse
515 575 640 610 potest,
665 579 762 611 quam
793 570 913 611 patriae
948 569 1144 610 libertatem,
1171 572 1227 603 ubi
1255 574 1370 604 amissa
1391 581 1435 604 est
1451 596 1460 609 ‚
1482 584 1556 603 cum
1581 573 1802 615 indignatione

330 625 457 667 lugere;
488 624 544 655 ubi
577 635 647 667 =<pes
678 625 864 656 restituendi
895 637 912 656 e
942 626 1122 670 longinquo
1155 627 1298 666 affulsit,
1338 629 1387 660 vel
1423 639 1497 659 cum
1525 630 1607 659 vitae
1641 629 1800 660 discrimi-

329 692 370 712 ne
400 681 576 718 vindicare,
609 681 784 711 restitutam
817 681 941 724 legibus
991 684 1117 715 tuendis
1151 683 1274 716 fortiter
1307 684 1493 722 defendere,
1524 690 1555 714 et
1579 695 1690 715 omnes
1714 686 1804 726 inge-

329 738 376 768 nii
401 744 494 779 atque
518 737 719 779 eloquentiae
747 748 861 768 nervos
892 739 1074 778 intendere,
1107 747 1143 771 ut
1172 740 1298 783 publica
1333 741 1417 772 salus
1447 740 1580 771 suminis
1608 741 1802 782 optimatum

328 794 590 825 contentionibus
617 800 704 835 parta
737 793 934 834 stabiliatur,
971 803 1144 837 augeatur,
1177 803 1208 827 et
1237 797 1274 827 ad
1308 797 1562 839 pulcherrimum
1596 795 1717 826 ssorem‘
1734 806 1804 827 eve·

328 848 447 880 hatur?
508 856 622 891 neptus
647 849 727 879 mibi
752 848 897 887 viderer,
925 852 964 882 A.
985 853 1047 889 A.‚
1072 853 1098 883 si
1126 853 1226 884 Vobis
1252 864 1312 894 ego
1339 855 1447 895 paucis
1484 853 1601 883 abhinc
1637 852 1804 889 mensibus

328 906 516 947 peregrinus
554 909 588 936 in
616 912 754 936 mentem
788 916 936 937 revocare
961 907 1073 939 vellem
1093 932 1102 944 ‚
1131 909 1253 951 quibus
1286 916 1407 939 metitis
1434 911 1467 939 iti
1499 909 1632 951 patriam
1668 907 1804 940 lllustris

327 962 489 991 miratorii
514 964 637 992 l'raeses
667 961 869 1000 inclaruerit,
899 974 966 1005 quo
991 965 1112 995 civium
1140 975 1247 995 amore
1272 964 1427 1001 ducatur,
1458 975 1520 1007 qua
1544 963 1715 1007 prudentia
1740 974 1795 995 va·

328 1015 411 1055 leat,
435 1028 497 1058 qna
520 1017 703 1059 eloquentia
732 1017 865 1059 polleat,
891 1029 964 1048 cuni
989 1021 1052 1050 Vos
1081 1021 1140 1062 ipsi
1164 1031 1270 1051 coram
1299 1020 1400 1052 oculis
1439 1021 1557 1052 Vestris
1586 1022 1658 1062 geri
1681 1020 1798 1063 agique

330 1082 366 1103 ea
392 1072 551 1111 vid=:ritis‚
576 1084 657 1115 quae
680 1074 779 1104 exteri
814 1073 896 1104 fama
931 1081 1054 1105 tautum
1081 1083 1111 1106 et
1139 1078 1395 1108 enarrationibus
1432 1083 1652 1120 perceperunt.
1683 1075 1805 1106 ‘Absit

327 1128 443 1169 igitur,
466 1135 500 1159 ut
529 1140 589 1171 ego
622 1128 815 1161 infacundus
853 1130 951 1161 homo
980 1133 1060 1163 tanti
1086 1134 1154 1164 Viri
1182 1133 1233 1164 vel
1266 1135 1430 1176 ingenium
1465 1133 1513 1164 vel
1537 1144 1586 1164 res
1608 1138 1723 1174 gestas,
1750 1129 1804 1162 vel

329 1193 347 1214 e
366 1183 542 1215 inditionem
576 1186 625 1217 vel
656 1186 870 1229 eloquentiam
903 1187 1051 1219 laudibus
1086 1188 1243 1221 celebrare
1281 1193 1376 1221 velim
1389 1213 1404 1228 ,v
1431 1190 1487 1233 qui
1517 1200 1595 1220 meis
1622 1187 1804 1231 praeconiis

329 1238 421 1270 facite
446 1241 573 1273 carebit.
621 1242 664 1273 Et
692 1243 773 1273 sicut
801 1243 835 1273 in
861 1242 922 1274 hoc
943 1255 1032 1282 uno,
1058 1245 1098 1275 ita
1129 1246 1163 1276 in
1187 1247 1339 1277 omnibus
1364 1257 1399 1277 ac
1425 1246 1584 1287 siugulis,
1614 1246 1672 1286 qui
1701 1245 1802 1275 semi-

330 1297 413 1326 narii
446 1296 650 1329 moderamen
684 1305 792 1329 tenent
816 1321 825 1338 ‚
867 1309 1134 1342 supervacaneam
1169 1313 1297 1345 operam
1327 1303 1454 1341 darem,
1486 1303 1512 1332 si
1537 1301 1650 1331 docere
1675 1300 1805 1339 vellem,

330 1351 498 1393 quomodo
524 1355 557 1383 in
584 1365 643 1385 suo
669 1365 806 1397 quisque
832 1365 946 1396 genere
979 1357 1129 1396 excellat,
1153 1360 1271 1401 quibus
1296 1358 1485 1390 eruditionis
1508 1357 1710 1387 documentis
1735 1356 1798 1387 cla-

331 1414 417 1444 reat,
447 1407 566 1450 quibus
611 1411 730 1440 metitis
756 1412 951 1453 conspicuus
984 1414 1045 1451 sit,
1075 1423 1197 1456 quanta
1228 1426 1302 1446 cnm
1340 1414 1432 1445 laude
1466 1415 1666 1455 provinciam
1698 1422 1800 1443 unus-

330 1472 465 1504 quzsqiie
496 1474 605 1502 suam,
629 1465 713 1496 haud
742 1477 818 1497 sane
847 1474 1012 1509 angustam
1053 1470 1138 1500 illtnn
1178 1478 1233 1502 aut
1261 1472 1353 1501 arctis
1386 1475 1656 1510 circumscriptam
1693 1469 1801 1498 termi-

329 1528 399 1556 1115,
420 1518 627 1552 administret.
674 1522 734 1552 Sed
758 1534 824 1564 quo
849 1525 974 1554 notiora
1002 1525 1078 1556 haec
1103 1533 1225 1557 suntet
1245 1525 1473 1562 luculentiora,
1496 1535 1535 1555 eo
1561 1534 1668 1554 minus
1689 1524 1800 1565 cogni·

330 1580 398 1604 tum
423 1575 522 1607 Vobis
549 1576 707 1619 plerisque
733 1585 793 1616 est,
819 1580 944 1621 qualem
970 1591 1056 1611 unus
1075 1593 1112 1611 ex
1139 1582 1189 1612 his
1214 1582 1299 1612 Viris
1324 1576 1524 1623 egregiis-et
1543 1591 1603 1610 suo
1627 1586 1658 1610 et
1687 1581 1803 1610 absen-

330 1632 411 1661 tium
435 1631 641 1674 Collegarum
665 1636 796 1664 nomine
826 1646 892 1665 sese
918 1646 992 1677 erga
1018 1648 1068 1668 me
1090 1639 1219 1679 gesserit
1251 1648 1286 1667 ac
1314 1637 1513 1680 praebuerit,
1536 1643 1567 1666 et
1593 1645 1693 1678 quani
1716 1642 1802 1666 recte

331 1685 416 1717 illam
443 1689 688 1729 gratulationem
718 1690 759 1720 ad
780 1701 831 1721 me
855 1693 1013 1733 pertinere
1039 1693 1184 1724 (luteum.
1227 1695 1308 1724 Natu
1340 1703 1414 1723 cum
1445 1694 1526 1722 lianc
1559 1696 1671 1721 urbem
1708 1690 1803 1733 plane

333 1740 449 1784 hospes
477 1744 625 1775 intrarem
653 1752 684 1776 et
710 1757 966 1788 quaquaversum
990 1748 1249 1791 circumspiciens
1275 1749 1357 1779 nihil
1380 1749 1442 1779 nisi
1470 1748 1637 1790 peregrina
1657 1745 1800 1776 animad-

333 1807 486 1829 verterem
503 1823 511 1837 ,
541 1807 571 1830 et
598 1811 648 1831 res
678 1812 779 1832 novae
814 1802 957 1844 undique
990 1814 1040 1834 me
1069 1805 1232 1846 cingentes
1255 1806 1401 1847 spii-itinn
1426 1814 1515 1846 quast
1541 1808 1725 1845 gravarent:
1750 1802 1804 1833 ille

333 1857 454 1895 lectori
485 1866 556 1886 meo
588 1868 717 1887 omnem
758 1857 1006 1888 sollicitudiuem
1046 1863 1212 1891 contesimi
1234 1868 1369 1897 exemit,
1400 1867 1431 1889 et
1453 1866 1600 1889 comitate
1623 1857 1803 1900 atque-hu.

332 1917 482 1941 mannate
507 1922 564 1942 sua
595 1913 674 1944 mibi
705 1913 856 1945 fiduciam
885 1914 1032 1946 reddidit.
1086 1918 1159 1947 Non
1190 1918 1298 1953 enim,
1333 1923 1367 1946 ut.
1403 1915 1517 1957 hospes
1545 1915 1719 1955 hospitem,
1743 1912 1800 1944 sed

331 1971 368 1996 ut.
392 1966 485 2000 trater
507 1966 657 2008 fratrem,
683 1972 807 2010 verius,
831 1977 868 2001 ut
887 1978 976 2015 pater
1003 1970 1125 2011 lilium,
1157 1983 1208 2004 me
1234 1973 1376 2016 excepit,
1407 1977 1438 2003 et
1465 1971 1498 2002 id
1520 1972 1593 2005 tecit
1617 1973 1809 2013 planissime>

1728 2033 1812 2056 coni·-
