1913 2417
179 200 222 230 ,ᾖ
453 183 498 216 G.
553 183 777 216 GROEN
831 190 934 214 vnn
989 183 1426 218 PRINSTERER

460 487 842 522 *SECTIO
945 489 1432 525 SECUNDA.

768 610 825 631 DE
869 609 1130 633 TRIBUTIS.

188 693 309 756 Licet
334 730 442 754 veteres
466 725 497 754 in
516 722 741 754 administranda
778 722 925 760 republica
953 731 1015 752 *rem
1049 724 1240 760 pecuniariam
1274 732 1333 754 non
1358 730 1468 754 tantum
1498 729 1642 760 quantum
1665 730 1708 752 re-

191 776 354 812 centiores,
377 778 426 812 qni
455 778 490 805 ad
515 784 573 804 eam
597 775 693 804 omnia
717 773 820 804 referre
848 775 962 810 solent,
988 776 1171 811 curaverint,
1199 783 1292 805 tamen
1323 777 1475 805 maximum
1496 777 1557 812 ejus
1583 783 1710 804 momen·

195 833 257 856 tum
280 827 372 856 fuisse
399 829 476 864 apud
497 828 688 857 Athenienses
713 825 781 869 quis
804 825 934 861 dubitet,
956 827 1123 862 praesertIm
1146 835 1180 856 eo
1205 834 1351 864 tempore,
1371 836 1457 863 cum,
1486 833 1632 856 crescente
1654 835 1707 863 po·

193 878 256 914 puli
280 879 429 914 potentia,
451 878 623 914 cupiditates
649 877 711 913 ejus
732 877 761 905 in
787 876 957 905 immensum
978 885 1104 906 crescere
1121 879 1302 914 coepissent!
1335 879 1489 907 Videamus
1507 879 1614 915 igitur,
1635 886 1708 913 quo·

193 929 281 957 modo
299 929 488 958 Athenienses
508 929 690 958 subditorum
716 927 896 965 perceperint
910 935 938 956 et
956 928 1182 958 administrarint
1200 930 1328 966 tributa,
1350 929 1460 966 quibus
1481 937 1610 966 magnam
1632 936 1709 957 aera-

188 979 223 1009 rii
245 987 352 1016 partem
379 980 549 1009 constitisse
575 979 725 1007 novimus.
792 973 795 978 ’
1586 1019 1591 1021 Π
1624 1017 1641 1021 .,

228 1030 397 1066 Aristides,
421 1038 452 1059 ut
475 1031 506 1059 in
526 1029 705 1066 praecedenti
731 1029 824 1066 capite
850 1029 996 1066 vidimus,
1017 1031 1224 1067 constituerat,
1254 1038 1286 1060 ut
1307 1031 1380 1060 socii
1403 1029 1561 1067 quotannis
1583 1030 1640 1068 460
1665 1035 1709 1059 ta-

187 1083 264 1110 lenta
287 1082 459 1111 conferrent.
511 1081 582 1109 Belli
604 1088 697 1110 autem
722 1080 959 1117 Peloponnesiaci
985 1081 1070 1111 initio
1097 1084 1154 1111 600
1179 1083 1283 1111 talenta
1308 1082 1495 1111 solvebantur
1516 1083 1589 1119 (1).
1629 1081 1710 1120 Quae

187 1132 344 1162 differentia
373 1134 558 1170 primum-ex
583 1141 616 1161 eo
642 1139 704 1161 orta
733 1139 796 1168 est,
826 1133 906 1168 quod
930 1132 1000 1161 novi
1024 1133 1099 1162 socii
1123 1142 1153 1162 se
1181 1134 1286 1162 interea
1316 1132 1542 1168 Atheniensibus
1570 1132 1709 1168 adjunxe-

186 1190 270 1219 rant,
298 1191 359 1213 tum
385 1185 466 1220 quod
487 1184 594 1213 multae
628 1184 780 1218 civitates,
812 1191 885 1219 qnae
912 1191 993 1212 antea
1012 1192 1101 1214 naves
1129 1185 1335 1221 praebuerant,
1363 1193 1441 1214 nunc
1466 1183 1622 1225 pecuniam*
1641 1190 1712 1212 con-

186 1234 334 1272 ferebant;
357 1244 428 1272 quae
450 1235 588 1271 pecuniae
610 1235 798 1264 conferendae
819 1235 972 1264 necessitas
997 1236 1133 1264 omnibus
1156 1238 1299 1272 ὑπηκόοις,
1322 1236 1372 1272 qui
1397 1237 1432 1265 ad
1456 1236 1580 1272 primum
1604 1241 1631 1262 et
1656 1239 1712 1262 ter·

188 1287 263 1315 tium
297 1296 387 1325 genus
419 1286 617 1323 pertinebant,
651 1286 681 1316 id
717 1293 783 1322 est,
816 1294 866 1315 aut
903 1287 1074 1323 simpliciter
1111 1288 1241 1323 ὑπήκοοι,
1278 1295 1329 1317 aut
1360 1286 1580 1323 Atheniensium
1613 1284 1713 1314 coloni

189 1327 274 1366 erant>
292 1339 347 1374 (p.
367 1339 446 1373 16),
468 1337 605 1373 imposita
625 1336 693 1366 fuit.
733 1337 777 1365 De
801 1341 970 1374 κληρουχίαις
995 1345 1108 1373 autem,
1132 1345 1227 1366 utrum
1254 1340 1362 1367 tributa
1391 1338 1550 1373 solverint,
1579 1345 1630 1365 nec
1654 1345 1711 1370 ne,

190 1388 328 1416 traditum
355 1396 414 1416 non
441 1394 502 1416 est:
526 1388 578 1416 sed
609 1388 778 1422 persuadere
799 1388 885 1417 nobis
911 1397 971 1417 non
995 1397 1172 1424 possumus,
1201 1388 1255 1417 hoc
1277 1397 1293 1418 a
1311 1390 1464 1422 κληρούχσις
1486 1387 1592 1415 factum
1627 1394 1712 1420 esse,

196 1439 248 1475 qni
270 1439 326 1475 (p.
343 1439 405 1475 20)
420 1434 632 1475 jura'civium
656 1437 877 1466 Atheniensium
899 1438 1052 1466 retinuisse
1082 1438 1235 1473 videntur3
1264 1437 1451 1474 praesertim,
1482 1437 1618 1471 quoniam
1647 1443 1711 1465 turn

194 1489 370 1531 tributorum
399 1497 508 1517 summa
532 1490 623 1517 multo
647 1489 738 1526 major
768 1488 884 1518 fuisset.
938 1489 998 1518 Cui
1021 1489 1153 1525 opinioni
1187 1495 1301 1518 nostrae
1333 1489 1416 1516 locus
1448 1487 1618 1524 Thucydidis
1652 1496 1712 1517 non

198 1540 295 1568 obstat
328 1540 411 1577 (2),
441 1547 500 1575 quo
533 1540 635 1574 tradit,
664 1540 878 1576 Amphipolin,
909 1540 993 1577 cujus
1028 1541 1108 1569 urbis
1139 1541 1250 1570 incolae
1277 1540 1326 1576 (p.
1356 1539 1420 1576 18)
1451 1541 1594 1576 κληροῦχοι
1626 1539 1716 1568 Athe-

195 1591 310 1620 nienses
346 1597 441 1626 erant,
469 1591 593 1620 Athenis
616 1591 714 1619 utilem
746 1590 839 1620 fuisse
867 1594 1017 1628 χρημάτων
1043 1592 1171 1629 προσόδῳ.
1219 1591 1324 1619 Eadem
1356 1590 1429 1618 enim
1457 1598 1565 1625 onera,
1592 1598 1624 1618 ac
1653 1598 1716 1632 εαρ-

197 1643 250 1670 teri
279 1642 488 1678 Athenienses,
509 1643 649 1678 tulerint,
672 1642 796 1672 fortasse
819 1643 926 1671 leviora
958 1642 1061 1678 etiam,
1089 1651 1155 1671 cum
1179 1646 1320 1679 κληροῦχοι
1346 1642 1516 1678 plerumque
1542 1642 1716 1678 pauperrimi

196 1694 276 1723 cives
303 1701 407 1722 essent.

236 1743 460 1779 Verumtamen,
493 1753 663 1781 quamquam
690 1745 829 1781 pecuniae
852 1753 962 1774 summa
992 1753 1051 1774 non
1076 1746 1156 1774 valde
1181 1752 1264 1774 aucta
1288 1744 1392 1779 fuerit,
1422 1745 1484 1781 ejus
1508 1744 1716 1773 administratio

199 1801 226 1823 et
252 1803 322 1824 usus
349 1796 431 1831 plane
458 1804 583 1825 mutatus
608 1805 662 1826 est.
711 1798 803 1826 Antea
827 1805 982 1826 commune
1005 1797 1138 1825 aerarium
1164 1797 1194 1826 in
1218 1798 1313 1826 insula
1339 1797 1412 1825 Delo
1438 1796 1550 1830 fuerat,
1573 1795 1621 1823 ubi
1649 1802 1717 1825 tem-

195 1847 236 1884 pli
270 1847 418 1882 Apollinis
452 1848 586 1876 sanctitas
620 1849 763 1884 praesidio
792 1848 849 1884 ipsi
879 1857 941 1877 esse
970 1848 1138 1885 putabatur.
1195 1848 1342 1885 Quamdiu
1372 1847 1462 1883 igitur
1495 1846 1534 1874 ibi
1567 1847 1714 1883 manebat,

194 1898 415 1935 perspiciebant
441 1898 652 1936 Athenienses,
682 1907 711 1928 se
732 1900 763 1928 id
790 1900 865 1928 haud
887 1901 926 1929 ita
951 1900 1036 1930 facile
1058 1902 1093 1930 ad
1115 1908 1185 1935 suos
1216 1908 1286 1928 usus
1301 1898 1444 1934 adhibere
1462 1888 1564 1934 posse.
1612 1898 1716 1935 Itaque

1676 1951 1715 1980 A.

233 2026 280 2054 (ις
308 2025 400 2053 mist.
423 2026 460 2055 11,
483 2030 520 2053 ις.
712 2022 767 2058 (2')
790 2028 832 2055 iv,
858 2031 908 2054 ros.
