1913 2417
294 131 570 164 RESPONSIO
596 139 645 162 AD
673 122 1518 171 QUAESTIONEM'HYDROSTATICAM
1623 134 1658 158 21

156 216 343 253 explicationi
365 216 492 245 inservit.
534 215 720 243 Assertiones
745 214 808 242 illae
838 213 883 241 his
909 212 1093 241 continentur
1116 210 1228 239 verbis:
1261 230 1284 245 ,‚
1306 209 1398 238 Prima
1423 209 1555 238 assertio.
1589 208 1664 236 Nul-

149 268 210 297 lum
241 269 410 297 elementum
438 266 467 295 in
492 275 548 295 suo
565 267 630 295 loco
654 265 773 293 naturali
797 264 988 292 constitutum
1013 263 1133 299 gravitat
1167 268 1217 290 aut
1249 260 1364 296 levitat,
1392 261 1416 289 si
1439 261 1525 289 modo
1547 260 1662 297 gravius

149 320 318 354 subsideat,
348 319 441 346 levius
472 317 603 346 emineat.
644 315 801 350 Probatur3
834 314 899 350 quia
925 314 988 342 ideo
1020 315 1156 341 elementa
1186 318 1268 341 tanto
1299 317 1416 340 naturae
1447 313 1557 348 impetu
1583 319 1662 347 prae-

149 370 285 406 scriptam
309 369 365 397 sibi
390 378 404 396 a
428 376 526 397 natura
550 368 641 396 sedem
665 372 788 402 petunt,
820 371 851 394 ut
875 364 945 393 inibi
974 365 1180 400 tranquillitate
1202 363 1302 399 adepta
1325 363 1508 398 consistant,
1530 371 1582 391 nec
1603 363 1661 399 jam

148 421 270 448 ulterius
296 420 433 448 cieantur.
473 418 582 447 Deinde
605 418 688 453 quia,
719 417 744 445 si
774 419 822 445 aer
847 422 875 444 et
902 423 974 451 aqua
1001 416 1031 443 in
1054 415 1143 450 patria
1175 414 1290 450 regione
1322 414 1454 443 deorsum
1481 414 1664 448 niterentur‚

148 472 310 507 degravaret
336 478 436 499 nostra
463 472 557 505 capita
581 469 654 497 afiris
681 468 815 504 pondus,
837 474 863 495 et
885 467 924 502 ii,
948 466 998 503 qui
1019 465 1074 494 sub
1099 465 1180 501 aquis
1199 471 1317 501 natant,
1347 473 1422 495 onus
1442 472 1576 501 magnum
1595 471 1660 492 sen-

154 521 261 556 tium,
284 522 363 556 quod
383 529 475 549 tamen
500 520 686 556 experientiae
709 524 858 555 repugnat.
868 518 885 530 ‘'

189 572 251 600 Cur
275 580 370 600 autem
393 571 545 600 adhibeant
568 573 654 600 verba
677 572 744 606 illa,
767 570 828 598 sive
851 576 884 598 ut
908 571 1005 606 ajunt,
1035 588 1057 604 „
1079 567 1300 596 moderationem
1317 567 1415 603 illam,
1437 568 1462 596 si
1485 567 1564 596 modo
1587 575 1664 604 gra-

147 622 262 659 vius,”
291 631 325 653 ex
351 622 482 658 sequenti
506 622 662 651 assertione
684 628 768 657 patet.
809 641 827 655 „
842 621 972 649 Secunda
1000 620 1134 648 assertio.
1181 619 1313 654 Corpora
1338 619 1434 655 gravia
1458 627 1544 655 supra
1565 618 1663 647 minus

148 674 265 710 gravia,
287 681 336 702 aut
357 682 444 708 snpra
466 673 559 707 levia,
583 673 750 708 ubicunque
769 672 848 706 sint,
869 671 1027 708 gravitant:
1050 671 1239 705 similiterque
1261 669 1333 698 levia
1358 669 1431 697 infra
1457 670 1552 699 minus
1575 669 1666 704 levia,

150 731 200 753 aut
225 724 299 753 infra
333 725 428 761 gravia
454 724 580 752 leviant.
622 723 702 751 Hanc
734 723 917 751 assertionem
950 721 1055 757 probat
1084 721 1268 757 experientia.
1311 719 1452 748 Videmus
1476 721 1570 756 enim,
1603 719 1668 747 ubi-

147 781 264 810 cunque
286 776 381 811 gravia
404 782 451 802 aut
478 775 573 802 minus
599 773 694 809 gravia
718 780 879 808 ponantur,
902 771 1058 801 confestim
1081 770 1256 806 superiorem
1281 771 1377 799 locum
1402 771 1516 800 levibus
1542 777 1591 798 aut
1613 769 1668 797 mi-

150 833 207 854 mis
231 826 386 861 gravibus,
415 824 439 853 si
462 825 528 853 haec
554 824 627 853 intra
652 824 730 859 sint,
758 823 883 859 deferre3
912 823 990 859 quod
1014 828 1090 850 certe
1112 829 1172 850 non
1194 820 1227 849 fit
1253 821 1310 849 nist
1336 827 1437 851 mutuo
1466 821 1594 858 gravium
1617 821 1669 849 de·

148 876 346 904 scendentium
371 876 536 911 leviumque
558 875 790 904 adscendentium
815 880 921 903 conatu
945 880 1031 909 atque
1054 872 1205 907 impulsu,
1237 880 1320 907 quem
1348 872 1508 909 gravitandi
1543 879 1570 901 et
1599 871 1669 900 levi.

148 926 228 954 tandi
248 936 345 955 actum
377 927 516 956 diximus.
559 927 660 961 ltaque
689 926 718 954 in
747 925 872 961 qualibet
905 923 1004 952 mundi
1032 922 1148 959 regione
1169 928 1241 950 terra
1274 932 1362 959 super
1385 932 1509 959 aquam,
1542 929 1614 952 terra
1637 928 1666 951 et

147 985 221 1012 aqua
242 985 328 1013 super
352 980 442 1006 aerem
468 979 513 1006 vel
538 978 630 1013 ignem
654 976 814 1005 constituta
838 975 970 1004 deorsum
990 981 1126 1011 vergent:
1154 975 1200 1002 aet
1227 974 1282 1002 sub
1305 983 1399 1010 aqua,
1429 975 1505 1011 ignis
1526 974 1581 1002 sub
1601 975 1665 1002 aere

148 1027 238 1063 positi
262 1036 379 1056 sursum
405 1028 547 1057 nituntur.
588 1029 685 1062 Atque
708 1028 775 1055 hinc
803 1032 846 1054 est
866 1025 971 1060 etiam,
999 1025 1079 1060 quod
1100 1032 1135 1052 ex
1158 1024 1323 1059 liquoribus
1356 1025 1403 1053 alii
1426 1025 1489 1054 aliis
1515 1026 1670 1059 innatant,

148 1084 183 1106 ut
206 1086 296 1113 aquae
321 1079 413 1107 salsae
433 1078 547 1112 dulcis,
568 1084 595 1106 et
619 1083 699 1106 aceto
725 1079 837 1106 oleum:
860 1077 907 1106 alii
929 1076 1100 1111 subsident,
1123 1081 1155 1104 ut
1177 1074 1298 1104 cuilibet
1322 1084 1412 1111 aquae
1432 1076 1590 1104 balsamum
1604 1095 1614 1110 ‚
1635 1080 1664 1103 et

149 1135 183 1157 ex
208 1129 330 1157 metallis
352 1137 486 1158 stannum
511 1129 659 1164 liquosum
687 1136 775 1164 super
795 1136 896 1157 aurum
923 1127 1038 1162 fluitat,
1068 1132 1096 1155 et
1119 1131 1268 1162 argentum
1290 1126 1390 1155 vivum
1415 1126 1552 1156 omnibus
1574 1124 1666 1159 subji-

146 1179 244 1215 citur,
266 1186 462 1217 praeterquam
480 1189 562 1209 auro.
572 1179 594 1192 '⁷

186 1230 242 1259 His
267 1231 382 1266 quidem
412 1232 588 1268 argumentis
616 1232 785 1268 philosophi
815 1231 857 1259 im
888 1230 998 1265 antiqui
1023 1228 1194 1258 sententiam
1222 1238 1303 1258 suam
1337 1230 1446 1258 firmare
1469 1226 1667 1262 conabantur,

146 1286 176 1309 et
199 1281 320 1317 probare
341 1288 442 1310 contra
464 1283 650 1312 Aristotelem
676 1283 761 1311 fluida
783 1282 814 1310 in
832 1282 959 1318 propriis
983 1280 1057 1308 locis
1079 1288 1138 1308 uon
1165 1280 1313 1316 gravitare.

184 1330 269 1361 Hanc
294 1333 488 1369 quaestionem
513 1333 576 1362 dein
596 1334 646 1362 diu
671 1334 805 1362 intactam
833 1332 971 1368 reliquere
1002 1330 1196 1366 Philosophi,
1228 1331 1318 1359 donec
1345 1331 1455 1359 tandem
1479 1336 1549 1366 post
1571 1330 1669 1366 elapsa

148 1380 261 1415 aliquot
286 1386 382 1407 secuta
403 1385 452 1407 olii
477 1386 579 1413 iterum
607 1385 775 1413 Aristotelis
802 1383 1225 1415 librorum*commentatores,
1254 1389 1282 1409 et
1304 1381 1379 1409 inter
1400 1382 1472 1409 alios
1497 1381 1554 1417 jam
1580 1388 1668 1416 supra

151 1430 299 1460 memorati
324 1430 397 1458 socii
419 1430 673 1459 Conimbricenses
694 1432 733 1467 (1
750 1432 764 1467 )
783 1431 866 1458 etiam
890 1431 1028 1459 suam'de
1051 1440 1081 1459 ea
1104 1431 1269 1459 sententiam
1294 1432 1451 1468 subjecere.

188 1481 244 1510 His
269 1480 337 1509 viris
366 1481 462 1510 doctis
496 1488 659 1518 argumenta
694 1482 862 1510 Aristotelis
894 1491 947 1517 pro
978 1482 1169 1516 gravitatione
1203 1482 1355 1510 fluidorum
1384 1482 1412 1510 in
1445 1482 1569 1517 propriis
1593 1471 1667 1510 Iocis

149 1533 291 1567 adducta,
314 1540 372 1560 non
400 1533 521 1560 multum
546 1533 654 1568 negotii
680 1531 827 1561 facessunt
852 1532 930 1569 (α).
973 1532 1047 1559 Nam
1074 1539 1153 1560 utres
1178 1532 1268 1560 inflati
1292 1531 1400 1560 idcirco
1426 1532 1496 1568 ipsis
1520 1532 1664 1568 graviores

149 1583 304 1617 videntur,
331 1603 353 1617 ,,
373 1584 437 1619 quia
469 1583 545 1619 pleni
574 1584 633 1611 affre
658 1584 792 1619 impuro,
821 1583 883 1612 sive
910 1583 935 1611 is
962 1583 996 1611 ab
1030 1582 1148 1610 homine
1188 1583 1351 1611 exsufflatus
1385 1584 1422 1611 sit
1460 1581 1561 1616 (sputi
1590 1581 1669 1610 enim'

150 1634 274 1663 multum
299 1634 378 1662 vehit
405 1635 548 1669 secum),
580 1634 640 1662 sive
663 1643 678 1662 a
698 1634 784 1669 folle,
811 1634 878 1670 quia
909 1634 952 1662 aer
985 1633 1036 1668 qui
1070 1633 1145 1661 circa
1181 1639 1268 1661 terrae
1291 1639 1333 1658 cst
1367 1630 1544 1666 superficiem
1576 1637 1666 1660 scatet

150 1684 307 1720 vaporibus
330 1693 362 1713 ac
385 1685 567 1712 terrestribus
591 1686 798 1720 corpusculis,
822 1693 893 1720 quae
920 1684 949 1712 in
972 1682 1043 1711 solis
1068 1682 1146 1709 radio
1175 1681 1404 1717 conspiciuntur.
1446 1681 1561 1718 Quodsi
1586 1684 1663 1719 ejus-

152 1736 230 1766 modi
249 1738 298 1764 aer
327 1744 420 1772 purus
448 1744 479 1764 ac
512 1736 639 1765 sincerus
664 1743 760 1773 esset,
788 1743 967 1772 nequaquam
1001 1740 1080 1762 utres
1107 1732 1198 1768 magiS
1231 1733 1412 1768 ponderosos
1438 1733 1582 1769 redderet,
1614 1732 1664 1762 sed

147 1786 309 1816 leviores-’⁷

1549 1840 1572 1856 τ’
1595 1820 1664 1856 Lig‘

179 1890 230 1919 (ι)
251 1891 312 1913 Socii
331 1892 354 1912 hi
372 1891 461 1918 cossegii
481 1891 697 1919 Conimbricensts,
723 1890 841 1915 societatis
862 1893 929 1919 jesu,
951 1889 984 1912 ml
1004 1889 1048 1912 alia
1067 1887 1198 1911 Aristotelis
1222 1892 1308 1915 opera,
1335 1887 1368 1909 sic
1388 1886 1454 1909 etiam
1476 1887 1525 1913 ejus
1541 1889 1569 1909 lv
1593 1889 1668 1911 libros:

151 1933 180 1954 de
193 1933 282 1959 coeio,
303 1938 421 1960 versione,
442 1933 591 1959 cxpl'catione
612 1940 634 1956 et
651 1933 762 1956 nonnullis
783 1933 954 1960 quaestionibus
975 1937 1098 1957 ornarunt,
1116 1936 1138 1952 et
1156 1930 1245 1957 publici
1263 1928 1318 1956 juris
1340 1929 1443 1951 fecerunt
1466 1930 1509 1952 Ao.
1526 1928 1588 1952 16¹8·

177 1973 228 2002 (2)
249 1974 301 1996 Vld.
321 1974 445 1996 Commem.
463 1974 578 1996 Commbr.
598 1975 620 1996 in
641 1975 732 1998 Aristot-
754 1976 780 1998 Ι..
795 1975 833 1998 lv.
852 1976 880 1996 de
899 1975 971 1996 Coelo
983 1989 991 2000 ,
1011 1977 1097 2001 quaest.
1112 1972 1141 1994 11.
1164 1977 1206 1994 nrt.
1222 1977 1249 1994 α.

904 2014 972 2051 Ca
