1913 2417
621 155 1193 190 ANNOTATIONES.
1609 160 1652 195 35

166 258 261 284 {erest
285 251 368 283 inter
392 249 479 281 illam
503 255 650 281 naturam
669 249 845 281 electricam
869 250 1110 293 particularem,
1135 257 1166 282 et
1187 250 1423 284 electi-icitatem
1442 263 1541 296 quam
1559 265 1642 285 mas-

164 311 207 341 sis
237 316 303 340 arte
338 307 549 345 obducimur,
581 305 670 349 quod
702 308 736 337 in
768 306 818 337 his
849 306 992 338 electrina
1019 309 1168 339 contrarii
1197 309 1321 350 generis
1351 316 1424 352 post
1451 317 1636 342 contactum

164 372 219 397 aut
246 375 318 396 suas
344 363 427 395 vires
454 369 570 394 mutuo
595 361 762 405 frangant,
798 369 853 394 aut
883 374 947 393 una
971 363 1099 395 alteram
1130 364 1237 395 vincat
1265 364 1398 408 solaque
1425 367 1575 410 supersit;
1601 368 1635 400 in

163 420 326 466 particulis
345 430 421 452 vero
450 419 540 451 nulla
560 420 600 450 sit
621 418 780 461 ejusmodi
805 419 1019 462 aequalisatio
1048 420 1098 452 vel
1118 420 1356 460 neutralisatc'ffi
1379 422 1435 454 sed
1463 429 1535 466 post
1560 435 1637 455 con-

158 479 361 521 junctionem
386 487 477 508 suam
498 487 645 519 quaeque
669 483 814 507 naturam
842 475 1019 507 electricam
1048 484 1224 509 conservet.
1281 479 1367 518 Quin
1402 486 1526 512 tantum
1550 480 1638 512 abest

159 541 196 566 ut
218 541 350 566 naturae
377 533 540 565 electricae
563 533 740 564 contrariae
771 532 878 564 nullae
907 533 1020 565 fierent
1054 541 1183 577 propter
1211 535 1494 577 conjunctionem,
1528 543 1562 568 ut
1582 549 1637 579 po-

159 592 223 623 tius
260 589 444 622 manifestae
469 589 548 621 fiant
579 591 613 621 in
640 588 853 632 corporihuS,
889 596 1057 633 postquam
1087 592 1293 633 contigerunt
1325 592 1408 623 inter
1437 604 1524 633 sese,
1549 605 1632 636 quae

158 655 250 679 antea
277 649 408 690 signum
433 647 636 679 ostenderent
659 646 817 678 neutrius.
863 648 944 678 Nam
968 647 1057 690 quod
1085 647 1178 678 Volta
1199 647 1488 687 demonstraverat,
1514 649 1634 681 lamina

158 705 243 736 zinci
271 704 407 735 laminae
431 705 524 747 cupri
557 702 736 746 applicata,
765 709 936 746 utramque
964 711 1078 746 sponte
1111 702 1183 734 fieri
1215 704 1392 735 electricam
1424 708 1634 746 contrariam,

155 761 352 804 principium
380 766 428 791 est
455 771 521 802 quo
543 766 609 790 tota
636 761 712 791 haec
736 758 883 790 doctrina
907 759 1039 797 nititur,
1074 759 1163 802 quod
1195 760 1314 792 idcirco
1336 763 1428 804 Davy
1456 769 1539 793 reete
1562 774 1635 805 per·

153 817 257 860 spexit
282 827 315 848 se
341 823 413 848 ante
436 816 544 848 omnia
568 827 693 848 summa
716 826 793 847 cura
814 815 1015 847 considerare
1041 823 1201 859 oportere.
1248 818 1355 860 Atque
1376 829 1443 849 rem
1475 819 1634 859 italscru·

151 879 236 905 tatus
258 872 538 916 est‚'apponcndo
563 872 639 904 bina
665 883 820 916 corpora,
845 879 915 903 tum
941 872 1107 916 aliquanto
1132 880 1205 916 post
1233 874 1429 917 separando,
1454 882 1631 918 utrumque

147 930 373 962 electrometro
394 929 570 972 exigendo,
600 935 638 960 ut
660 929 727 971 jam
754 928 794 960 de
819 928 931 959 multis
966 928 1156 971 corporibus
1186 929 1251 961 duo
1285 932 1425 973 potuerit
1455 930 1631 963 affirmare:

155 995 192 1024 1,
213 996 351 1028 corpora
382 985 537 1028 applicata
565 986 627 1017 uni
649 985 818 1028 eidemque
849 984 978 1017 metallo
1005 984 1074 1016 fieri
1104 984 1249 1018 electrica
1270 986 1454 1019 alterutrius
1481 989 1629 1030 generis,

147 1042 254 1085 ipsum
284 1040 449 1072 metallum
476 1043 601 1084 generis
631 1042 810 1079 contrarii3
842 1041 885 1072 ita
913 1041 1001 1072 acida
1027 1041 1154 1079 solida,
1195 1042 1354 1074 oxalicum
1370 1066 1379 1082 ‚
1412 1044 1632 1085 succinicum,

147 1097 356 1136 benzoicum,
380 1097 587 1135 horacicum,
610 1098 863 1141 phosphoricum
897 1096 1053 1140 applicata
1085 1108 1188 1141 cupro
1211 1097 1264 1129 yel
1291 1099 1383 1130 zinco
1410 1099 1481 1132 fieri
1505 1100 1631 1132 electri.

145 1165 183 1187 ca
219 1155 367 1198 negativa
384 1177 393 1192 ‚
422 1153 589 1186 metallum
625 1155 818 1198 positivum3
851 1160 963 1186 contra
990 1160 1108 1192 terras,
1127 1154 1262 1194 calcem,
1283 1156 1471 1195 strontiam‚
1494 1166 1624 1199 magne-

144 1211 242 1249 siam,
272 1210 362 1242 alcali
388 1210 498 1242 sodam
516 1235 525 1250 ,
555 1211 717 1254 sulphur,
751 1210 822 1242 fieri
848 1210 994 1242 electrina
1026 1210 1164 1253 positiva
1181 1234 1190 1250 ‚
1219 1211 1385 1243 metallum
1417 1213 1627 1255 negativum;

143 1279 185 1307 a,
207 1267 333 1300 diversa
356 1278 493 1311 corpora
516 1267 579 1299 sibi
612 1268 751 1299 invicem
775 1267 932 1311 applicata
962 1266 1032 1298 fieri
1051 1266 1197 1299 electrica
1216 1269 1374 1300 contraria
1389 1291 1400 1308 ‚
1429 1280 1534 1313 eoque
1559 1280 1627 1301 ma-

140 1324 190 1367 gis
211 1325 404 1369 conspicua,
426 1336 494 1368 quo
520 1323 645 1356 facilius
673 1324 815 1357 chemice
835 1325 1094 1368 conjungantur,
1125 1323 1178 1356 vel
1205 1336 1272 1368 quo
1299 1336 1414 1357 eorum
1444 1326 1486 1357 sit
1521 1324 1626 1370 major

139 1380 299 1421 affinitas;
327 1382 371 1413 ita
398 1388 514 1413 terram
541 1381 664 1413 calcem
692 1392 732 1413 ex
756 1387 909 1414 contactu
943 1380 1024 1414 acidi
1061 1379 1177 1413 oxalici
1202 1380 1274 1413 fieri
1305 1382 1485 1415 electricam
1512 1383 1628 1427 positi-

138 1447 227 1477 vam,
249 1438 376 1470 acidum
403 1439 608 1481 negativum,
634 1438 784 1482 idemque
809 1438 942 1482 reperiri
967 1439 994 1470 si
1020 1445 1259 1482 componantur
1279 1438 1356 1470 bina
1385 1439 1458 1477 illa,
1483 1449 1622 1482 cuprum

96 1513 100 1515 Δ
138 1503 216 1525 cum
239 1495 354 1532 zinco,
378 1506 494 1527 aurum
520 1507 596 1528 cum
623 1496 803 1535 mercurio,
835 1494 973 1538 sulphur
999 1505 1074 1526 cum
1107 1495 1264 1533 metallis,
1289 1494 1377 1526 acida
1406 1506 1482 1527 cum
1509 1496 1616 1527 alcali·

139 1548 219 1588 bus3
248 1549 364 1581 deinde
388 1551 498 1582 eadem
526 1560 697 1595 postquam
728 1551 898 1583 caluerunt
933 1551 1022 1594 (quo
1049 1550 1154 1582 calore
1177 1551 1315 1583 affinitas
1338 1552 1435 1583 simul
1461 1556 1619 1595 augetur)

136 1615 210 1637 suas
232 1605 392 1639 elecuicas
422 1615 552 1638 naturas
585 1608 701 1638 clarius
734 1606 911 1640 ostendere.
968 1607 1053 1639 Haec
1092 1613 1199 1639 autem
1235 1607 1314 1639 adeo
1344 1615 1488 1641 accurate
1510 1616 1622 1640 tracta-

137 1662 201 1700 vit,
226 1668 261 1693 ut
290 1663 317 1694 si
346 1663 428 1694 hanc
455 1664 629 1707 quaerendi
656 1665 814 1696 rationem
847 1674 960 1695 omnes
986 1662 1242 1703 aemularentur,
1265 1676 1334 1696 non
1361 1665 1467 1697 solum
1489 1672 1619 1708 possent

137 1717 188 1750 vel
212 1717 420 1750 subtilissima
447 1722 516 1751 sine
534 1721 600 1752 ulla
630 1720 878 1764 reprehensione
897 1721 1105 1763 investigare,
1127 1720 1181 1752 sed
1208 1721 1242 1751 in
1270 1721 1328 1753 hac
1357 1733 1391 1753 re
1423 1721 1525 1754 multa
1548 1732 1623 1765 ape-

134 1773 235 1806 rirent
260 1785 342 1818 quae
366 1786 513 1808 summus
542 1777 595 1809 ille
625 1778 787 1809 che-micus
812 1777 926 1809 maluit
954 1777 1064 1820 ignota
1093 1776 1163 1808 aliis
1188 1777 1382 1810 invenienda
1413 1778 1618 1822 relinquere,

135 1841 234 1873 quam
266 1833 461 1876 conjecturis
493 1845 550 1866 sua
581 1835 709 1878 propria
733 1834 845 1866 facere.
899 1836 967 1865 Hoc
997 1835 1085 1865 enim
1120 1841 1238 1866 temere
1259 1835 1450 1879 explicando
1478 1836 1615 1879 pessime

134 1887 392 1927 committimus,
419 1901 487 1922 non
521 1890 620 1922 modo
644 1898 680 1922 ut
704 1891 925 1922 commentitia
959 1891 1060 1938 multa
1090 1890 1313 1934 proferamus,
1352 1902 1426 1924 narn
1458 1903 1547 1924 error
1574 1902 1614 1923 ex

138 1942 180 1975 iia
203 1943 271 1975 tolli
293 1951 415 1991 potest,
439 1946 495 1980 sed
519 1954 556 1980 ut
586 1948 677 1992 quasi
708 1949 813 1992 specie
839 1947 972 1979 luminis
998 1958 1035 1979 ea
1058 1948 1243 1992 cingamuS,
1277 1959 1359 1992 quae
1386 1949 1414 1982 si
1437 1948 1532 1993 plane
1556 1947 1615 1979 ob-

912 2005 941 2036 E
962 2015 982 2037 ι
1545 2006 1616 2037 scu-
