1913 2417
600 162 1172 198 ANNOTATIONES.
1589 163 1632 196 33

192 260 261 302 (α)
284 263 318 292 Ρ.
342 268 389 302 13.
435 259 508 291 Non
530 258 635 291 solum
663 266 710 291 est
734 260 769 290 in
791 259 937 290 doctrina
962 259 1002 290 de
1038 270 1168 291 ascensu
1202 258 1366 302 liquorum
1397 260 1432 290 in
1462 257 1556 288 tubos
1574 268 1627 287 ca·

144 316 271 360 pillares
293 317 454 360 specimen
486 316 556 358 ejus
589 316 739 359 physicae
778 315 972 354 subtilioris,
1004 327 1102 359 quam
1136 314 1224 353 dixi,
1257 315 1312 346 sed
1340 319 1408 358 ipsa
1435 320 1626 357 argumento

142 383 212 404 esse
241 372 335 403 debet
366 383 461 416 quam
495 372 619 403 fallaces
651 373 715 402 sint
743 373 837 410 viae,
869 371 988 414 quibus
1013 373 1075 403 viri
1106 372 1284 414 ingeniosi,
1317 371 1371 403 sed
1409 371 1533 414 physici
1559 381 1627 401 nou

143 429 242 461 nimis
266 429 371 464 acuti,
396 428 570 471 aliquando
598 435 743 459 naturam
765 428 922 471 explicare
951 436 1130 469 conantur,
1163 429 1219 470 qui
1247 428 1457 459 admiratione
1488 426 1627 470 quadam

142 492 175 516 et
206 484 427 527 magnitudine
454 496 563 516 rerum
597 485 758 515 commoti
775 494 829 515 eas
864 485 1024 516 universis
1058 485 1236 515 rationibus
1273 484 1442 525 complecti
1474 484 1624 526 cupiunt.

138 540 349 583 Magnificum
378 548 426 573 est
451 541 582 584 quidem
609 540 824 584 spectaculum
852 540 988 580 mundi,
1013 541 1068 572 sed
1095 552 1160 572 non
1187 540 1320 583 perinde
1344 539 1513 581 magnifica
1543 545 1620 570 sunt

138 596 247 628 studia
273 597 392 640 quibus
419 597 499 629 illud
523 597 752 635 describimus,
777 597 898 640 quippe
927 597 1004 628 haec
1036 604 1112 628 sunt
1144 597 1335 633 hominum,
1362 596 1442 627 illud
1471 606 1554 639 opus
1576 594 1626 625 di·

140 655 267 685 vinum.
323 654 454 697 Semper
487 655 598 698 putavi
628 653 711 685 nihil
740 660 802 684 tam
841 655 944 696 prima
974 653 1080 684 fronte
1104 652 1282 695 discrepare
1311 664 1408 695 quam
1434 663 1507 683 cum
1535 651 1624 682 vide-

138 719 213 740 mus
237 710 386 752 physicos
409 711 444 741 in
470 711 563 742 initio
591 721 724 742 snorum
753 710 911 746 librorum
932 711 1172 741 universitatem
1197 719 1303 739 rerum
1326 708 1497 745 extollere,
1522 718 1618 750 seque

137 766 208 809 ejus
238 767 377 798 rationes
409 778 567 810 exponere
593 765 754 809 profiteri,
786 766 902 797 deinde
934 765 1039 797 delabi
1073 765 1113 796 ad
1143 766 1301 795 minutam
1341 764 1619 806 investigationem

135 833 195 866 per
223 829 396 865 angustum
422 823 536 854 tubum
566 822 684 865 liquori
709 822 909 860 demersum,
943 822 1040 865 idque
1064 821 1261 864 praeclarum
1292 821 1461 852 inventum
1495 818 1614 863 profer-

133 889 180 911 re.
225 880 346 910 Tamen
378 879 405 910 si
432 878 538 918 illud,
571 879 660 923 quod
697 880 894 922 principium
930 878 1030 919 hujus
1067 877 1230 908 doctrinae
1267 877 1420 915 habetur,
1457 879 1618 907 attractio-

127 946 208 967 *nem
232 935 468 978 particularum
495 947 567 967 „non
590 937 753 979 pertinere
776 934 825 965 ad
847 935 945 966 ulhm
974 935 1176 973 rnanfi‘stam
1201 932 1407 971 descandam,
1439 933 1544 964 solum
1569 943 1618 963 re·

131 998 264 1036 pertum
294 991 424 1032 fuisset,
444 994 510 1036 jam
538 993 640 1035 magis
665 992 698 1023 id
721 993 895 1035 aperuisset
918 991 1041 1022 aditum
1063 991 1103 1022 ad
1133 997 1239 1022 motus
1263 990 1490 1033 particularum
1522 988 1618 1020 intel-

132 1047 304 1090 ligendOS‚
332 1061 376 1082 ex
412 1050 531 1093 quibus
562 1050 668 1082 omnis
701 1049 804 1080 oritur
843 1049 997 1085 mutatio,
1040 1058 1136 1079 omne
1167 1036 1415 1089 phaenomenon
1447 1052 1612 1084 terrestre,

132 1114 232 1147 quam
266 1106 400 1148 grandia
431 1106 485 1138 illa
511 1106 551 1138 de
577 1105 708 1150 pulvere
731 1108 861 1137 Lacteae
890 1104 1119 1149 conjungendo
1151 1114 1226 1135 cum
1254 1103 1385 1147 pulvere
1409 1101 1532 1134 telluris
1555 1111 1613 1145 per

131 1159 264 1193 effluvia
300 1164 478 1206 magnetica
511 1162 562 1196 vel
596 1162 740 1194 electrica
765 1163 801 1194 in
830 1162 994 1193 immensIs
1022 1162 1131 1205 spatiis
1159 1171 1297 1204 aspersa.

177 1220 254 1260 (3)
277 1222 310 1251 Ρ.
338 1219 387 1252 15.
433 1220 587 1251 Interesse
620 1218 742 1262 aliquid
777 1219 861 1250 inter
896 1218 1075 1249 doctrinam
1105 1218 1247 1249 chemiae
1277 1223 1308 1248 et
1340 1216 1543 1249 mechanicae
1575 1215 1610 1247 in

128 1274 257 1306 ratione
295 1275 440 1307 utilitatis
476 1277 550 1319 quis
582 1286 650 1307 non
685 1275 862 1319 perspicit?
904 1274 1059 1306 Doctrina
1091 1273 1255 1312 chemiae‚
1285 1275 1343 1305 etsi
1374 1273 1475 1305 serius
1509 1278 1609 1311 nata,

129 1330 334 1375 perfectior-es
369 1332 440 1364 illas
481 1333 640 1364 chemicas
674 1339 775 1370 artes,
815 1341 898 1375 quae
933 1341 1021 1362 nunc
1058 1336 1155 1369 sunt,
1191 1340 1291 1373 paene
1326 1331 1464 1362 creavit:
1496 1335 1611 1360 contra

129 1387 264 1420 artificia
298 1389 505 1428 mechanica,
540 1400 623 1433 quae
654 1399 721 1420 non
751 1388 861 1419 miuus
895 1386 1026 1419 fuerunt
1056 1386 1106 1418 his
1136 1387 1293 1429 proximis
1319 1387 1413 1418 annis
1442 1385 1610 1418 emendata

128 1450 165 1475 et
194 1434 346 1487 perfecta,
378 1447 460 1477 inter
487 1446 649 1489 operarios
680 1444 747 1476 -fere
776 1450 886 1475 exorta
910 1449 997 1475 sunt.
1053 1442 1148 1474 Unde
1181 1442 1264 1474 hoc?
1310 1443 1393 1483 Quia
1421 1442 1546 1474 chemia
1566 1440 1609 1471 ob

128 1506 276 1532 naturam
302 1513 377 1534 suae
413 1502 599 1545 disciplinae
625 1502 690 1544 jam
718 1501 758 1532 ab
787 1501 880 1531 initio
905 1510 973 1532 sese
1009 1498 1143 1530 collocat
1174 1499 1208 1530 in
1237 1498 1393 1538 officinis,
1425 1498 1608 1539 artiumque

122 1562 161 1587 <et
184 1557 321 1588 rationes
351 1564 383 1589 et
404 1557 588 1589 discrimina
620 1558 785 1599 cognoscit
806 1563 837 1587 et
863 1557 1038 1599 perspicit,
1070 1555 1251 1586 mechanica
1268 1579 1280 1594 .,
1313 1553 1505 1598 praeclarior
1538 1552 1604 1583 for¹

131 1617 212 1643 tasse
233 1612 320 1656 quod
353 1623 443 1644 suam
473 1613 674 1656 disciplinam
707 1612 747 1644 ab
775 1612 934 1644 universis
959 1612 1127 1654 principiis
1156 1611 1313 1650 instituit,
1344 1617 1452 1641 tamen
1472 1615 1605 1652 propter

130 1668 271 1711 idipsum
302 1669 430 1712 longius
459 1668 499 1700 ab
536 1669 724 1700 hominibus
754 1679 932 1711 eorumque
959 1667 1123 1698 laboribus
1144 1674 1296 1699 versatur.
1342 1667 1430 1698 Finis
1459 1666 1528 1707 ejus
1550 1664 1605 1695 ad-

129 1723 194 1756 huc
221 1724 298 1764 fuit,
329 1725 481 1768 effingere
509 1724 691 1762 machinas,
723 1736 865 1769 eumque
895 1726 961 1768 jam
992 1724 1229 1768 propemodum
1259 1728 1434 1754 consecuta
1459 1728 1519 1753 est:
1550 1720 1606 1752 sed

130 1780 206 1812 finis
235 1782 456 1813 machinarum
486 1788 532 1813 est
562 1781 714 1825 perfectio
746 1782 863 1813 artium
891 1781 1149 1813 mechanicarum
1166 1803 1178 1819 ,
1211 1779 1251 1810 ad
1275 1789 1356 1822 quas
1381 1785 1418 1809 ut
1440 1789 1507 1809 sese
1532 1788 1604 1820 pos-

128 1837 170 1868 sit
194 1838 452 1877 accommodare,
476 1839 616 1881 primum
640 1845 766 1882 oportet
789 1840 872 1882 ipsas
897 1844 1079 1880 cognoscat.
1133 1838 1175 1867 At
1205 1837 1322 1867 artium
1344 1834 1544 1866 enumeratio
1571 1839 1602 1864 et

126 1892 299 1937 descriptio
330 1895 384 1926 vix
418 1894 523 1926 adhuc
555 1902 673 1926 tentata
698 1902 772 1934 est,
809 1906 826 1925 a
858 1894 1004 1925 doctrina
1037 1893 1237 1925 mechanicae
1274 1891 1368 1934 plane
1409 1891 1600 1934 sejungitur.

126 1950 250 1986 Deinde
267 1950 394 1994 physici
414 1952 449 1984 in
469 1952 609 1996 propriis
628 1952 694 1984 suis
712 1950 955 1995 quaestionibus
979 1950 1019 1982 de
1043 1952 1169 1988 attritu,
1196 1948 1236 1981 de
1240 1948 1402 1992 firmitate
1429 1948 1602 1983 maceriae,

893 2007 922 2041 Ε
1504 2010 1601 2044 quam
