1913 2417
661 138 1047 174 ORATIO}
1557 142 1607 175 33

124 240 314 279 funderent,
348 238 404 272 sed
444 246 625 283 opportune
652 239 831 283 prohibitos
856 253 933 273 voce
957 241 1092 273 coelitus
1121 240 1270 284 delapsa,
1299 252 1381 284 quae
1407 253 1462 274 eos
1485 243 1596 275 admo.

124 305 230 338 neret,
259 298 392 329 minime
416 296 461 328 ibi
485 296 604 328 vadum
630 308 713 335 esse,
744 297 799 328 sed
830 305 950 329 tantam
977 299 1071 329 maris
1096 297 1370 342 profunditatem,
1405 310 1503 342 quam
1535 300 1592 331 de·

126 354 214 398 lapsa
248 361 320 385 ante
352 355 513 397 integrum
539 354 743 396 septennium
776 356 897 385 securis
922 355 1068 386 nondum
1096 366 1223 387 emensa
1253 354 1372 387 fuisset.
1421 358 1483 387 Hac
1505 367 1594 399 para-

125 409 199 442 bola
226 410 389 442 literarum
424 409 583 441 studiosos
607 421 708 441 vanos
737 421 773 441 ac
798 410 948 442 volaticos
972 412 1075 442 notari
1100 411 1228 449 dicunt,
1262 413 1319 455 qui
1346 423 1421 443 cum
1447 423 1513 443 sese
1542 413 1597 445 vix

121 466 161 498 ad
193 478 298 509 genua
325 473 415 499 vasto
442 466 520 510 legis
553 472 585 497 et
617 466 826 498 traditionum
850 478 875 499 s.
904 478 932 499 s.
977 470 1103 499 Oceano
1132 469 1341 508 immiserint,
1366 475 1471 500 tamen
1494 468 1534 500 de
1558 479 1592 501 se

115 528 149 553 et
171 522 353 554 eruditione
379 533 436 554 sua
461 522 630 565 magnifice
655 524 810 562 sentiant,
838 531 870 555 et
889 524 990 555 sidera
1009 525 1125 556 vertice
1141 523 1233 556 ferire
1259 525 1319 556 sibi
1338 525 1527 564 videantur,
1557 524 1591 556 id

120 577 210 621 quod
246 577 349 610 fraudi
386 590 453 610 non
478 590 546 610 esse
573 590 640 610 non
666 581 766 622 possit
794 580 863 611 aliis
888 580 1078 623 improvidis
1107 581 1296 612 hominibus
1316 582 1487 624 sapientiae
1516 593 1595 625 ope-

117 644 186 666 ram
211 636 426 676 navantibus,
461 636 524 666 nisi
557 635 683 667 coelesti
709 647 787 667 voce
824 637 1089 676 admonerentur,
1119 638 1306 668 immensam
1335 649 1402 669 esse
1441 638 1592 681 abyssum

118 692 268 725 scientiae
305 699 336 724 et
357 692 594 730 doctrinarum,
623 692 875 735 mortalibusque
915 703 1044 736 prorsus
1083 693 1316 725 inexhaustam.
1360 694 1516 725 Videmus
1541 695 1591 726 vel

115 757 156 777 ex
186 747 248 779 hoo
276 760 365 787 uno,
397 759 495 791 quam
529 747 590 778 alte
625 755 767 790 assurgat
791 748 1004 779 Orientalium
1033 748 1171 779 docendi
1197 750 1318 786 oratio,
1353 761 1449 791 quam
1477 761 1592 792 parum

118 809 207 834 curet
238 804 383 847 jejunam
422 802 693 836 concinnitatem!
738 805 901 835 Nimirum
928 804 985 835 ubi
1009 804 1172 835 luxuriosa
1200 811 1312 835 natura
1346 805 1492 836 horridas
1523 806 1592 838 illas

115 857 237 890 belluas
261 869 493 904 progenerant,
524 873 605 905 quae
633 863 748 905 partim
770 863 958 905 proceritate
985 866 1017 891 et
1045 861 1208 898 vastitate,
1242 863 1358 904 partim
1386 861 1588 895 deformitate

119 921 152 946 et
183 917 333 949 varietate
356 919 496 950 insuetos
525 925 644 950 terrent
676 917 707 950 et
735 919 768 949 in
797 918 962 948 horrorem
984 918 1180 959 conjiciunt:
1203 917 1248 949 ibi
1274 924 1306 949 et
1332 919 1460 961 ingenia
1483 919 1593 951 huma·

114 981 158 1002 na
189 979 391 1015 portentosos
425 974 507 1006 fetus
541 975 659 1015 edunt,
687 984 720 1006 et
744 985 815 1006 eos.
845 974 902 1016 qui
933 983 988 1003 sua
1010 974 1177 1015 jejunitate
1201 974 1279 1006 alios
1305 976 1499 1014 metiuntur,
1537 987 1590 1008 su-

114 1026 181 1060 bita
205 1030 344 1072 quadam
366 1030 537 1064 formidine
563 1032 725 1070 afficiunt,
757 1041 821 1074 qua
843 1036 879 1060 ut
907 1040 974 1060 sese
1002 1030 1108 1060 statim
1132 1030 1316 1069 exsolvant,
1347 1031 1387 1061 ad
1419 1032 1520 1063 risum
1555 1039 1587 1064 et

114 1091 316 1119 contemtum
345 1088 549 1130 confugiunt.
603 1091 677 1128 Quo
700 1087 758 1126 fit,
781 1093 817 1118 ut
842 1096 898 1123 ea,
921 1095 1003 1128 quae
1033 1087 1067 1116 in
1094 1085 1194 1117 literis
1220 1096 1245 1118 s.
1269 1096 1294 1119 S.
1317 1086 1357 1117 ad
1381 1087 1468 1119 illam
1494 1089 1589 1121 luxu.-

112 1140 192 1172 riem
227 1150 260 1174 et
285 1144 490 1177 insolentiam
517 1144 703 1177 orientalem
723 1143 859 1186 propius
887 1141 1062 1181 accedant,
1087 1142 1193 1185 qualia
1219 1149 1295 1174 sunt
1317 1144 1419 1175 multa
1451 1146 1484 1176 in
1511 1157 1588 1189 apo-

112 1195 232 1240 calypsi
260 1199 444 1239 Johannea,
467 1206 591 1231 nostras
622 1209 714 1229 aures
736 1197 827 1229 facile
851 1197 1016 1229 offendant
1046 1205 1078 1229 et
1103 1201 1267 1230 temeraria
1292 1199 1414 1242 judicia
1447 1202 1582 1244 pariant.

113 1251 174 1284 His
207 1260 245 1284 ut
272 1254 403 1286 obviam
438 1256 498 1288 iret
530 1256 640 1288 divina
663 1254 884 1298 providentia,
913 1254 1089 1293 Scriptores
1117 1265 1224 1286 sacros
1245 1256 1284 1287 ab
1307 1256 1467 1299 ejusmodi
1488 1259 1589 1300 turgi-

108 1305 150 1338 da
178 1314 210 1340 et
232 1309 341 1342 inflata
370 1313 536 1352 oratione,
567 1324 642 1345 cum
675 1314 710 1343 in
732 1310 909 1354 parabolis,
948 1317 1018 1342 tum
1058 1312 1092 1342 in
1124 1312 1215 1342 omni
1257 1311 1394 1344 docendi
1428 1313 1526 1343 modo
1549 1319 1587 1345 ut

107 1363 286 1407 plurimum
319 1368 477 1402 abstinere
505 1370 600 1413 jussit
638 1375 669 1401 et
704 1370 888 1410 magistram
923 1366 1036 1409 generi
1060 1365 1204 1398 humano
1228 1367 1415 1399 destinatam
1443 1370 1538 1400 etiam
1564 1380 1583 1401 a

118 1421 319 1465 simplicitate
341 1432 373 1458 et
393 1425 581 1466 sobrietate,
605 1426 830 1470 perspicuitate
857 1430 888 1455 et
909 1422 1067 1455 evidentia
1088 1423 1224 1466 probare
1247 1430 1341 1468 atque
1361 1426 1586 1458 commendare

108 1476 222 1511 voluit.

151 1536 185 1565 A
213 1537 330 1578 potiori
354 1545 386 1570 et
414 1547 595 1584 comparate
624 1541 809 1572 aestimatur
830 1538 1056 1582 perspicuitas:
1083 1539 1204 1581 quippe
1227 1540 1279 1569 cui
1309 1542 1342 1570 in
1359 1538 1505 1571 docendo
1521 1541 1583 1571 exi·

104 1588 187 1621 miae
223 1592 336 1624 virtuti
370 1595 497 1627 etiamsi
532 1596 720 1627 indefessam
754 1606 883 1638 operam
925 1601 1021 1625 navet
1059 1594 1329 1637 praeclarissimus
1353 1597 1490 1640 quisque
1515 1608 1583 1628 ma-

105 1645 224 1688 gister,
255 1654 361 1680 tamen
395 1662 462 1693 quo
497 1653 652 1694 majorem
689 1659 721 1683 et
752 1652 853 1694 magis
881 1651 1044 1682 diversum
1070 1652 1151 1692 regit
1174 1651 1406 1694 discipulorum
1434 1660 1579 1691 coetum,

103 1710 144 1732 eo
169 1702 278 1735 minus
307 1705 347 1736 ab
372 1708 523 1738 omnibus
551 1710 618 1751 pari
645 1709 767 1739 ratione
794 1706 1008 1748 intelligetur,
1043 1707 1123 1747 quin
1153 1707 1255 1746 adeo,
1288 1710 1315 1739 si
1336 1709 1432 1740 nimis
1461 1709 1582 1752 perspi·

105 1766 185 1788 ouus
218 1766 283 1798 est,
311 1763 564 1804 provectioribus
588 1763 840 1807 improbabitur,
863 1762 921 1804 qui
949 1762 1000 1791 sui
1024 1762 1145 1803 ingenii
1171 1765 1255 1795 vires
1274 1765 1438 1796 intendere
1454 1772 1581 1805 amant,

108 1818 140 1842 et
175 1816 282 1846 omnia
319 1818 380 1849 sibi
419 1821 603 1851 minutatim
639 1820 782 1863 praeberi
814 1825 908 1861 atque
938 1817 1041 1859 ingeri
1069 1828 1161 1861 aegre
1187 1819 1302 1852 serunt.
1357 1823 1398 1852 Ut
1428 1822 1498 1853 sine
1526 1822 1581 1853 ad-

108 1870 248 1901 versario
281 1873 403 1913 virtus,
435 1876 477 1906 ita
513 1876 676 1908 literarum
713 1876 819 1908 studia
843 1875 912 1905 siue
934 1872 1178 1907 difficultatibus
1208 1885 1348 1909 marcent
1374 1882 1505 1921 suisque
1530 1890 1579 1909 ca-

104 1931 176 1955 rent
211 1927 349 1961 stimulis
385 1937 417 1963 et
443 1932 674 1973 incitamentis,
704 1940 735 1965 et
759 1938 845 1964 certo
867 1930 947 1962 scire
970 1929 1052 1961 mihi
1070 1931 1195 1973 videor,
1219 1938 1414 1977 scripturam
1437 1946 1579 1974 sacram,

906 1988 932 2018 E
1550 1994 1578 2023 si
