1913 2417
667 161 1061 197 ORATIO.
1560 167 1600 197 u*

123 261 241 308 possit,
266 261 344 304 quin
367 259 458 292 illum
481 262 604 299 Deum,
627 272 645 292 a
673 273 740 305 quo
762 273 932 306 nunquam
958 274 1025 295 non
1050 274 1116 296 sese
1142 263 1281 306 pendere
1301 263 1415 301 sentit,
1439 265 1596 308 cujusque

119 320 193 352 ‘vim‘
212 321 245 351 in
263 317 387 349 mundo
410 314 567 349 efficacem
592 320 728 349 omnino
754 319 871 350 infitias
902 322 947 351 ire
971 321 1101 363 nequit,
1138 327 1306 352 veneretur
1335 328 1429 364 atque
1464 322 1592 362 adorem

119 387 195 409 cum
220 375 304 408 idem
335 375 388 406 ille
421 380 579 418 perpetuo*
604 382 635 406 et
664 377 760 406 insito
785 377 835 406 sui
866 386 973 407 amore
1009 378 1166 420 impulsus
1193 389 1232 409 eo
1265 377 1393 416 tendat,
1424 384 1459 408 ut
1487 380 1592 409 consi-

121 422 222 470 lium,
262 442 329 475 quo
373 431 414 462 sit
447 438 598 471 creatus,
639 439 848 474 assequatur,
887 444 1086 476 consequens
1113 441 1189 473 est,
1231 441 1268 466 ut
1298 435 1462 466 notionem
1500 434 1597 477 hujus

117 489 247 522 consilii
283 499 357 519 cum
391 489 524 519 notione
563 495 695 520 naturae
725 488 852 520 divinae
891 491 1112 533 conjungere,
1141 502 1276 535 eamque
1310 492 1593 534 conjunctionem,

119 545 225 590 qualis
249 545 312 583 sit,
346 544 523 587 intelligere
556 546 690 576 studeat,
743 547 847 576 Immo
881 546 929 578 liis
956 548 1033 589 ipsis
1058 548 1291 588 opinionibus,
1322 559 1402 591 quas
1437 547 1592 579 informa-

117 604 166 636 vit
190 603 299 633 animo
322 612 381 633 suo
399 625 407 638 ,
440 613 507 633 non
529 603 715 644 acquiescit,
739 613 798 633 nec
814 601 884 633 fidit
906 614 981 634 suae
1006 607 1180 636 sententiae
1203 605 1301 636 semel
1326 611 1513 648 conceptae3
1535 605 1591 637 sed

115 669 186 692 ‘rem
214 658 343 702 majoris
369 659 524 689 momenti
548 659 694 701 judicat,
730 670 826 701 quain
855 670 936 702 quae
967 661 1156 692 notionibus
1182 662 1419 705 praeconceptis
1445 668 1510 692 tota
1541 663 1592 693 iu·

116 718 250 749 nitatur.
302 715 524 756 Circumspicit
547 717 644 757 igitur
661 722 848 757 argumenta
877 717 911 746 in
941 723 1111 760 utramque
1136 725 1255 760 partem
1271 741 1279 756 ,
1310 717 1430 760 quibus
1455 728 1508 749 eae
1535 725 1590 750 aut

116 772 288 804 firmentur
313 778 368 802 aut
392 779 605 810 enerventur3
635 777 856 814 perpetuoque
889 772 972 803 lianc
1002 784 1070 804 rem
1103 774 1298 813 meditatur,
1336 785 1470 816 eamque
1501 775 1591 806 inda·

114 839 192 873 gare
215 828 344 873 penitus
366 835 521 867 conatur,
556 839 629 859 suas
660 827 731 858 med
747 829 883 859 tationes
905 839 980 860 cum
1012 829 1124 861 alienis
1150 837 1333 873 comparat,
1362 837 1393 861 et
1418 830 1587 871 omnibns,

114 896 197 929 quae
216 885 257 917 ad
278 895 345 916 rem
362 884 499 923 faciant,
522 884 663 928 legitime
678 884 884 927 ponderatis,
910 884 1038 917 tandem
1058 886 1179 929 judicat
1197 897 1233 918 ac
1255 887 1405 921 deceruit.
1454 889 1484 918 Si
1507 887 1588 930 quid

113 942 291 986 intelligere
313 944 446 985 nequit,
480 942 546 985 ipse
569 953 606 973 ex
635 952 702 973 sese
725 942 866 984 quaerit,
889 953 930 973 an
959 942 1087 974 eredere
1110 943 1239 983 debeat,
1261 951 1292 975 et
1313 956 1390 983 cur;
1413 955 1587 987 earumque

110 1010 248 1038 rerum,
282 999 401 1042 quibus
437 998 544 1030 credat
579 1009 706 1030 necesse
738 1005 805 1036 est,
839 1009 964 1042 semper
1010 1001 1191 1043 perspicuas
1234 1004 1382 1032 notiones
1424 1002 1586 1043 acquirere

108 1063 259 1089 conatur.
310 1056 463 1086 Naturam
492 1066 567 1086 suae
595 1055 689 1094 fidei,
719 1056 852 1097 ejusque
887 1066 964 1086 cum
998 1057 1156 1087 Creatoris
1184 1058 1319 1089 consilio
1351 1058 1585 1088 cohaerentiam

111 1118 348 1157 perscrutatum
379 1111 441 1142 sibi
464 1112 621 1155 quaedam
648 1112 798 1155 dogmata
821 1118 970 1150 annotat,
1000 1111 1165 1155 religionis
1203 1113 1367 1158 quoddam
1391 1121 1526 1157 systema
1551 1116 1586 1146 iu

109 1179 206 1202 usum
221 1180 317 1201 suum
335 1171 510 1212 componit.

153 1227 206 1256 Sic
228 1224 293 1266 agit
319 1225 545 1268 unusquisque
562 1249 571 1263 ,
604 1228 679 1270 qui,
702 1233 738 1258 ut
764 1225 828 1265 jam
857 1222 944 1265 dixi,
967 1225 1017 1256 sui
1040 1235 1179 1268 suaeque
1202 1229 1336 1258 rationis
1360 1226 1420 1258 sibi
1437 1229 1586 1260 conscius

108 1279 213 1313 factus
239 1287 304 1318 est,
327 1292 386 1312 nec
400 1291 513 1312 sensus
527 1282 612 1313 solos
636 1289 691 1314 aut
711 1291 807 1316 vanas
835 1279 1024 1322 cupiditates
1053 1283 1209 1325 imperare
1234 1283 1293 1313 sibi
1321 1284 1449 1326 patitur.
1496 1290 1585 1325 Quae

105 1347 184 1370 csm
213 1338 254 1368 ita
277 1337 366 1378 sint,
396 1337 473 1369 haec
497 1338 661 1371 meditatio
694 1340 734 1371 ab
765 1339 996 1384 antiquissimis
1026 1338 1101 1370 inde
1127 1339 1325 1382 temporibus
1352 1341 1493 1382 primum
1517 1341 1583 1372 sin·

107 1393 202 1437 gulos
233 1394 400 1431 homines,
435 1395 566 1437 ingenio
589 1396 729 1428 valentes
754 1404 785 1428 et
810 1397 953 1428 bonitate
979 1403 1111 1427 naturae
1135 1406 1210 1426 suae
1235 1397 1427 1438 conspicuos
1446 1420 1457 1435 ‚
1487 1408 1582 1428 occu.

107 1457 199 1494 patos
231 1452 359 1488 tenuit,
390 1462 464 1482 mox
500 1452 607 1495 plures
637 1455 733 1485 etiam
766 1455 813 1485 rei
840 1452 1065 1495 intelligendae
1095 1452 1289 1483 desiderium
1324 1453 1472 1491 incessit3
1506 1464 1581 1484 nam

107 1510 209 1538 unius
233 1507 374 1538 hominis
401 1514 549 1540 notiones
576 1510 610 1540 iu
640 1516 704 1540 tam
727 1517 810 1542 arcta
841 1517 1020 1552 mutuaque
1053 1510 1223 1540 hominum
1251 1509 1480 1550 conjunctione
1513 1520 1582 1541 non

108 1562 166 1595 diu
197 1563 283 1607 apud
317 1566 422 1605 ipsum
454 1575 582 1597 manere
615 1573 769 1608 possunt,
801 1566 841 1597 ab
869 1566 968 1597 altero
997 1566 1086 1596 alteri
1116 1564 1336 1601 instillantur,
1366 1572 1397 1595 et
1425 1565 1579 1608 paulatim

104 1620 202 1652 etiam
223 1620 439 1653 multitudiuis
473 1622 681 1653 attentionem
715 1624 748 1653 in
780 1633 813 1654 se
845 1629 970 1654 vocant.
1026 1621 1091 1661 Qui
1121 1627 1227 1652 autem
1261 1621 1409 1652 homines
1442 1622 1580 1660 exculti,

105 1676 415 1719 meditationumque
445 1677 644 1720 cupidissimi
680 1685 810 1717 essent,
845 1679 868 1709 ii
898 1678 1067 1721 praecipue
1101 1677 1249 1708 notiones
1283 1677 1486 1719 singulorum
1523 1680 1580 1710 ho.

106 1732 255 1770 minum,
290 1733 329 1763 ad
359 1734 546 1776 religionem
575 1734 785 1777 pertinentes,
808 1735 1026 1778 indagarunt,
1051 1739 1307 1776 congesserunt,
1337 1733 1578 1775 dijudicarunt,

102 1787 358 1831 disposuerunt,
391 1792 528 1822 invicem
567 1792 829 1833 conjunxerunt,
860 1799 956 1835 atque
992 1792 1027 1822 in
1062 1790 1249 1834 disciplinae
1280 1789 1413 1821 modum
1448 1790 1578 1833 redege-

104 1850 210 1883 runt3
241 1845 302 1877 hoc
334 1846 431 1878 modo
467 1846 658 1890 Tlieologiae
690 1847 872 1880 aedificium
898 1855 945 1879 est
977 1854 1187 1879 exstructum.
1238 1848 1320 1878 Cum
1357 1847 1454 1889 igitur
1480 1847 1576 1887 haec,

104 1910 187 1943 quae
210 1908 258 1932 est
280 1903 350 1945 ejus
366 1911 499 1942 natura,
521 1914 559 1934 ex
586 1903 735 1936 humanis
760 1904 800 1938 de
820 1907 887 1936 Deo
904 1904 1086 1947 divinisque
1101 1904 1197 1935 rebus
1222 1902 1410 1934 notionibus
1427 1910 1575 1943 constet,

92 1955 300 2001 ’quamquam
324 1962 526 2000 systeuiatico
549 1959 649 1996 modo
677 1962 760 1994 inter
788 1973 822 1995 se
848 1962 1045 2003 conjunctis,
1078 1968 1177 2001 (nam
1198 1971 1234 1993 ea
1261 1970 1407 2004 quoque,
1429 1971 1511 2003 quae
1530 1959 1576 1992 al-

876 2016 906 2048 B
927 2028 947 2052 2
1514 2017 1578 2053 tio:
