<?xml version="1.0" encoding="UTF-8"?>
<!DOCTYPE html PUBLIC "-//W3C//DTD XHTML 1.0 Transitional//EN"
    "http://www.w3.org/TR/xhtml1/DTD/xhtml1-transitional.dtd">
<html xmlns="http://www.w3.org/1999/xhtml" xml:lang="en" lang="en">
 <head>
  <title>
</title>
<meta http-equiv="Content-Type" content="text/html;charset=utf-8" />
  <meta name='ocr-system' content='tesseract 3.04.00' />
  <meta name='ocr-capabilities' content='ocr_page ocr_carea ocr_par ocr_line ocrx_word'/>
</head>
<body>
  <div class='ocr_page' id='page_1' title='image "annalesacademiae19rijk_0687.png"; bbox 0 0 1913 2417; ppageno 0'>
   <div class='ocr_carea' id='block_1_1' title="bbox 285 172 1652 216">
    <p class='ocr_par' dir='ltr' id='par_1_1' title="bbox 285 172 1652 216">
     <span class='ocr_line' id='line_1_1' title="bbox 285 172 1652 216; baseline 0.001 -10"><span class='ocrx_word' id='word_1_1' title='bbox 285 175 564 207; x_wconf 86' lang='lat' dir='ltr'>RESPONSIO</span> <span class='ocrx_word' id='word_1_2' title='bbox 592 183 646 206; x_wconf 74' lang='lat' dir='ltr'><strong>AD</strong></span> <span class='ocrx_word' id='word_1_3' title='bbox 676 172 1051 214; x_wconf 74' lang='lat' dir='ltr'><strong>QUAESTIONEM</strong></span> <span class='ocrx_word' id='word_1_4' title='bbox 1078 173 1502 208; x_wconf 81' lang='lat' dir='ltr'><strong>PHILOSOPHICAM.</strong></span> <span class='ocrx_word' id='word_1_5' title='bbox 1616 186 1652 216; x_wconf 63' lang='grc' dir='ltr'><strong>ἵε</strong></span> 
     </span>
    </p>
   </div>
   <div class='ocr_carea' id='block_1_2' title="bbox 133 257 1680 1519">
    <p class='ocr_par' dir='ltr' id='par_1_2' title="bbox 137 257 1648 346">
     <span class='ocr_line' id='line_1_2' title="bbox 137 257 1647 297; baseline -0.003 -6"><span class='ocrx_word' id='word_1_6' title='bbox 137 259 285 297; x_wconf 66' lang='grc' dir='ltr'><strong><em>τυχόντων.</em></strong></span> <span class='ocrx_word' id='word_1_7' title='bbox 332 258 513 288; x_wconf 84' lang='lat' dir='ltr'><strong>Conferenda</strong></span> <span class='ocrx_word' id='word_1_8' title='bbox 536 264 608 287; x_wconf 87' lang='lat' dir='ltr'><strong>sunt</strong></span> <span class='ocrx_word' id='word_1_9' title='bbox 624 278 634 294; x_wconf 90' lang='lat'><strong>‚</strong></span> <span class='ocrx_word' id='word_1_10' title='bbox 660 266 732 293; x_wconf 87' lang='lat' dir='ltr'><strong>quae</strong></span> <span class='ocrx_word' id='word_1_11' title='bbox 761 266 850 294; x_wconf 90' lang='lat' dir='ltr'><strong>supra</strong></span> <span class='ocrx_word' id='word_1_12' title='bbox 875 258 910 286; x_wconf 92' lang='lat' dir='ltr'><strong>ad</strong></span> <span class='ocrx_word' id='word_1_13' title='bbox 935 257 1087 287; x_wconf 75' lang='lat' dir='ltr'><strong>Arcesilae</strong></span> <span class='ocrx_word' id='word_1_14' title='bbox 1115 258 1330 295; x_wconf 80' lang='lat' dir='ltr'>philosophiam</span> <span class='ocrx_word' id='word_1_15' title='bbox 1368 261 1505 290; x_wconf 79' lang='lat' dir='ltr'><strong>diximuS.</strong></span> <span class='ocrx_word' id='word_1_16' title='bbox 1554 259 1647 296; x_wconf 84' lang='lat' dir='ltr'>Igitur</span> 
     </span>
     <span class='ocr_line' id='line_1_3' title="bbox 141 309 1648 346; baseline 0.001 -7"><span class='ocrx_word' id='word_1_17' title='bbox 141 311 245 339; x_wconf 77' lang='lat' dir='ltr'>licebat</span> <span class='ocrx_word' id='word_1_18' title='bbox 274 309 422 339; x_wconf 80' lang='lat' dir='ltr'><em>Carneadi</em></span> <span class='ocrx_word' id='word_1_19' title='bbox 451 311 590 338; x_wconf 80' lang='lat' dir='ltr'><em>assentiri</em></span> <span class='ocrx_word' id='word_1_20' title='bbox 613 315 642 337; x_wconf 88' lang='lat' dir='ltr'><strong>et</strong></span> <span class='ocrx_word' id='word_1_21' title='bbox 672 310 815 346; x_wconf 77' lang='lat' dir='ltr'><strong>opinari,</strong></span> <span class='ocrx_word' id='word_1_22' title='bbox 847 310 926 345; x_wconf 89' lang='lat' dir='ltr'><strong>quod</strong></span> <span class='ocrx_word' id='word_1_23' title='bbox 954 309 988 337; x_wconf 90' lang='lat' dir='ltr'><strong>ab</strong></span> <span class='ocrx_word' id='word_1_24' title='bbox 1019 317 1053 338; x_wconf 89' lang='lat' dir='ltr'><strong>eo</strong></span> <span class='ocrx_word' id='word_1_25' title='bbox 1081 309 1188 338; x_wconf 87' lang='lat' dir='ltr'>crimen</span> <span class='ocrx_word' id='word_1_26' title='bbox 1217 311 1369 340; x_wconf 83' lang='lat' dir='ltr'><strong>arcendum</strong></span> <span class='ocrx_word' id='word_1_27' title='bbox 1400 310 1594 340; x_wconf 74' lang='lat' dir='ltr'><em>Clitomachus</em></span> <span class='ocrx_word' id='word_1_28' title='bbox 1619 317 1648 340; x_wconf 83' lang='lat' dir='ltr'><strong>et</strong></span> 
     </span>
    </p>

    <p class='ocr_par' dir='ltr' id='par_1_3' title="bbox 135 360 1680 952">
     <span class='ocr_line' id='line_1_4' title="bbox 143 360 1650 398; baseline -0.001 -7"><span class='ocrx_word' id='word_1_29' title='bbox 143 362 242 391; x_wconf 84' lang='lat' dir='ltr'><strong>Cicero</strong></span> <span class='ocrx_word' id='word_1_30' title='bbox 264 366 402 397; x_wconf 87' lang='lat' dir='ltr'><strong>putarunt</strong></span> <span class='ocrx_word' id='word_1_31' title='bbox 423 361 505 398; x_wconf 83' lang='lat'><strong>(1).</strong></span> <span class='ocrx_word' id='word_1_32' title='bbox 545 360 579 389; x_wconf 91' lang='lat' dir='ltr'><strong>In</strong></span> <span class='ocrx_word' id='word_1_33' title='bbox 603 368 661 396; x_wconf 85' lang='lat' dir='ltr'><strong>qua</strong></span> <span class='ocrx_word' id='word_1_34' title='bbox 683 368 790 395; x_wconf 87' lang='lat' dir='ltr'><strong>causa,</strong></span> <span class='ocrx_word' id='word_1_35' title='bbox 811 366 920 396; x_wconf 84' lang='lat' dir='ltr'><strong>praeter</strong></span> <span class='ocrx_word' id='word_1_36' title='bbox 940 369 991 396; x_wconf 83' lang='lat' dir='ltr'><strong>ea,</strong></span> <span class='ocrx_word' id='word_1_37' title='bbox 1021 368 1093 396; x_wconf 90' lang='lat' dir='ltr'><strong>quae</strong></span> <span class='ocrx_word' id='word_1_38' title='bbox 1112 361 1169 398; x_wconf 84' lang='lat' dir='ltr'><strong>jam</strong></span> <span class='ocrx_word' id='word_1_39' title='bbox 1192 361 1267 389; x_wconf 83' lang='lat' dir='ltr'><strong>dicta</strong></span> <span class='ocrx_word' id='word_1_40' title='bbox 1287 368 1375 397; x_wconf 90' lang='lat' dir='ltr'><strong>sunt,</strong></span> <span class='ocrx_word' id='word_1_41' title='bbox 1403 362 1459 390; x_wconf 88' lang='lat' dir='ltr'><strong>hoc</strong></span> <span class='ocrx_word' id='word_1_42' title='bbox 1487 362 1571 390; x_wconf 87' lang='lat' dir='ltr'><strong>etiam</strong></span> <span class='ocrx_word' id='word_1_43' title='bbox 1597 362 1650 390; x_wconf 89' lang='lat' dir='ltr'><strong>im-</strong></span> 
     </span>
     <span class='ocr_line' id='line_1_5' title="bbox 142 410 1652 449; baseline 0 -9"><span class='ocrx_word' id='word_1_44' title='bbox 142 413 243 449; x_wconf 83' lang='lat' dir='ltr'>primis</span> <span class='ocrx_word' id='word_1_45' title='bbox 267 419 310 440; x_wconf 76' lang='lat' dir='ltr'><strong>est</strong></span> <span class='ocrx_word' id='word_1_46' title='bbox 333 412 505 447; x_wconf 83' lang='lat' dir='ltr'><strong>tenendum,</strong></span> <span class='ocrx_word' id='word_1_47' title='bbox 527 411 653 440; x_wconf 83' lang='lat' dir='ltr'><strong>Tullium</strong></span> <span class='ocrx_word' id='word_1_48' title='bbox 677 411 732 439; x_wconf 87' lang='lat' dir='ltr'><strong>hoc</strong></span> <span class='ocrx_word' id='word_1_49' title='bbox 758 410 927 439; x_wconf 85' lang='lat' dir='ltr'><strong>defendendi</strong></span> <span class='ocrx_word' id='word_1_50' title='bbox 948 419 1053 440; x_wconf 89' lang='lat' dir='ltr'><strong>munus</strong></span> <span class='ocrx_word' id='word_1_51' title='bbox 1071 412 1236 448; x_wconf 85' lang='lat' dir='ltr'><strong>suscepisse</strong></span> <span class='ocrx_word' id='word_1_52' title='bbox 1252 412 1361 441; x_wconf 82' lang='lat' dir='ltr'><strong>ratione</strong></span> <span class='ocrx_word' id='word_1_53' title='bbox 1385 412 1537 448; x_wconf 82' lang='lat' dir='ltr'>praecipue</span> <span class='ocrx_word' id='word_1_54' title='bbox 1555 412 1652 441; x_wconf 84' lang='lat' dir='ltr'><strong>hahita</strong></span> 
     </span>
     <span class='ocr_line' id='line_1_6' title="bbox 140 462 1651 498; baseline -0.001 -6"><span class='ocrx_word' id='word_1_55' title='bbox 140 463 297 493; x_wconf 81' lang='lat' dir='ltr'><strong>celebratae</strong></span> <span class='ocrx_word' id='word_1_56' title='bbox 317 463 396 491; x_wconf 90' lang='lat' dir='ltr'><strong>illius</strong></span> <span class='ocrx_word' id='word_1_57' title='bbox 422 463 574 491; x_wconf 74' lang='lat' dir='ltr'><strong>Arcesilae</strong></span> <span class='ocrx_word' id='word_1_58' title='bbox 602 463 740 492; x_wconf 84' lang='lat' dir='ltr'><strong>adversus</strong></span> <span class='ocrx_word' id='word_1_59' title='bbox 765 462 908 491; x_wconf 76' lang='lat' dir='ltr'><em>Zenonem</em></span> <span class='ocrx_word' id='word_1_60' title='bbox 929 462 1152 498; x_wconf 85' lang='lat' dir='ltr'><strong>conclusionis,</strong></span> <span class='ocrx_word' id='word_1_61' title='bbox 1179 462 1245 498; x_wconf 89' lang='lat' dir='ltr'><strong>quia</strong></span> <span class='ocrx_word' id='word_1_62' title='bbox 1277 462 1429 491; x_wconf 75' lang='lat' dir='ltr'><em>Arcesilas</em></span> <span class='ocrx_word' id='word_1_63' title='bbox 1453 471 1468 491; x_wconf 90' lang='lat' dir='ltr'><strong>a</strong></span> <span class='ocrx_word' id='word_1_64' title='bbox 1490 462 1582 492; x_wconf 84' lang='lat' dir='ltr'>Stoici</span> <span class='ocrx_word' id='word_1_65' title='bbox 1606 471 1651 491; x_wconf 83' lang='lat' dir='ltr'><strong>sa-</strong></span> 
     </span>
     <span class='ocr_line' id='line_1_7' title="bbox 142 513 1653 551; baseline 0.001 -9"><span class='ocrx_word' id='word_1_66' title='bbox 142 514 247 551; x_wconf 83' lang='lat' dir='ltr'><strong>pientis</strong></span> <span class='ocrx_word' id='word_1_67' title='bbox 277 513 400 548; x_wconf 77' lang='lat' dir='ltr'>imagine</span> <span class='ocrx_word' id='word_1_68' title='bbox 420 514 596 549; x_wconf 85' lang='lat' dir='ltr'><strong>principium</strong></span> <span class='ocrx_word' id='word_1_69' title='bbox 619 514 750 549; x_wconf 89' lang='lat' dir='ltr'><strong>ducens,</strong></span> <span class='ocrx_word' id='word_1_70' title='bbox 779 522 845 542; x_wconf 89' lang='lat' dir='ltr'><strong>eum</strong></span> <span class='ocrx_word' id='word_1_71' title='bbox 873 513 1033 549; x_wconf 87' lang='lat' dir='ltr'>probabat,</span> <span class='ocrx_word' id='word_1_72' title='bbox 1062 514 1087 542; x_wconf 88' lang='lat' dir='ltr'><strong>si</strong></span> <span class='ocrx_word' id='word_1_73' title='bbox 1112 522 1237 549; x_wconf 86' lang='lat' dir='ltr'><strong>unquam</strong></span> <span class='ocrx_word' id='word_1_74' title='bbox 1265 513 1432 549; x_wconf 86' lang='lat' dir='ltr'><strong>assentiret,</strong></span> <span class='ocrx_word' id='word_1_75' title='bbox 1467 522 1653 544; x_wconf 83' lang='lat' dir='ltr'><strong>assensurum</strong></span> 
     </span>
     <span class='ocr_line' id='line_1_8' title="bbox 141 561 1650 601; baseline -0.001 -7"><span class='ocrx_word' id='word_1_76' title='bbox 141 564 291 600; x_wconf 88' lang='lat' dir='ltr'><strong>incognito</strong></span> <span class='ocrx_word' id='word_1_77' title='bbox 315 570 342 591; x_wconf 91' lang='lat' dir='ltr'><strong>et</strong></span> <span class='ocrx_word' id='word_1_78' title='bbox 366 561 461 598; x_wconf 85' lang='lat' dir='ltr'><strong>falso,</strong></span> <span class='ocrx_word' id='word_1_79' title='bbox 485 563 504 593; x_wconf 92' lang='lat' dir='ltr'><strong>i.</strong></span> <span class='ocrx_word' id='word_1_80' title='bbox 529 572 555 593; x_wconf 89' lang='lat' dir='ltr'><strong>e.</strong></span> <span class='ocrx_word' id='word_1_81' title='bbox 581 564 786 601; x_wconf 84' lang='lat' dir='ltr'><strong>opinaturum,</strong></span> <span class='ocrx_word' id='word_1_82' title='bbox 809 566 890 600; x_wconf 86' lang='lat' dir='ltr'><strong>quod</strong></span> <span class='ocrx_word' id='word_1_83' title='bbox 912 573 975 593; x_wconf 90' lang='lat' dir='ltr'><strong>cum</strong></span> <span class='ocrx_word' id='word_1_84' title='bbox 1001 564 1093 593; x_wconf 82' lang='lat' dir='ltr'>Stoici</span> <span class='ocrx_word' id='word_1_85' title='bbox 1109 573 1124 593; x_wconf 87' lang='lat' dir='ltr'><strong>a</strong></span> <span class='ocrx_word' id='word_1_86' title='bbox 1149 564 1288 600; x_wconf 81' lang='lat' dir='ltr'><strong>sapientis</strong></span> <span class='ocrx_word' id='word_1_87' title='bbox 1313 564 1508 600; x_wconf 84' lang='lat' dir='ltr'>descriptione</span> <span class='ocrx_word' id='word_1_88' title='bbox 1530 565 1650 593; x_wconf 79' lang='lat' dir='ltr'><strong>maxime</strong></span> 
     </span>
     <span class='ocr_line' id='line_1_9' title="bbox 139 614 1650 652; baseline 0.001 -8"><span class='ocrx_word' id='word_1_89' title='bbox 139 615 291 644; x_wconf 74' lang='lat' dir='ltr'><strong>abhorrere</strong></span> <span class='ocrx_word' id='word_1_90' title='bbox 319 621 485 650; x_wconf 84' lang='lat' dir='ltr'><strong>censerent,</strong></span> <span class='ocrx_word' id='word_1_91' title='bbox 513 615 672 651; x_wconf 86' lang='lat' dir='ltr'><strong>consequi,</strong></span> <span class='ocrx_word' id='word_1_92' title='bbox 701 616 856 652; x_wconf 86' lang='lat' dir='ltr'><strong>sapientem</strong></span> <span class='ocrx_word' id='word_1_93' title='bbox 881 624 1019 645; x_wconf 79' lang='lat' dir='ltr'><strong>assensus</strong></span> <span class='ocrx_word' id='word_1_94' title='bbox 1044 615 1255 645; x_wconf 80' lang='lat' dir='ltr'><strong>cohibiturum.</strong></span> <span class='ocrx_word' id='word_1_95' title='bbox 1308 614 1403 652; x_wconf 91' lang='lat' dir='ltr'><strong>Quam</strong></span> <span class='ocrx_word' id='word_1_96' title='bbox 1431 615 1650 645; x_wconf 86' lang='lat' dir='ltr'><strong>conclusionem</strong></span> 
     </span>
     <span class='ocr_line' id='line_1_10' title="bbox 141 665 1680 703; baseline 0.001 -9"><span class='ocrx_word' id='word_1_97' title='bbox 141 667 240 697; x_wconf 83' lang='lat' dir='ltr'><strong>Cicero</strong></span> <span class='ocrx_word' id='word_1_98' title='bbox 265 674 375 702; x_wconf 86' lang='lat' dir='ltr'><strong>semper</strong></span> <span class='ocrx_word' id='word_1_99' title='bbox 401 665 430 694; x_wconf 91' lang='lat' dir='ltr'><strong>in</strong></span> <span class='ocrx_word' id='word_1_100' title='bbox 451 666 547 695; x_wconf 85' lang='lat' dir='ltr'><strong>animo</strong></span> <span class='ocrx_word' id='word_1_101' title='bbox 566 666 688 701; x_wconf 89' lang='lat' dir='ltr'><strong>habuit,</strong></span> <span class='ocrx_word' id='word_1_102' title='bbox 709 668 744 696; x_wconf 88' lang='lat' dir='ltr'><strong>ad</strong></span> <span class='ocrx_word' id='word_1_103' title='bbox 761 675 847 703; x_wconf 84' lang='lat' dir='ltr'><strong>quam</strong></span> <span class='ocrx_word' id='word_1_104' title='bbox 866 666 1027 696; x_wconf 81' lang='lat' dir='ltr'><strong>Carneadis</strong></span> <span class='ocrx_word' id='word_1_105' title='bbox 1049 667 1133 696; x_wconf 87' lang='lat' dir='ltr'><strong>etiam</strong></span> <span class='ocrx_word' id='word_1_106' title='bbox 1160 667 1320 696; x_wconf 86' lang='lat' dir='ltr'><strong>doctrinam</strong></span> <span class='ocrx_word' id='word_1_107' title='bbox 1342 666 1481 703; x_wconf 78' lang='lat' dir='ltr'><strong>exigeret:</strong></span> <span class='ocrx_word' id='word_1_108' title='bbox 1504 674 1534 696; x_wconf 81' lang='lat' dir='ltr'><strong>et</strong></span> <span class='ocrx_word' id='word_1_109' title='bbox 1560 674 1590 696; x_wconf 88' lang='lat' dir='ltr'><strong>se</strong></span> <span class='ocrx_word' id='word_1_110' title='bbox 1615 667 1651 695; x_wconf 83' lang='lat' dir='ltr'><strong>ad</strong></span> <span class='ocrx_word' id='word_1_111' title='bbox 1676 694 1680 698; x_wconf 68' lang='grc'>,</span> 
     </span>
     <span class='ocr_line' id='line_1_11' title="bbox 141 716 1652 756; baseline -0.001 -10"><span class='ocrx_word' id='word_1_112' title='bbox 141 718 328 752; x_wconf 86' lang='lat' dir='ltr'><strong>Stoicorum,</strong></span> <span class='ocrx_word' id='word_1_113' title='bbox 349 724 424 751; x_wconf 83' lang='lat' dir='ltr'><strong>quos</strong></span> <span class='ocrx_word' id='word_1_114' title='bbox 445 716 651 753; x_wconf 87' lang='lat' dir='ltr'><strong>oppugnabat,</strong></span> <span class='ocrx_word' id='word_1_115' title='bbox 680 718 839 754; x_wconf 83' lang='lat' dir='ltr'><strong>rationem,</strong></span> <span class='ocrx_word' id='word_1_116' title='bbox 868 718 1003 746; x_wconf 79' lang='lat' dir='ltr'><strong>Arcesila</strong></span> <span class='ocrx_word' id='word_1_117' title='bbox 1026 718 1099 747; x_wconf 90' lang='lat' dir='ltr'><strong>duce</strong></span> <span class='ocrx_word' id='word_1_118' title='bbox 1121 719 1190 756; x_wconf 84' lang='lat'><strong>(2)</strong></span> <span class='ocrx_word' id='word_1_119' title='bbox 1215 724 1410 753; x_wconf 81' lang='lat' dir='ltr'><strong>componens,</strong></span> <span class='ocrx_word' id='word_1_120' title='bbox 1439 726 1454 745; x_wconf 92' lang='lat' dir='ltr'><strong>a</strong></span> <span class='ocrx_word' id='word_1_121' title='bbox 1481 717 1652 754; x_wconf 76' lang='lat' dir='ltr'><strong>Carneade,</strong></span> 
     </span>
     <span class='ocr_line' id='line_1_12' title="bbox 141 767 1650 806; baseline 0 -8"><span class='ocrx_word' id='word_1_122' title='bbox 141 769 380 806; x_wconf 83' lang='lat' dir='ltr'><strong>quemadmodum</strong></span> <span class='ocrx_word' id='word_1_123' title='bbox 399 776 415 795; x_wconf 81' lang='lat' dir='ltr'><strong>a</strong></span> <span class='ocrx_word' id='word_1_124' title='bbox 446 767 613 797; x_wconf 83' lang='lat' dir='ltr'><strong>stoicorum</strong></span> <span class='ocrx_word' id='word_1_125' title='bbox 639 769 793 805; x_wconf 62' lang='lat' dir='ltr'><strong>sapiente,</strong></span> <span class='ocrx_word' id='word_1_126' title='bbox 813 769 928 805; x_wconf 87' lang='lat' dir='ltr'><strong>putavit</strong></span> <span class='ocrx_word' id='word_1_127' title='bbox 960 770 1146 805; x_wconf 87' lang='lat' dir='ltr'><strong>repellendam</strong></span> <span class='ocrx_word' id='word_1_128' title='bbox 1171 777 1235 798; x_wconf 85' lang='lat' dir='ltr'><strong>esse</strong></span> <span class='ocrx_word' id='word_1_129' title='bbox 1263 776 1400 797; x_wconf 81' lang='lat' dir='ltr'><strong>assensus</strong></span> <span class='ocrx_word' id='word_1_130' title='bbox 1424 774 1452 797; x_wconf 88' lang='lat' dir='ltr'><strong>et</strong></span> <span class='ocrx_word' id='word_1_131' title='bbox 1474 769 1650 805; x_wconf 90' lang='lat' dir='ltr'><strong>opinationis</strong></span> 
     </span>
     <span class='ocr_line' id='line_1_13' title="bbox 139 818 1652 856; baseline -0.001 -6"><span class='ocrx_word' id='word_1_132' title='bbox 139 820 351 856; x_wconf 77' lang='lat' dir='ltr'><strong>suspicionem.</strong></span> <span class='ocrx_word' id='word_1_133' title='bbox 392 818 448 847; x_wconf 88' lang='lat' dir='ltr'><strong>Sed</strong></span> <span class='ocrx_word' id='word_1_134' title='bbox 473 819 545 847; x_wconf 89' lang='lat' dir='ltr'><strong>male</strong></span> <span class='ocrx_word' id='word_1_135' title='bbox 573 820 736 849; x_wconf 78' lang='lat' dir='ltr'><strong>Carneadis</strong></span> <span class='ocrx_word' id='word_1_136' title='bbox 763 821 903 849; x_wconf 89' lang='lat' dir='ltr'><strong>sententia</strong></span> <span class='ocrx_word' id='word_1_137' title='bbox 927 821 961 849; x_wconf 87' lang='lat' dir='ltr'><strong>ad</strong></span> <span class='ocrx_word' id='word_1_138' title='bbox 981 821 1062 849; x_wconf 87' lang='lat' dir='ltr'><strong>aliam</strong></span> <span class='ocrx_word' id='word_1_139' title='bbox 1088 821 1245 854; x_wconf 84' lang='lat' dir='ltr'><strong>rationem,</strong></span> <span class='ocrx_word' id='word_1_140' title='bbox 1267 828 1353 855; x_wconf 91' lang='lat' dir='ltr'><strong>quam</strong></span> <span class='ocrx_word' id='word_1_141' title='bbox 1380 819 1426 849; x_wconf 88' lang='lat' dir='ltr'><strong>sui</strong></span> <span class='ocrx_word' id='word_1_142' title='bbox 1448 819 1652 856; x_wconf 26' lang='lat' dir='ltr'><strong>ipsiusviudo·</strong></span> 
     </span>
     <span class='ocr_line' id='line_1_14' title="bbox 137 869 1651 908; baseline 0 -8"><span class='ocrx_word' id='word_1_143' title='bbox 137 873 212 907; x_wconf 87' lang='lat' dir='ltr'><strong>lem,</strong></span> <span class='ocrx_word' id='word_1_144' title='bbox 243 870 417 908; x_wconf 84' lang='lat' dir='ltr'><strong>dijudicatur</strong></span> <span class='ocrx_word' id='word_1_145' title='bbox 438 874 466 898; x_wconf 89' lang='lat' dir='ltr'><strong>et</strong></span> <span class='ocrx_word' id='word_1_146' title='bbox 487 869 664 898; x_wconf 84' lang='lat' dir='ltr'><strong>traducitur:</strong></span> <span class='ocrx_word' id='word_1_147' title='bbox 693 878 746 899; x_wconf 91' lang='lat' dir='ltr'><strong>nec</strong></span> <span class='ocrx_word' id='word_1_148' title='bbox 769 870 924 900; x_wconf 71' lang='lat' dir='ltr'><strong>Arcesilae</strong></span> <span class='ocrx_word' id='word_1_149' title='bbox 948 878 976 900; x_wconf 82' lang='lat' dir='ltr'><strong>et</strong></span> <span class='ocrx_word' id='word_1_150' title='bbox 999 871 1161 901; x_wconf 79' lang='lat' dir='ltr'><strong>Carneadis</strong></span> <span class='ocrx_word' id='word_1_151' title='bbox 1190 869 1394 907; x_wconf 84' lang='lat' dir='ltr'><strong>philosophiae</strong></span> <span class='ocrx_word' id='word_1_152' title='bbox 1423 870 1517 899; x_wconf 84' lang='lat' dir='ltr'><strong>eadem</strong></span> <span class='ocrx_word' id='word_1_153' title='bbox 1551 878 1651 900; x_wconf 87' lang='lat' dir='ltr'><strong>norma</strong></span> 
     </span>
     <span class='ocr_line' id='line_1_15' title="bbox 135 922 390 952; baseline -0.008 0"><span class='ocrx_word' id='word_1_154' title='bbox 135 922 291 952; x_wconf 86' lang='lat' dir='ltr'><strong>metiendae</strong></span> <span class='ocrx_word' id='word_1_155' title='bbox 310 926 390 950; x_wconf 87' lang='lat' dir='ltr'><strong>sunt.</strong></span> 
     </span>
    </p>

    <p class='ocr_par' dir='ltr' id='par_1_4' title="bbox 135 971 1654 1160">
     <span class='ocr_line' id='line_1_16' title="bbox 176 971 1654 1009; baseline 0.001 -7"><span class='ocrx_word' id='word_1_156' title='bbox 176 973 243 1002; x_wconf 91' lang='lat' dir='ltr'><strong>Hoc</strong></span> <span class='ocrx_word' id='word_1_157' title='bbox 263 972 350 1001; x_wconf 88' lang='lat' dir='ltr'><strong>modo</strong></span> <span class='ocrx_word' id='word_1_158' title='bbox 373 971 546 1001; x_wconf 82' lang='lat' dir='ltr'><strong>Clitomachi</strong></span> <span class='ocrx_word' id='word_1_159' title='bbox 569 979 602 1000; x_wconf 88' lang='lat' dir='ltr'><strong>ac</strong></span> <span class='ocrx_word' id='word_1_160' title='bbox 625 971 770 1001; x_wconf 78' lang='lat' dir='ltr'><strong>Ciceronis</strong></span> <span class='ocrx_word' id='word_1_161' title='bbox 793 973 948 1002; x_wconf 88' lang='lat' dir='ltr'><strong>auctoritas</strong></span> <span class='ocrx_word' id='word_1_162' title='bbox 971 973 1059 1002; x_wconf 87' lang='lat' dir='ltr'><strong>levari</strong></span> <span class='ocrx_word' id='word_1_163' title='bbox 1087 980 1175 1009; x_wconf 87' lang='lat' dir='ltr'><strong>posse</strong></span> <span class='ocrx_word' id='word_1_164' title='bbox 1205 972 1319 1002; x_wconf 86' lang='lat' dir='ltr'><strong>videtur</strong></span> <span class='ocrx_word' id='word_1_165' title='bbox 1342 978 1390 1001; x_wconf 90' lang='lat' dir='ltr'><strong>aut</strong></span> <span class='ocrx_word' id='word_1_166' title='bbox 1412 972 1582 1003; x_wconf 77' lang='lat' dir='ltr'><strong>conciliari:</strong></span> <span class='ocrx_word' id='word_1_167' title='bbox 1616 974 1654 1004; x_wconf 83' lang='lat' dir='ltr'><strong>de</strong></span> 
     </span>
     <span class='ocr_line' id='line_1_17' title="bbox 137 1021 1653 1060; baseline 0.001 -8"><span class='ocrx_word' id='word_1_168' title='bbox 137 1025 284 1054; x_wconf 75' lang='lat' dir='ltr'><strong>Nummio</strong></span> <span class='ocrx_word' id='word_1_169' title='bbox 313 1022 379 1050; x_wconf 89' lang='lat' dir='ltr'><strong>item</strong></span> <span class='ocrx_word' id='word_1_170' title='bbox 405 1022 480 1057; x_wconf 87' lang='lat' dir='ltr'><strong>apud</strong></span> <span class='ocrx_word' id='word_1_171' title='bbox 506 1021 720 1060; x_wconf 81' lang='lat' dir='ltr'><strong>Porphyrium,</strong></span> <span class='ocrx_word' id='word_1_172' title='bbox 750 1029 777 1051; x_wconf 93' lang='lat' dir='ltr'><strong>et</strong></span> <span class='ocrx_word' id='word_1_173' title='bbox 800 1023 985 1060; x_wconf 74' lang='lat' dir='ltr'><strong>Plutarcho,</strong></span> <span class='ocrx_word' id='word_1_174' title='bbox 1009 1024 1060 1060; x_wconf 88' lang='lat' dir='ltr'><strong>qui</strong></span> <span class='ocrx_word' id='word_1_175' title='bbox 1083 1032 1117 1052; x_wconf 83' lang='lat' dir='ltr'><strong>ex</strong></span> <span class='ocrx_word' id='word_1_176' title='bbox 1138 1032 1194 1053; x_wconf 89' lang='lat' dir='ltr'><strong>suo</strong></span> <span class='ocrx_word' id='word_1_177' title='bbox 1217 1022 1308 1059; x_wconf 84' lang='lat' dir='ltr'><strong>magis</strong></span> <span class='ocrx_word' id='word_1_178' title='bbox 1337 1023 1471 1059; x_wconf 83' lang='lat' dir='ltr'><strong>ingenio,</strong></span> <span class='ocrx_word' id='word_1_179' title='bbox 1502 1033 1587 1060; x_wconf 87' lang='lat' dir='ltr'><strong>quam</strong></span> <span class='ocrx_word' id='word_1_180' title='bbox 1616 1033 1653 1054; x_wconf 71' lang='lat' dir='ltr'><strong>ex</strong></span> 
     </span>
     <span class='ocr_line' id='line_1_18' title="bbox 135 1072 1650 1111; baseline 0 -7"><span class='ocrx_word' id='word_1_181' title='bbox 135 1074 374 1106; x_wconf 84' lang='lat' dir='ltr'><strong>Academicorum</strong></span> <span class='ocrx_word' id='word_1_182' title='bbox 397 1073 517 1107; x_wconf 84' lang='lat' dir='ltr'><strong>quadam</strong></span> <span class='ocrx_word' id='word_1_183' title='bbox 550 1072 688 1108; x_wconf 85' lang='lat' dir='ltr'><strong>ratione,</strong></span> <span class='ocrx_word' id='word_1_184' title='bbox 714 1080 814 1102; x_wconf 90' lang='lat' dir='ltr'><strong>contra</strong></span> <span class='ocrx_word' id='word_1_185' title='bbox 843 1075 959 1104; x_wconf 80' lang='lat' dir='ltr'><strong>Coloten</strong></span> <span class='ocrx_word' id='word_1_186' title='bbox 981 1076 1123 1111; x_wconf 78' lang='lat' dir='ltr'><strong>certavit,</strong></span> <span class='ocrx_word' id='word_1_187' title='bbox 1155 1074 1225 1111; x_wconf 90' lang='lat' dir='ltr'><strong>quid</strong></span> <span class='ocrx_word' id='word_1_188' title='bbox 1247 1074 1397 1104; x_wconf 88' lang='lat' dir='ltr'><strong>dicendum</strong></span> <span class='ocrx_word' id='word_1_189' title='bbox 1420 1073 1478 1110; x_wconf 86' lang='lat' dir='ltr'><strong>sit,</strong></span> <span class='ocrx_word' id='word_1_190' title='bbox 1507 1074 1593 1105; x_wconf 78' lang='lat' dir='ltr'><strong>facile</strong></span> <span class='ocrx_word' id='word_1_191' title='bbox 1614 1084 1650 1107; x_wconf 79' lang='lat' dir='ltr'><strong>ex</strong></span> 
     </span>
     <span class='ocr_line' id='line_1_19' title="bbox 136 1119 520 1160; baseline -0.005 -4"><span class='ocrx_word' id='word_1_192' title='bbox 136 1119 201 1156; x_wconf 80' lang='lat' dir='ltr'><strong>ante</strong></span> <span class='ocrx_word' id='word_1_193' title='bbox 224 1125 310 1154; x_wconf 85' lang='lat' dir='ltr'><strong>dictis</strong></span> <span class='ocrx_word' id='word_1_194' title='bbox 332 1123 520 1160; x_wconf 83' lang='lat' dir='ltr'><strong>perspicitur.</strong></span> 
     </span>
    </p>

    <p class='ocr_par' dir='ltr' id='par_1_5' title="bbox 135 1174 1649 1319">
     <span class='ocr_line' id='line_1_20' title="bbox 161 1174 1649 1214; baseline 0.001 -8"><span class='ocrx_word' id='word_1_195' title='bbox 161 1177 273 1207; x_wconf 81' lang='lat' dir='ltr'><strong>·Finem</strong></span> <span class='ocrx_word' id='word_1_196' title='bbox 295 1177 377 1204; x_wconf 85' lang='lat' dir='ltr'><strong>etiam</strong></span> <span class='ocrx_word' id='word_1_197' title='bbox 407 1174 551 1203; x_wconf 87' lang='lat' dir='ltr'><strong>bonorum</strong></span> <span class='ocrx_word' id='word_1_198' title='bbox 579 1174 744 1204; x_wconf 77' lang='lat' dir='ltr'><strong>Carneades</strong></span> <span class='ocrx_word' id='word_1_199' title='bbox 768 1177 943 1214; x_wconf 77' lang='lat' dir='ltr'><strong>constituit,</strong></span> <span class='ocrx_word' id='word_1_200' title='bbox 973 1177 1032 1207; x_wconf 88' lang='lat' dir='ltr'><strong>frui</strong></span> <span class='ocrx_word' id='word_1_201' title='bbox 1059 1177 1214 1214; x_wconf 88' lang='lat' dir='ltr'><strong>principiis</strong></span> <span class='ocrx_word' id='word_1_202' title='bbox 1245 1176 1447 1212; x_wconf 86' lang='lat' dir='ltr'><strong>naturalibus,</strong></span> <span class='ocrx_word' id='word_1_203' title='bbox 1473 1176 1532 1206; x_wconf 88' lang='lat' dir='ltr'><strong>frui</strong></span> <span class='ocrx_word' id='word_1_204' title='bbox 1564 1178 1649 1208; x_wconf 85' lang='lat' dir='ltr'><strong>rebus</strong></span> 
     </span>
     <span class='ocr_line' id='line_1_21' title="bbox 135 1225 1648 1265; baseline 0.003 -10"><span class='ocrx_word' id='word_1_205' title='bbox 135 1229 191 1264; x_wconf 77' lang='lat' dir='ltr'><strong>iis,</strong></span> <span class='ocrx_word' id='word_1_206' title='bbox 216 1235 288 1263; x_wconf 88' lang='lat' dir='ltr'><strong>quas</strong></span> <span class='ocrx_word' id='word_1_207' title='bbox 310 1226 416 1262; x_wconf 88' lang='lat' dir='ltr'><strong>primas</strong></span> <span class='ocrx_word' id='word_1_208' title='bbox 437 1225 547 1254; x_wconf 88' lang='lat' dir='ltr'><strong>homini</strong></span> <span class='ocrx_word' id='word_1_209' title='bbox 577 1232 678 1255; x_wconf 86' lang='lat' dir='ltr'><strong>natura</strong></span> <span class='ocrx_word' id='word_1_210' title='bbox 710 1228 862 1257; x_wconf 89' lang='lat' dir='ltr'><strong>conciliet:</strong></span> <span class='ocrx_word' id='word_1_211' title='bbox 888 1229 916 1258; x_wconf 91' lang='lat' dir='ltr'><strong>in</strong></span> <span class='ocrx_word' id='word_1_212' title='bbox 937 1237 994 1265; x_wconf 87' lang='lat' dir='ltr'><strong>qua</strong></span> <span class='ocrx_word' id='word_1_213' title='bbox 1026 1228 1235 1257; x_wconf 86' lang='lat' dir='ltr'><strong>constitutione</strong></span> <span class='ocrx_word' id='word_1_214' title='bbox 1261 1228 1317 1256; x_wconf 84' lang='lat' dir='ltr'><strong>sibi</strong></span> <span class='ocrx_word' id='word_1_215' title='bbox 1341 1234 1554 1258; x_wconf 86' lang='lat' dir='ltr'><strong>consentaneus</strong></span> <span class='ocrx_word' id='word_1_216' title='bbox 1585 1238 1648 1259; x_wconf 85' lang='lat' dir='ltr'><strong>esse</strong></span> 
     </span>
     <span class='ocr_line' id='line_1_22' title="bbox 135 1277 1609 1319; baseline -0.001 -10"><span class='ocrx_word' id='word_1_217' title='bbox 135 1278 252 1318; x_wconf 72' lang='lat' dir='ltr'><strong>potuitz</strong></span> <span class='ocrx_word' id='word_1_218' title='bbox 273 1277 371 1307; x_wconf 71' lang='lat' dir='ltr'><strong>cicero</strong></span> <span class='ocrx_word' id='word_1_219' title='bbox 395 1283 487 1305; x_wconf 86' lang='lat' dir='ltr'><strong>tamen</strong></span> <span class='ocrx_word' id='word_1_220' title='bbox 510 1285 574 1305; x_wconf 89' lang='lat' dir='ltr'><strong>eum</strong></span> <span class='ocrx_word' id='word_1_221' title='bbox 599 1277 702 1306; x_wconf 84' lang='lat' dir='ltr'><strong>fecisse</strong></span> <span class='ocrx_word' id='word_1_222' title='bbox 721 1279 831 1315; x_wconf 86' lang='lat' dir='ltr'><strong>judicat</strong></span> <span class='ocrx_word' id='word_1_223' title='bbox 855 1279 1010 1308; x_wconf 78' lang='lat' dir='ltr'><strong>disserendi</strong></span> <span class='ocrx_word' id='word_1_224' title='bbox 1031 1287 1137 1314; x_wconf 81' lang='lat' dir='ltr'><strong>causa,</strong></span> <span class='ocrx_word' id='word_1_225' title='bbox 1159 1285 1186 1307; x_wconf 85' lang='lat' dir='ltr'><strong>et</strong></span> <span class='ocrx_word' id='word_1_226' title='bbox 1208 1279 1315 1307; x_wconf 89' lang='lat' dir='ltr'><strong>Stoicis</strong></span> <span class='ocrx_word' id='word_1_227' title='bbox 1341 1279 1507 1315; x_wconf 87' lang='lat' dir='ltr'><strong>opponendi</strong></span> <span class='ocrx_word' id='word_1_228' title='bbox 1533 1282 1609 1319; x_wconf 76' lang='lat' dir='ltr'><strong>(g),</strong></span> 
     </span>
    </p>

    <p class='ocr_par' dir='ltr' id='par_1_6' title="bbox 133 1327 1650 1519">
     <span class='ocr_line' id='line_1_23' title="bbox 176 1327 1650 1367; baseline 0.003 -9"><span class='ocrx_word' id='word_1_229' title='bbox 176 1328 326 1358; x_wconf 75' lang='lat' dir='ltr'><strong>Carneadi</strong></span> <span class='ocrx_word' id='word_1_230' title='bbox 358 1327 501 1355; x_wconf 85' lang='lat' dir='ltr'><strong>successit</strong></span> <span class='ocrx_word' id='word_1_231' title='bbox 523 1327 687 1363; x_wconf 90' lang='lat' dir='ltr'><strong>discipulus</strong></span> <span class='ocrx_word' id='word_1_232' title='bbox 716 1329 930 1365; x_wconf 83' lang='lat' dir='ltr'><strong>Clitomachus,</strong></span> <span class='ocrx_word' id='word_1_233' title='bbox 961 1330 1010 1366; x_wconf 84' lang='lat' dir='ltr'><strong>qui</strong></span> <span class='ocrx_word' id='word_1_234' title='bbox 1035 1338 1128 1365; x_wconf 87' lang='lat' dir='ltr'><strong>usque</strong></span> <span class='ocrx_word' id='word_1_235' title='bbox 1156 1330 1191 1357; x_wconf 85' lang='lat' dir='ltr'><strong>ad</strong></span> <span class='ocrx_word' id='word_1_236' title='bbox 1216 1336 1390 1358; x_wconf 84' lang='lat' dir='ltr'><strong>senectutem</strong></span> <span class='ocrx_word' id='word_1_237' title='bbox 1421 1337 1485 1358; x_wconf 92' lang='lat' dir='ltr'><strong>cum</strong></span> <span class='ocrx_word' id='word_1_238' title='bbox 1513 1332 1650 1367; x_wconf 85' lang='lat' dir='ltr'><strong>magistro</strong></span> 
     </span>
     <span class='ocr_line' id='line_1_24' title="bbox 133 1377 1648 1416; baseline -0.001 -5"><span class='ocrx_word' id='word_1_239' title='bbox 133 1381 212 1412; x_wconf 80' lang='lat' dir='ltr'><strong>fuit:</strong></span> <span class='ocrx_word' id='word_1_240' title='bbox 241 1400 265 1416; x_wconf 88' lang='lat'><strong>,‚</strong></span> <span class='ocrx_word' id='word_1_241' title='bbox 285 1377 373 1407; x_wconf 86' lang='lat' dir='ltr'><strong>hom&#39;o</strong></span> <span class='ocrx_word' id='word_1_242' title='bbox 394 1383 422 1406; x_wconf 89' lang='lat' dir='ltr'><strong>et</strong></span> <span class='ocrx_word' id='word_1_243' title='bbox 445 1383 567 1412; x_wconf 88' lang='lat' dir='ltr'><strong>acutus,</strong></span> <span class='ocrx_word' id='word_1_244' title='bbox 598 1384 630 1406; x_wconf 92' lang='lat' dir='ltr'><strong>ut</strong></span> <span class='ocrx_word' id='word_1_245' title='bbox 649 1378 785 1414; x_wconf 83' lang='lat' dir='ltr'><strong>Poenus,</strong></span> <span class='ocrx_word' id='word_1_246' title='bbox 814 1386 842 1407; x_wconf 90' lang='lat' dir='ltr'><strong>et</strong></span> <span class='ocrx_word' id='word_1_247' title='bbox 878 1380 960 1408; x_wconf 88' lang='lat' dir='ltr'><strong>valde</strong></span> <span class='ocrx_word' id='word_1_248' title='bbox 990 1380 1144 1409; x_wconf 89' lang='lat' dir='ltr'><strong>studiosus</strong></span> <span class='ocrx_word' id='word_1_249' title='bbox 1177 1388 1209 1408; x_wconf 89' lang='lat' dir='ltr'><strong>ae</strong></span> <span class='ocrx_word' id='word_1_250' title='bbox 1231 1380 1354 1416; x_wconf 86' lang='lat' dir='ltr'><strong>diligens</strong></span> <span class='ocrx_word' id='word_1_251' title='bbox 1375 1379 1488 1416; x_wconf 83' lang='lat'>(4).”</span> <span class='ocrx_word' id='word_1_252' title='bbox 1526 1381 1648 1413; x_wconf 82' lang='lat' dir='ltr'><strong>Omnem</strong></span> 
     </span>
     <span class='ocr_line' id='line_1_25' title="bbox 135 1427 1650 1468; baseline 0 -6"><span class='ocrx_word' id='word_1_253' title='bbox 135 1430 325 1463; x_wconf 83' lang='lat' dir='ltr'><strong>industriam.</strong></span> <span class='ocrx_word' id='word_1_254' title='bbox 347 1428 479 1462; x_wconf 87' lang='lat' dir='ltr'><strong>vitaeque</strong></span> <span class='ocrx_word' id='word_1_255' title='bbox 502 1427 716 1457; x_wconf 87' lang='lat' dir='ltr'><strong>tabernaculum</strong></span> <span class='ocrx_word' id='word_1_256' title='bbox 749 1429 904 1458; x_wconf 89' lang='lat' dir='ltr'><strong>collocavit</strong></span> <span class='ocrx_word' id='word_1_257' title='bbox 936 1431 966 1459; x_wconf 90' lang='lat' dir='ltr'><strong>in</strong></span> <span class='ocrx_word' id='word_1_258' title='bbox 1001 1430 1164 1459; x_wconf 81' lang='lat' dir='ltr'><strong>Carneadis</strong></span> <span class='ocrx_word' id='word_1_259' title='bbox 1189 1429 1441 1465; x_wconf 87' lang='lat' dir='ltr'><strong>disputationibus</strong></span> <span class='ocrx_word' id='word_1_260' title='bbox 1464 1431 1575 1468; x_wconf 85' lang='lat' dir='ltr'><strong>scripto</strong></span> <span class='ocrx_word' id='word_1_261' title='bbox 1597 1442 1650 1462; x_wconf 90' lang='lat' dir='ltr'><strong>cu-</strong></span> 
     </span>
     <span class='ocr_line' id='line_1_26' title="bbox 133 1477 1650 1519; baseline -0.002 -7"><span class='ocrx_word' id='word_1_262' title='bbox 133 1480 311 1513; x_wconf 82' lang='lat' dir='ltr'><strong>stodiendis:</strong></span> <span class='ocrx_word' id='word_1_263' title='bbox 339 1478 369 1508; x_wconf 89' lang='lat' dir='ltr'><strong>in</strong></span> <span class='ocrx_word' id='word_1_264' title='bbox 389 1477 577 1515; x_wconf 84' lang='lat' dir='ltr'><strong>philosophia</strong></span> <span class='ocrx_word' id='word_1_265' title='bbox 604 1478 646 1508; x_wconf 88' lang='lat' dir='ltr'><strong>nil</strong></span> <span class='ocrx_word' id='word_1_266' title='bbox 670 1487 843 1516; x_wconf 83' lang='lat' dir='ltr'><strong>magnopere</strong></span> <span class='ocrx_word' id='word_1_267' title='bbox 865 1479 1037 1516; x_wconf 87' lang='lat' dir='ltr'><strong>innovavit,</strong></span> <span class='ocrx_word' id='word_1_268' title='bbox 1068 1481 1120 1510; x_wconf 86' lang='lat' dir='ltr'><strong>sed</strong></span> <span class='ocrx_word' id='word_1_269' title='bbox 1148 1480 1178 1509; x_wconf 91' lang='lat' dir='ltr'><strong>in</strong></span> <span class='ocrx_word' id='word_1_270' title='bbox 1204 1480 1365 1510; x_wconf 78' lang='lat' dir='ltr'><strong>Carneadis</strong></span> <span class='ocrx_word' id='word_1_271' title='bbox 1389 1479 1497 1510; x_wconf 83' lang='lat' dir='ltr'><strong>ratione</strong></span> <span class='ocrx_word' id='word_1_272' title='bbox 1518 1491 1650 1519; x_wconf 81' lang='lat' dir='ltr'><strong>perman.</strong></span> 
     </span>
    </p>
   </div>
   <div class='ocr_carea' id='block_1_3' title="bbox 125 1532 1650 1824">
    <p class='ocr_par' dir='ltr' id='par_1_7' title="bbox 125 1532 1650 1824">
     <span class='ocr_line' id='line_1_27' title="bbox 130 1532 273 1570; baseline 0.023 -3"><span class='ocrx_word' id='word_1_273' title='bbox 130 1534 174 1567; x_wconf 71' lang='lat' dir='ltr'><strong>&#39;sit</strong></span> <span class='ocrx_word' id='word_1_274' title='bbox 194 1532 273 1570; x_wconf 81' lang='lat'>(5)-</span> 
     </span>
     <span class='ocr_line' id='line_1_28' title="bbox 171 1579 1647 1622; baseline 0.003 -9"><span class='ocrx_word' id='word_1_275' title='bbox 171 1581 344 1614; x_wconf 83' lang='lat' dir='ltr'><strong>Clitomachi</strong></span> <span class='ocrx_word' id='word_1_276' title='bbox 370 1579 532 1617; x_wconf 87' lang='lat' dir='ltr'><strong>discipulus</strong></span> <span class='ocrx_word' id='word_1_277' title='bbox 554 1580 613 1610; x_wconf 88' lang='lat' dir='ltr'><strong>fuit</strong></span> <span class='ocrx_word' id='word_1_278' title='bbox 636 1580 819 1612; x_wconf 84' lang='lat' dir='ltr'><strong>Charmadas</strong></span> <span class='ocrx_word' id='word_1_279' title='bbox 843 1583 921 1622; x_wconf 86' lang='lat'><strong>(6).</strong></span> <span class='ocrx_word' id='word_1_280' title='bbox 961 1582 1100 1622; x_wconf 86' lang='lat' dir='ltr'><strong>Ejusdem</strong></span> <span class='ocrx_word' id='word_1_281' title='bbox 1123 1582 1183 1612; x_wconf 88' lang='lat' dir='ltr'><strong>fere</strong></span> <span class='ocrx_word' id='word_1_282' title='bbox 1210 1582 1348 1620; x_wconf 80' lang='lat' dir='ltr'><strong>temporis</strong></span> <span class='ocrx_word' id='word_1_283' title='bbox 1370 1582 1534 1613; x_wconf 81' lang='lat' dir='ltr'><strong>Academici</strong></span> <span class='ocrx_word' id='word_1_284' title='bbox 1567 1586 1647 1617; x_wconf 89' lang='lat' dir='ltr'><strong>fuere</strong></span> 
     </span>
     <span class='ocr_line' id='line_1_29' title="bbox 1582 1637 1650 1667; baseline 0 0"><span class='ocrx_word' id='word_1_285' title='bbox 1582 1637 1650 1667; x_wconf 74' lang='lat' dir='ltr'><strong>Mc-</strong></span> 
     </span>
     <span class='ocr_line' id='line_1_30' title="bbox 155 1710 970 1743; baseline -0.001 -6.967"><span class='ocrx_word' id='word_1_286' title='bbox 155 1712 214 1743; x_wconf 76' lang='grc' dir='ltr'><strong>(ι)</strong></span> <span class='ocrx_word' id='word_1_287' title='bbox 233 1713 280 1735; x_wconf 70' lang='lat' dir='ltr'><strong>m.</strong></span> <span class='ocrx_word' id='word_1_288' title='bbox 299 1717 349 1737; x_wconf 71' lang='lat' dir='ltr'><strong>sun·</strong></span> <span class='ocrx_word' id='word_1_289' title='bbox 364 1711 380 1733; x_wconf 85' lang='grc' dir='ltr'><strong>Ι.</strong></span> <span class='ocrx_word' id='word_1_290' title='bbox 397 1711 412 1733; x_wconf 79' lang='lat' dir='ltr'><strong>l.</strong></span> <span class='ocrx_word' id='word_1_291' title='bbox 525 1710 576 1739; x_wconf 79' lang='lat'><strong>(2)</strong></span> <span class='ocrx_word' id='word_1_292' title='bbox 598 1713 666 1736; x_wconf 76' lang='lat' dir='ltr'><strong>conf.</strong></span> <span class='ocrx_word' id='word_1_293' title='bbox 689 1712 858 1737; x_wconf 70' lang='lat' dir='ltr'><strong>Acad.11.2o.</strong></span> <span class='ocrx_word' id='word_1_294' title='bbox 880 1716 970 1741; x_wconf 78' lang='lat' dir='ltr'><strong>p.127.</strong></span> 
     </span>
     <span class='ocr_line' id='line_1_31' title="bbox 143 1731 1646 1783; baseline -0.001 -6.984"><span class='ocrx_word' id='word_1_295' title='bbox 143 1731 208 1783; x_wconf 79' lang='grc' dir='ltr'><strong>Ι(3)</strong></span> <span class='ocrx_word' id='word_1_296' title='bbox 230 1754 264 1775; x_wconf 87' lang='lat' dir='ltr'><strong>De</strong></span> <span class='ocrx_word' id='word_1_297' title='bbox 283 1752 356 1774; x_wconf 71' lang='lat' dir='ltr'><strong>Finib</strong></span> <span class='ocrx_word' id='word_1_298' title='bbox 373 1751 402 1776; x_wconf 77' lang='grc' dir='ltr'><strong>Π.</strong></span> <span class='ocrx_word' id='word_1_299' title='bbox 423 1756 457 1777; x_wconf 75' lang='grc'><strong>18-</strong></span> <span class='ocrx_word' id='word_1_300' title='bbox 474 1753 501 1774; x_wconf 84' lang='lat' dir='ltr'><strong>V.</strong></span> <span class='ocrx_word' id='word_1_301' title='bbox 522 1757 544 1779; x_wconf 88' lang='lat'><strong>7.</strong></span> <span class='ocrx_word' id='word_1_302' title='bbox 567 1755 637 1776; x_wconf 64' lang='lat' dir='ltr'><strong>acad.</strong></span> <span class='ocrx_word' id='word_1_303' title='bbox 657 1755 685 1776; x_wconf 93' lang='grc'><strong>11.</strong></span> <span class='ocrx_word' id='word_1_304' title='bbox 699 1760 736 1780; x_wconf 81' lang='lat'><strong>4¹-</strong></span> <span class='ocrx_word' id='word_1_305' title='bbox 758 1761 781 1783; x_wconf 82' lang='lat' dir='ltr'><strong>p.</strong></span> <span class='ocrx_word' id='word_1_306' title='bbox 797 1761 848 1781; x_wconf 77' lang='lat'><strong>209.</strong></span> <span class='ocrx_word' id='word_1_307' title='bbox 879 1755 942 1777; x_wconf 83' lang='lat' dir='ltr'><strong>Adde</strong></span> <span class='ocrx_word' id='word_1_308' title='bbox 968 1755 997 1777; x_wconf 85' lang='lat' dir='ltr'><strong>de</strong></span> <span class='ocrx_word' id='word_1_309' title='bbox 1016 1753 1065 1777; x_wconf 80' lang='lat' dir='ltr'><strong>Flu.</strong></span> <span class='ocrx_word' id='word_1_310' title='bbox 1087 1752 1180 1780; x_wconf 76' lang='lat'><strong>11011,</strong></span> <span class='ocrx_word' id='word_1_311' title='bbox 1206 1751 1340 1776; x_wconf 74' lang='lat' dir='ltr'><strong>12.Conf.</strong></span> <span class='ocrx_word' id='word_1_312' title='bbox 1360 1750 1455 1776; x_wconf 79' lang='lat' dir='ltr'><strong>omnino</strong></span> <span class='ocrx_word' id='word_1_313' title='bbox 1469 1759 1526 1782; x_wconf 76' lang='lat' dir='ltr'><strong>quae</strong></span> <span class='ocrx_word' id='word_1_314' title='bbox 1544 1756 1646 1782; x_wconf 55' lang='lat' dir='ltr'><strong>animai&lt;</strong></span> 
     </span>
     <span class='ocr_line' id='line_1_32' title="bbox 125 1792 1619 1824; baseline -0.001 -6"><span class='ocrx_word' id='word_1_315' title='bbox 125 1795 198 1818; x_wconf 67' lang='lat' dir='ltr'><strong>vemt</strong></span> <span class='ocrx_word' id='word_1_316' title='bbox 218 1792 323 1814; x_wconf 79' lang='lat' dir='ltr'><strong>Stiiudlr‘n</strong></span> <span class='ocrx_word' id='word_1_317' title='bbox 343 1794 370 1814; x_wconf 86' lang='lat' dir='ltr'><strong>V.</strong></span> <span class='ocrx_word' id='word_1_318' title='bbox 385 1793 421 1816; x_wconf 75' lang='grc' dir='ltr'>(ΣΙ.</span> <span class='ocrx_word' id='word_1_319' title='bbox 441 1793 463 1814; x_wconf 83' lang='lat' dir='ltr'><strong>in</strong></span> <span class='ocrx_word' id='word_1_320' title='bbox 485 1799 554 1820; x_wconf 82' lang='lat' dir='ltr'><strong>opere</strong></span> <span class='ocrx_word' id='word_1_321' title='bbox 573 1795 634 1817; x_wconf 73' lang='lat' dir='ltr'><strong>laud.</strong></span> <span class='ocrx_word' id='word_1_322' title='bbox 652 1796 680 1817; x_wconf 87' lang='grc' dir='ltr'><strong>Τ.</strong></span> <span class='ocrx_word' id='word_1_323' title='bbox 698 1796 715 1818; x_wconf 94' lang='grc'><strong>1.</strong></span> <span class='ocrx_word' id='word_1_324' title='bbox 736 1803 758 1823; x_wconf 82' lang='lat' dir='ltr'><strong>p.</strong></span> <span class='ocrx_word' id='word_1_325' title='bbox 775 1802 825 1823; x_wconf 80' lang='lat'><strong>33¹·</strong></span> <span class='ocrx_word' id='word_1_326' title='bbox 841 1802 890 1823; x_wconf 63' lang='lat' dir='ltr'><strong>sqq.</strong></span> <span class='ocrx_word' id='word_1_327' title='bbox 1004 1795 1058 1824; x_wconf 77' lang='grc'><strong>(4)</strong></span> <span class='ocrx_word' id='word_1_328' title='bbox 1077 1795 1126 1818; x_wconf 74' lang='lat' dir='ltr'><strong>Cic.</strong></span> <span class='ocrx_word' id='word_1_329' title='bbox 1144 1795 1214 1817; x_wconf 76' lang='lat' dir='ltr'><strong>Acad.</strong></span> <span class='ocrx_word' id='word_1_330' title='bbox 1237 1794 1265 1818; x_wconf 84' lang='lat'><strong>11.</strong></span> <span class='ocrx_word' id='word_1_331' title='bbox 1281 1800 1318 1822; x_wconf 75' lang='lat'><strong>3¹·</strong></span> <span class='ocrx_word' id='word_1_332' title='bbox 1337 1802 1362 1822; x_wconf 87' lang='lat' dir='ltr'><strong>p.</strong></span> <span class='ocrx_word' id='word_1_333' title='bbox 1377 1798 1426 1822; x_wconf 82' lang='lat'><strong>165.</strong></span> <span class='ocrx_word' id='word_1_334' title='bbox 1614 1804 1619 1811; x_wconf 86' lang='lat'><strong>·</strong></span> 
     </span>
    </p>
   </div>
   <div class='ocr_carea' id='block_1_4' title="bbox 129 1834 1648 2070">
    <p class='ocr_par' dir='ltr' id='par_1_8' title="bbox 129 1834 1647 1906">
     <span class='ocr_line' id='line_1_33' title="bbox 158 1834 1646 1866; baseline 0.003 -9"><span class='ocrx_word' id='word_1_335' title='bbox 158 1836 213 1863; x_wconf 78' lang='lat' dir='ltr'><strong>(s)</strong></span> <span class='ocrx_word' id='word_1_336' title='bbox 233 1835 284 1856; x_wconf 85' lang='lat' dir='ltr'><strong>vid</strong></span> <span class='ocrx_word' id='word_1_337' title='bbox 305 1834 333 1855; x_wconf 86' lang='lat' dir='ltr'><strong>de</strong></span> <span class='ocrx_word' id='word_1_338' title='bbox 354 1839 382 1855; x_wconf 72' lang='lat' dir='ltr'><strong>eo</strong></span> <span class='ocrx_word' id='word_1_339' title='bbox 400 1834 494 1855; x_wconf 89' lang='lat' dir='ltr'><strong>omnino</strong></span> <span class='ocrx_word' id='word_1_340' title='bbox 509 1834 600 1858; x_wconf 75' lang='lat' dir='ltr'><strong>,lansius</strong></span> <span class='ocrx_word' id='word_1_341' title='bbox 620 1836 647 1858; x_wconf 85' lang='lat' dir='ltr'><strong>de</strong></span> <span class='ocrx_word' id='word_1_342' title='bbox 661 1836 720 1858; x_wconf 69' lang='lat' dir='ltr'><strong>Risi.</strong></span> <span class='ocrx_word' id='word_1_343' title='bbox 737 1836 794 1859; x_wconf 80' lang='lat' dir='ltr'><strong>Phil</strong></span> <span class='ocrx_word' id='word_1_344' title='bbox 813 1838 904 1864; x_wconf 69' lang='lat' dir='ltr'><strong>scripit.</strong></span> <span class='ocrx_word' id='word_1_345' title='bbox 927 1835 1262 1864; x_wconf 74' lang='lat' dir='ltr'><strong>1..11.c.14.1.=.184·sqq.</strong></span> <span class='ocrx_word' id='word_1_346' title='bbox 1292 1835 1406 1863; x_wconf 59' lang='lat' dir='ltr'><strong>Heinius,</strong></span> <span class='ocrx_word' id='word_1_347' title='bbox 1424 1838 1495 1860; x_wconf 81' lang='lat' dir='ltr'><strong>surlc</strong></span> <span class='ocrx_word' id='word_1_348' title='bbox 1509 1838 1646 1866; x_wconf 72' lang='lat' dir='ltr'><strong>philosophe</strong></span> 
     </span>
     <span class='ocr_line' id='line_1_34' title="bbox 129 1874 1647 1906; baseline 0.003 -9"><span class='ocrx_word' id='word_1_349' title='bbox 129 1876 294 1900; x_wconf 65' lang='lat' dir='ltr'><strong>Clitomacho·-</strong></span> <span class='ocrx_word' id='word_1_350' title='bbox 310 1874 377 1896; x_wconf 62' lang='grc' dir='ltr'><strong>Μω-</strong></span> <span class='ocrx_word' id='word_1_351' title='bbox 390 1874 414 1894; x_wconf 75' lang='lat' dir='ltr'><strong>de</strong></span> <span class='ocrx_word' id='word_1_352' title='bbox 428 1874 508 1897; x_wconf 72' lang='lat' dir='ltr'><strong>l&#39;acad.</strong></span> <span class='ocrx_word' id='word_1_353' title='bbox 525 1874 550 1895; x_wconf 73' lang='lat' dir='ltr'><strong>de</strong></span> <span class='ocrx_word' id='word_1_354' title='bbox 564 1876 654 1899; x_wconf 80' lang='lat' dir='ltr'><strong>Berlln.</strong></span> <span class='ocrx_word' id='word_1_355' title='bbox 671 1883 691 1899; x_wconf 79' lang='grc' dir='ltr'><strong>ι.</strong></span> <span class='ocrx_word' id='word_1_356' title='bbox 707 1879 770 1904; x_wconf 71' lang='lat'><strong>1748.</strong></span> <span class='ocrx_word' id='word_1_357' title='bbox 787 1884 810 1904; x_wconf 83' lang='lat' dir='ltr'><strong>p.</strong></span> <span class='ocrx_word' id='word_1_358' title='bbox 827 1884 876 1904; x_wconf 84' lang='lat'><strong>2⁹5·</strong></span> <span class='ocrx_word' id='word_1_359' title='bbox 890 1885 939 1905; x_wconf 84' lang='lat' dir='ltr'><strong>sqq.</strong></span> <span class='ocrx_word' id='word_1_360' title='bbox 960 1875 1078 1905; x_wconf 77' lang='lat' dir='ltr'><strong>Bracker,</strong></span> <span class='ocrx_word' id='word_1_361' title='bbox 1091 1878 1121 1900; x_wconf 90' lang='lat' dir='ltr'><strong>T.</strong></span> <span class='ocrx_word' id='word_1_362' title='bbox 1138 1879 1156 1899; x_wconf 88' lang='lat'><strong>1.</strong></span> <span class='ocrx_word' id='word_1_363' title='bbox 1178 1885 1201 1906; x_wconf 80' lang='lat' dir='ltr'><strong>p.</strong></span> <span class='ocrx_word' id='word_1_364' title='bbox 1213 1881 1264 1905; x_wconf 82' lang='lat'><em>7⁷¹-</em></span> <span class='ocrx_word' id='word_1_365' title='bbox 1278 1883 1328 1905; x_wconf 78' lang='lat' dir='ltr'><strong>sqq.</strong></span> <span class='ocrx_word' id='word_1_366' title='bbox 1345 1882 1368 1899; x_wconf 85' lang='lat' dir='ltr'><strong>et</strong></span> <span class='ocrx_word' id='word_1_367' title='bbox 1381 1877 1433 1900; x_wconf 73' lang='lat' dir='ltr'><strong>loc·</strong></span> <span class='ocrx_word' id='word_1_368' title='bbox 1452 1878 1478 1900; x_wconf 79' lang='lat' dir='ltr'><strong>nb</strong></span> <span class='ocrx_word' id='word_1_369' title='bbox 1494 1878 1526 1900; x_wconf 77' lang='lat' dir='ltr'><strong>his</strong></span> <span class='ocrx_word' id='word_1_370' title='bbox 1541 1881 1647 1904; x_wconf 60' lang='lat' dir='ltr'><strong>collecta.</strong></span> 
     </span>
    </p>

    <p class='ocr_par' dir='ltr' id='par_1_9' title="bbox 129 1914 1648 2070">
     <span class='ocr_line' id='line_1_35' title="bbox 160 1914 1646 1948; baseline 0.003 -9"><span class='ocrx_word' id='word_1_371' title='bbox 160 1918 216 1942; x_wconf 77' lang='lat'><strong>(6)</strong></span> <span class='ocrx_word' id='word_1_372' title='bbox 235 1916 286 1937; x_wconf 84' lang='lat' dir='ltr'><strong>vid.</strong></span> <span class='ocrx_word' id='word_1_373' title='bbox 308 1915 369 1936; x_wconf 70' lang='lat' dir='ltr'><strong>sext.</strong></span> <span class='ocrx_word' id='word_1_374' title='bbox 392 1915 451 1940; x_wconf 75' lang='lat' dir='ltr'><strong>Emp.</strong></span> <span class='ocrx_word' id='word_1_375' title='bbox 474 1916 498 1936; x_wconf 78' lang='grc' dir='ltr'><strong>Ρ.</strong></span> <span class='ocrx_word' id='word_1_376' title='bbox 520 1917 548 1937; x_wconf 83' lang='grc' dir='ltr'><strong>Η.</strong></span> <span class='ocrx_word' id='word_1_377' title='bbox 571 1916 590 1938; x_wconf 83' lang='lat'><strong>1.</strong></span> <span class='ocrx_word' id='word_1_378' title='bbox 611 1924 628 1940; x_wconf 66' lang='grc' dir='ltr'><strong>ς.</strong></span> <span class='ocrx_word' id='word_1_379' title='bbox 641 1923 690 1939; x_wconf 74' lang='lat'><strong>220.</strong></span> <span class='ocrx_word' id='word_1_380' title='bbox 709 1923 730 1939; x_wconf 78' lang='lat' dir='ltr'><strong>ei</strong></span> <span class='ocrx_word' id='word_1_381' title='bbox 751 1918 832 1940; x_wconf 65' lang='lat' dir='ltr'><strong>Euteb.</strong></span> <span class='ocrx_word' id='word_1_382' title='bbox 854 1920 876 1940; x_wconf 83' lang='grc' dir='ltr'><strong>Ρ.</strong></span> <span class='ocrx_word' id='word_1_383' title='bbox 897 1919 923 1942; x_wconf 81' lang='grc' dir='ltr'><strong>Ε,</strong></span> <span class='ocrx_word' id='word_1_384' title='bbox 947 1920 1005 1941; x_wconf 82' lang='lat' dir='ltr'><strong>xw.</strong></span> <span class='ocrx_word' id='word_1_385' title='bbox 1018 1927 1040 1946; x_wconf 75' lang='lat'><strong>⁴·</strong></span> <span class='ocrx_word' id='word_1_386' title='bbox 1061 1926 1084 1945; x_wconf 82' lang='lat' dir='ltr'><strong>p.</strong></span> <span class='ocrx_word' id='word_1_387' title='bbox 1099 1920 1147 1943; x_wconf 87' lang='lat'><strong>726.</strong></span> <span class='ocrx_word' id='word_1_388' title='bbox 1164 1919 1191 1940; x_wconf 89' lang='lat' dir='ltr'><strong>D.</strong></span> <span class='ocrx_word' id='word_1_389' title='bbox 1213 1920 1251 1941; x_wconf 82' lang='lat' dir='ltr'><strong>ubi</strong></span> <span class='ocrx_word' id='word_1_390' title='bbox 1271 1925 1361 1945; x_wconf 76' lang='lat' dir='ltr'><strong>quai-iae</strong></span> <span class='ocrx_word' id='word_1_391' title='bbox 1379 1914 1518 1941; x_wconf 68' lang='lat' dir='ltr'><strong>Academiae</strong></span> <span class='ocrx_word' id='word_1_392' title='bbox 1538 1920 1646 1948; x_wconf 72' lang='lat' dir='ltr'><strong>princeps</strong></span> 
     </span>
     <span class='ocr_line' id='line_1_36' title="bbox 131 1955 1645 1986; baseline 0.005 -9"><span class='ocrx_word' id='word_1_393' title='bbox 131 1958 214 1981; x_wconf 61' lang='lat' dir='ltr'><strong>uicinu-</strong></span> <span class='ocrx_word' id='word_1_394' title='bbox 235 1956 306 1977; x_wconf 66' lang='lat' dir='ltr'><strong>fuls-xe</strong></span> <span class='ocrx_word' id='word_1_395' title='bbox 333 1961 383 1976; x_wconf 81' lang='lat' dir='ltr'><strong>cum</strong></span> <span class='ocrx_word' id='word_1_396' title='bbox 408 1955 510 1977; x_wconf 76' lang='lat' dir='ltr'><strong>Philone.</strong></span> <span class='ocrx_word' id='word_1_397' title='bbox 540 1956 594 1978; x_wconf 83' lang='lat' dir='ltr'><strong>Vld.</strong></span> <span class='ocrx_word' id='word_1_398' title='bbox 614 1957 680 1979; x_wconf 75' lang='lat' dir='ltr'><strong>etiam</strong></span> <span class='ocrx_word' id='word_1_399' title='bbox 701 1958 782 1979; x_wconf 70' lang='lat' dir='ltr'><strong>Fabi-ic</strong></span> <span class='ocrx_word' id='word_1_400' title='bbox 815 1961 842 1981; x_wconf 77' lang='lat' dir='ltr'><strong>ad</strong></span> <span class='ocrx_word' id='word_1_401' title='bbox 863 1961 877 1981; x_wconf 90' lang='grc'><strong>1.</strong></span> <span class='ocrx_word' id='word_1_402' title='bbox 897 1959 957 1982; x_wconf 75' lang='lat' dir='ltr'><strong>Sext,</strong></span> <span class='ocrx_word' id='word_1_403' title='bbox 975 1961 991 1982; x_wconf 88' lang='grc' dir='ltr'><strong>Ι.</strong></span> <span class='ocrx_word' id='word_1_404' title='bbox 1011 1959 1032 1980; x_wconf 82' lang='grc' dir='ltr'><strong>1η</strong></span> <span class='ocrx_word' id='word_1_405' title='bbox 1053 1965 1099 1981; x_wconf 82' lang='lat' dir='ltr'><strong>not·</strong></span> <span class='ocrx_word' id='word_1_406' title='bbox 1116 1961 1142 1981; x_wconf 89' lang='grc'><strong>0.</strong></span> <span class='ocrx_word' id='word_1_407' title='bbox 1163 1961 1213 1981; x_wconf 78' lang='lat' dir='ltr'><strong>adv.</strong></span> <span class='ocrx_word' id='word_1_408' title='bbox 1233 1961 1302 1982; x_wconf 77' lang='lat' dir='ltr'><strong>Math.</strong></span> <span class='ocrx_word' id='word_1_409' title='bbox 1325 1960 1352 1983; x_wconf 93' lang='grc'><strong>11.</strong></span> <span class='ocrx_word' id='word_1_410' title='bbox 1375 1961 1394 1986; x_wconf 78' lang='lat' dir='ltr'><strong>s.</strong></span> <span class='ocrx_word' id='word_1_411' title='bbox 1409 1965 1445 1981; x_wconf 81' lang='lat'><strong>20.</strong></span> <span class='ocrx_word' id='word_1_412' title='bbox 1468 1965 1489 1981; x_wconf 74' lang='lat' dir='ltr'><strong>nt</strong></span> <span class='ocrx_word' id='word_1_413' title='bbox 1511 1960 1645 1984; x_wconf 55' lang='lat' dir='ltr'><strong>Falernum</strong></span> 
     </span>
     <span class='ocr_line' id='line_1_37' title="bbox 131 1992 1648 2029; baseline 0.003 -9"><span class='ocrx_word' id='word_1_414' title='bbox 131 2004 180 2020; x_wconf 74' lang='lat' dir='ltr'><strong>not,</strong></span> <span class='ocrx_word' id='word_1_415' title='bbox 193 1998 219 2019; x_wconf 93' lang='lat' dir='ltr'><strong>o.</strong></span> <span class='ocrx_word' id='word_1_416' title='bbox 250 1996 296 2017; x_wconf 77' lang='lat' dir='ltr'><strong>cic.</strong></span> <span class='ocrx_word' id='word_1_417' title='bbox 317 1997 384 2017; x_wconf 69' lang='lat' dir='ltr'><strong>&#39;rum</strong></span> <span class='ocrx_word' id='word_1_418' title='bbox 405 1997 424 2023; x_wconf 89' lang='lat' dir='ltr'><strong>Q</strong></span> <span class='ocrx_word' id='word_1_419' title='bbox 450 1996 468 2016; x_wconf 84' lang='lat'><strong>1-</strong></span> <span class='ocrx_word' id='word_1_420' title='bbox 490 2002 525 2022; x_wconf 74' lang='lat'><strong>²4.</strong></span> <span class='ocrx_word' id='word_1_421' title='bbox 545 2003 567 2022; x_wconf 79' lang='lat' dir='ltr'><strong>p.</strong></span> <span class='ocrx_word' id='word_1_422' title='bbox 585 2003 620 2022; x_wconf 83' lang='lat' dir='ltr'><strong>si.</strong></span> <span class='ocrx_word' id='word_1_423' title='bbox 640 2000 667 2019; x_wconf 74' lang='lat' dir='ltr'><strong>td</strong></span> <span class='ocrx_word' id='word_1_424' title='bbox 698 2000 756 2021; x_wconf 73' lang='lat' dir='ltr'><strong>Dav.</strong></span> <span class='ocrx_word' id='word_1_425' title='bbox 770 2006 793 2021; x_wconf 83' lang='lat' dir='ltr'><strong>et</strong></span> <span class='ocrx_word' id='word_1_426' title='bbox 813 1992 893 2022; x_wconf 76' lang='lat' dir='ltr'><strong>Doris.</strong></span> <span class='ocrx_word' id='word_1_427' title='bbox 914 2000 936 2021; x_wconf 83' lang='lat' dir='ltr'><strong>ln</strong></span> <span class='ocrx_word' id='word_1_428' title='bbox 958 2007 1005 2023; x_wconf 82' lang='lat' dir='ltr'><strong>not.</strong></span> <span class='ocrx_word' id='word_1_429' title='bbox 1018 2007 1039 2026; x_wconf 86' lang='lat'><strong>7.</strong></span> <span class='ocrx_word' id='word_1_430' title='bbox 1062 2000 1090 2022; x_wconf 84' lang='lat' dir='ltr'><strong>de</strong></span> <span class='ocrx_word' id='word_1_431' title='bbox 1112 2001 1174 2023; x_wconf 75' lang='lat' dir='ltr'><strong>Orat.</strong></span> <span class='ocrx_word' id='word_1_432' title='bbox 1194 2002 1211 2024; x_wconf 89' lang='grc'><strong>1.</strong></span> <span class='ocrx_word' id='word_1_433' title='bbox 1227 2004 1267 2028; x_wconf 81' lang='grc' dir='ltr'><strong>Π,</strong></span> <span class='ocrx_word' id='word_1_434' title='bbox 1285 2001 1325 2028; x_wconf 78' lang='lat'><strong>18,</strong></span> <span class='ocrx_word' id='word_1_435' title='bbox 1341 2007 1375 2023; x_wconf 84' lang='lat'><strong>20.</strong></span> <span class='ocrx_word' id='word_1_436' title='bbox 1396 2001 1424 2023; x_wconf 85' lang='lat'><strong>11.</strong></span> <span class='ocrx_word' id='word_1_437' title='bbox 1439 2000 1473 2023; x_wconf 66' lang='lat'><strong>88.</strong></span> <span class='ocrx_word' id='word_1_438' title='bbox 1497 2001 1558 2025; x_wconf 74' lang='lat' dir='ltr'><strong>Orat.</strong></span> <span class='ocrx_word' id='word_1_439' title='bbox 1572 2007 1594 2024; x_wconf 79' lang='lat' dir='ltr'><strong>c·</strong></span> <span class='ocrx_word' id='word_1_440' title='bbox 1609 2001 1648 2029; x_wconf 72' lang='lat'><strong>16.</strong></span> 
     </span>
     <span class='ocr_line' id='line_1_38' title="bbox 129 2036 1614 2070; baseline 0 -8"><span class='ocrx_word' id='word_1_441' title='bbox 129 2040 201 2063; x_wconf 73' lang='lat' dir='ltr'><strong>And.</strong></span> <span class='ocrx_word' id='word_1_442' title='bbox 218 2039 246 2060; x_wconf 83' lang='grc'><strong>11.</strong></span> <span class='ocrx_word' id='word_1_443' title='bbox 266 2038 300 2060; x_wconf 81' lang='lat'><strong>16.</strong></span> <span class='ocrx_word' id='word_1_444' title='bbox 328 2036 391 2060; x_wconf 78' lang='lat' dir='ltr'><strong>Plio.</strong></span> <span class='ocrx_word' id='word_1_445' title='bbox 410 2036 439 2059; x_wconf 82' lang='grc' dir='ltr'><strong>Η.</strong></span> <span class='ocrx_word' id='word_1_446' title='bbox 455 2038 482 2061; x_wconf 85' lang='grc' dir='ltr'><strong>Ν.</strong></span> <span class='ocrx_word' id='word_1_447' title='bbox 502 2038 549 2061; x_wconf 82' lang='lat' dir='ltr'><strong>vu.</strong></span> <span class='ocrx_word' id='word_1_448' title='bbox 565 2044 601 2065; x_wconf 78' lang='lat'><strong>2⁴·</strong></span> <span class='ocrx_word' id='word_1_449' title='bbox 628 2038 718 2064; x_wconf 78' lang='lat' dir='ltr'><strong>Jonmu</strong></span> <span class='ocrx_word' id='word_1_450' title='bbox 741 2041 769 2064; x_wconf 90' lang='grc'><strong>11.</strong></span> <span class='ocrx_word' id='word_1_451' title='bbox 792 2048 813 2064; x_wconf 79' lang='lat' dir='ltr'><strong>c.</strong></span> <span class='ocrx_word' id='word_1_452' title='bbox 830 2046 862 2069; x_wconf 83' lang='lat'><strong>¹⁴·</strong></span> <span class='ocrx_word' id='word_1_453' title='bbox 882 2048 904 2068; x_wconf 88' lang='lat' dir='ltr'><strong>p.</strong></span> <span class='ocrx_word' id='word_1_454' title='bbox 920 2042 966 2066; x_wconf 76' lang='lat'><strong>18⁵.</strong></span> <span class='ocrx_word' id='word_1_455' title='bbox 985 2049 1007 2070; x_wconf 90' lang='lat' dir='ltr'><strong>p.</strong></span> <span class='ocrx_word' id='word_1_456' title='bbox 1025 2047 1078 2069; x_wconf 81' lang='lat'><strong>¹9¹,</strong></span> <span class='ocrx_word' id='word_1_457' title='bbox 1097 2047 1145 2068; x_wconf 83' lang='lat'><strong>¹9²·</strong></span> <span class='ocrx_word' id='word_1_458' title='bbox 1472 2052 1474 2055; x_wconf 90' lang='lat'><em>-</em></span> <span class='ocrx_word' id='word_1_459' title='bbox 1515 2047 1519 2057; x_wconf 68' lang='lat'><em>1</em></span> <span class='ocrx_word' id='word_1_460' title='bbox 1607 2050 1614 2067; x_wconf 82' lang='lat'><em>‚</em></span> 
     </span>
    </p>
   </div>
   <div class='ocr_carea' id='block_1_5' title="bbox 924 2081 950 2110">
    <p class='ocr_par' dir='ltr' id='par_1_10' title="bbox 924 2081 950 2110">
     <span class='ocr_line' id='line_1_39' title="bbox 924 2081 950 2110; baseline 0 0"><span class='ocrx_word' id='word_1_461' title='bbox 924 2081 950 2110; x_wconf 88' lang='lat' dir='ltr'><strong>K</strong></span> 
     </span>
    </p>
   </div>
  </div>
 </body>
</html>
