1913 2417
194 171 250 194 100
289 161 316 201 J.
339 160 645 192 RsTHORssECKE
666 160 886 191 RESPONSIO
908 170 950 190 AD
972 160 1275 199 QUAESTIONEM
1293 138 1611 193 ptrtLospffffxcaw.

173 246 312 283 „penitus
336 245 493 282 abjecerat,
513 250 540 274 et
556 245 670 274 nimiam
690 244 720 273 in
743 244 851 273 ratione
875 244 1073 273 auctoritatem
1100 250 1251 281 posuerat:
1275 245 1354 281 quod
1378 245 1480 274 vitium
1506 245 1544 274 ita
1566 242 1696 275 n'otatism

194 303 239 325 cst
260 297 294 324 ab
321 296 479 326 Aristotele
511 303 538 325 et
561 297 780 332 reprehensum,
809 301 842 323 ut
865 295 929 331 ipse
950 296 1136 330 experientiae
1157 296 1296 332 nimium,
1326 296 1429 325 rationi
1463 296 1521 325 fere
1549 298 1621 325 nihil
1647 297 1718 325 tri-¹

194 347 299 376 buerit.
340 347 383 376 Ita
409 348 477 376 haec
505 347 542 376 lis
566 347 676 384 egregia
704 346 761 375 fuit
784 354 851 374 ansa
881 346 916 374 ad
939 346 1129 382 arripiendum
1146 367 1156 382 ‚
1184 348 1219 375 de
1249 347 1327 377 omni
1355 348 1476 377 scientia
1509 348 1722 376 dubitandum-2

193 405 269 426 csse.
308 397 352 426 De
379 398 454 427 bello
480 399 615 427 adversus
638 397 846 433 Empirismum
875 403 903 425 et
927 397 1172 434 philosophorum
1198 398 1451 435 dissensionibus,
1480 399 1510 428 in
1531 399 1637 435 quibus
1658 389 1706 428 in*-

194 448 339 477 cunabula
363 448 442 478 fuere
466 448 668 485 Scepticismi‚
691 457 780 484 supra
800 448 1001 478 disseruimus.

232 499 288 529 Uti
309 500 503 536 apprehensus
529 499 622 528 fuerat
644 500 870 536 Pyrrhoniorum
893 499 1103 536 Scepticismus
1126 508 1155 529 et
1182 501 1304 529 haustus
1337 509 1371 530 ex
1399 501 1547 530 universae
1571 501 1725 536 philoso-'J

198 551 283 588 phiac
310 551 559 586 consideratione,
591 551 779 587 omniumque
806 551 1048 588 philosophorum
1073 552 1221 587 dissidiis,
1252 552 1290 580 ita
1311 560 1410 581 omnes
1440 552 1557 581 omnino
1581 551 1709 588 discipli-

200 610 252 631 nas
279 601 335 630 sibi
360 602 466 630 sumsit
490 603 711 638 oppugnandas.
751 603 779 631 A
800 609 859 638 quo
882 603 1019 632 universo
1038 603 1116 632 beilo
1147 604 1231 639 quale
1254 603 1408 633 discrimen
1430 603 1665 632 Academicorum
1681 608 1710 631 et

202 653 430 689 Pyrrhoniorum
455 659 599 688 manaret,
620 660 702 682 antea
724 653 832 682 dictum
857 659 911 682 est.

238 703 301 733 Hac
324 705 460 733 adversus
486 704 583 732 omnia
605 710 761 741 systemata
782 713 895 742 pugnae
914 704 1098 741 susceptione
1115 705 1224 735 Factum
1249 712 1314 741 est,
1343 711 1376 734 ut
1399 713 1499 734 omnes
1521 704 1611 733 simui
1631 705 1721 741 Dogae

202 755 300 784 marici
323 755 358 784 ad
386 755 569 791 Scepticismi
592 755 828 791 oppressionem,
849 756 931 792 quasi
948 757 982 785 ad
1003 764 1155 785 commune
1179 757 1339 786 incendium
1367 756 1618 792 restinguendum,
1641 763 1712 784 con-

206 812 367 835 cursarent.
398 806 488 844 Quae
509 815 594 835 causa
614 806 731 842 effecit,
751 813 785 834 ut
805 808 840 835 ad
863 807 990 835 omnium
1014 807 1150 844 impetum
1184 809 1384 837 sustinendum
1424 806 1576 843 Pyrrhonii
1601 806 1723 834 firmius·

209 866 239 885 se
260 857 372 885 munire
392 863 419 885 et
445 865 551 885 armare
565 857 713 886 deberent:
735 859 810 886 unde
830 865 926 886 exorta
944 864 988 886 est
1011 858 1057 887 illa
1072 859 1210 894 perfectio
1231 858 1433 895 Scepticismi,
1457 865 1541 894 quam
1562 856 1720 886 Academia-

202 916 261 937 non
286 908 383 944 potuit
401 909 558 944 attingere,
581 909 723 945 cujusque
745 910 902 937 auctoritas
926 909 955 937 in
977 910 1162 944 philosophia
1185 917 1340 946 numquam
1366 914 1526 938 evanescet.

243 959 298 988 His
321 952 470 987 cau-sarum
507 958 623 987 indiciis
658 966 757 988 nostra
779 960 939 995 disputatio
969 960 1178 990 terminabitur.
1228 960 1316 998 Quod
1339 960 1364 988 si
1394 959 1460 995 quis
1484 958 1642 988 uberiorem
1666 966 1714 987 ex-

200 1010 387 1047 plicationem
413 1009 569 1044 desideret,
589 1010 699 1046 duplici
721 1011 756 1038 de
775 1010 884 1038 ratione
909 1018 969 1038 eam
990 1010 1113 1045 accipiat
1138 1019 1153 1038 a
1175 1011 1261 1039 nobis
1282 1010 1509 1045 praetermissam
1532 1017 1606 1038 esse.
1646 1010 1727 1038 Etc-‘

204 1061 263 1089 nim
294 1060 531 1089 Academicorum
560 1066 588 1088 et
619 1060 817 1096 Scepticorum
846 1068 960 1097 ortum,
983 1055 1189 1098 progressum,
1211 1060 1421 1096 maturitatem,
1443 1060 1482 1089 ita
1495 1060 1636 1096 explicare
1652 1063 1726 1089 stu-'³

204 1113 339 1146 duimuS,
362 1117 393 1139 ut
415 1119 481 1140 cum
508 1111 701 1141 doctrinarum
725 1111 920 1148 descriptione
952 1120 1102 1141 causarum
1125 1112 1337 1148 indagationem
1367 1113 1580 1147 copularemus.
1622 1112 1725 1147 Igitur‘

206 1164 389 1200 singulorum
415 1163 599 1192 conditorum
623 1162 794 1198 historiam,
808 1169 843 1190 ct
865 1163 1031 1192 universum
1051 1163 1266 1200 disciplinarum
1285 1171 1403 1192 cursum
1422 1163 1456 1191 ab
1478 1162 1562 1191 initio
1584 1162 1725 1198 persequi‘

205 1215 388 1243 instituimus
416 1215 451 1242 ad
479 1223 538 1242 cam
563 1223 711 1249 normam,
741 1223 825 1250 quam
852 1215 881 1243 in
913 1215 946 1243 P.
970 1215 1023 1245 ΠΙ.
1049 1214 1087 1244 C.
1105 1214 1129 1244 Ι.
1156 1214 1330 1251 posuimus;
1364 1213 1587 1251 philosophiae,
1607 1213 1643 1241 de
1658 1220 1727 1249 quw

212 1266 364 1302 agebatur,
391 1265 586 1302 cognitionem
616 1274 650 1295 ex
676 1265 812 1295 fontibus
828 1286 838 1301 ,
868 1274 943 1302 quos
970 1265 1013 1294 ibi
1042 1265 1354 1301 commonstravimus‚
1379 1265 1553 1301 aperientes.
1600 1263 1717 1302 Quibus

206 1316 317 1352 factis,
338 1324 549 1351 causarumque
570 1317 685 1345 criterio
707 1317 889 1352 constituto,
909 1317 950 1345 nil
964 1317 1106 1352 reliquum
1129 1322 1208 1352 erat,
1237 1317 1295 1345 nisi
1319 1322 1351 1345 ut
1371 1316 1406 1344 ad
1427 1315 1505 1344 illius
1522 1315 1615 1351 capita
1633 1315 1743 1344 στῆτε-ι’·

207 1367 264 1403 rii,
285 1374 434 1395 causarum
459 1366 704 1402 disputationem,
727 1375 799 1402 quac
825 1373 882 1395 erat
905 1368 960 1403 jam
983 1367 1013 1395 iu
1045 1367 1078 1396 P.
1095 1366 1119 1396 1.
1154 1373 1343 1402 pertractata,
1372 1365 1509 1394 brevibus
1541 1358 1655 1394 indiciis
1677 1366 1724 1394 ita·

208 1425 429 1452 ›revocaremu3,
453 1423 485 1445 ut
502 1424 593 1446 cetera
608 1426 642 1446 ex
660 1423 726 1446 ante
748 1406 833 1446 dictis
858 1417 1096 1453 intelligerentur.
1138 1418 1253 1452 Altera,
1277 1425 1349 1452 quae
1368 1415 1560 1451 copiosiorem
1583 1416 1639 1444 hoc
1653 1417 1727 1446 loc-0⁵

211 1467 432 1504 explicationem
457 1474 553 1503 vetat,
575 1469 647 1497 ratio
664 1475 708 1497 est
721 1489 731 1504 ,
753 1469 832 1503 quod
856 1476 1006 1496 causarum
1026 1466 1212 1495 discriminis·
1225 1467 1299 1495 inter
1314 1467 1502 1495 Academicos
1516 1472 1545 1495 et
1566 1466 1719 1502 Scepticos

211 1527 312 1555 magna
333 1527 398 1554 pars
421 1519 451 1547 in
476 1519 542 1554 ipso
563 1526 664 1548 notato
690 1519 854 1547 discrimine
873 1519 988 1547 residet.
1029 1518 1173 1546 Nimirum
1200 1523 1326 1553 possunt
1349 1517 1628 1558 haecausaevariis
1644 1518 1719 1546 clas-

211 1570 295 1599 sibus
320 1569 358 1596 ita
382 1569 540 1605 distingui,
563 1576 595 1598 ut
614 1578 716 1598 causae
731 1572 900 1608 primariae
921 1569 983 1599 sive
999 1570 1095 1608 primi
1118 1568 1228 1597 ordinis
1244 1569 1375 1597 dicantur
1391 1574 1523 1597 notarum
1544 1568 1720 1597 discriminis

213 1629 304 1649 unum
329 1627 418 1655 genus
442 1628 554 1655 parere:
584 1630 600 1649 a
624 1621 729 1657 quibus
748 1622 813 1651 dein
836 1621 936 1655 notis,
963 1626 1105 1655 tamquam
1127 1619 1223 1648 causis
1244 1619 1360 1647 secundi
1381 1618 1511 1654 ordinis,
1539 1619 1593 1647 alia
1615 1627 1729 1647 rursus

211 1671 387 1700 discriminis
412 1669 494 1706 signa
520 1671 676 1702 ducuntur.
723 1671 768 1701 Ita
792 1672 827 1701 ab
860 1671 1051 1707 explicatione
1081 1669 1255 1699 discriminis
1283 1669 1522 1698 Academicorum
1554 1675 1582 1698 et
1607 1669 1729 1705 Scepti-v

217 1731 316 1752 corum
330 1722 390 1750 ‘hoc
411 1722 531 1750 alterurn
547 1731 697 1752 causarum
716 1732 806 1760 genus
821 1722 945 1758 discerpi
969 1730 1029 1750 non
1051 1721 1166 1758 potuit:
1197 1720 1272 1750 unde
1295 1720 1383 1756 capiti
1406 1719 1509 1749 ultimo
1532 1719 1607 1748 nihil
1633 1726 1722 1748 resta·

216 1775 281 1809 bar,
303 1773 359 1801 nisi
390 1772 583 1808 primariarum
602 1774 756 1810 inquisitio
780 1781 946 1803 causarum.
1162 1800 1169 1805 ,

256 1824 323 1861 Qua
347 1825 402 1860 jam
427 1822 574 1858 defuncti,
604 1825 639 1853 ad
657 1833 769 1853 omnem
795 1824 973 1860 quaestionis
994 1829 1100 1859 partem
1124 1831 1176 1859 pro
1196 1829 1356 1852 nostrarum
1377 1821 1486 1850 ratione
1507 1821 1614 1850 virIum
1638 1821 1722 1851 satis-

214 1874 324 1905 iecisse
345 1873 429 1904 uobis
453 1874 602 1905 videmur:
625 1884 661 1906 an
684 1882 759 1905 recte
781 1874 959 1903 satisfactum
980 1873 1083 1909 fuerit,
1105 1882 1192 1910 penes
1215 1875 1289 1904 alios
1310 1872 1452 1911 Judicium
1480 1878 1554 1902 esto.

787 1925 816 1954 T
856 1926 882 1954 A
921 1924 952 1953 Ν
991 1924 1019 1953 Τ
1058 1925 1087 1953 U
1125 1925 1172 1955 M.

842 2000 1107 2034 ἐντιδιαστέλλονται
1121 2006 1174 2038 τοῖς
1195 2001 1357 2040 Πυῤῥωνείοις
1372 2001 1396 2031 ol
1411 2002 1443 2036 ἐξ
1459 2000 1645 2038 Ἀκαδημίας.

1305 2050 1398 2082 Schol.
1421 2052 1496 2081 Luc.
