1913 2417
286 153 663 187 COMMENTATIO
690 163 740 185 nn
768 153 1137 194 QUAESTIONEM
1163 158 1447 195 JURIDICAM.
1601 166 1641 202 ῖς

114 246 142 272 et
163 241 224 278 ipsa
248 239 414 269 communio
442 238 582 267 dissoluta
603 237 702 272 foret,
724 243 751 265 et
775 237 989 268 administrandi
1012 248 1116 269 munus
1141 247 1245 277 sponte
1270 240 1441 280 fini1·etur):
1473 245 1618 280 adeoque,

111 293 154 322 nti
184 293 214 320 in
249 297 308 320 art.
331 299 395 326 ¹25·
427 289 557 318 universe
586 289 706 317 docetur
734 289 768 316 de
800 288 877 317 omni
906 290 1091 325 possessione
1114 291 1279 328 fiduciaria,
1310 294 1444 329 deposito
1468 296 1619 325 assimilari

115 343 236 378 debeat,
260 342 514 371 administratorem
536 341 635 368 saltem
658 339 800 368 rationum
825 341 997 377 quandoque
1020 343 1223 372 reddendarum
1246 345 1416 373 necessitate
1440 346 1617 382 adstringat,

107 403 167 424 non
195 402 283 423 secus
300 400 386 428 atque
406 393 522 420 heredes
547 391 577 419 in
600 391 816 427 possessionem
840 391 982 421 bonorum
1006 394 1126 422 missos.
1174 393 1234 431 Qui
1257 402 1350 424 autem
1371 403 1519 432 propterea
1547 406 1617 426 cau-

110 447 219 475 tionem
245 445 292 472 hlc
319 451 377 471 non
399 446 566 478 requirunt,
596 442 675 478 quod
694 443 804 477 conjux
824 443 1040 472 administrator
1061 445 1127 480 plus
1151 445 1227 481 juris
1255 455 1313 475 non
1337 447 1511 483 acquisivit,
1533 457 1620 484 quam

109 505 168 533 quo
199 496 282 524 etiam
315 493 383 522 vivo
412 499 441 522 et
471 500 616 529 praesente
641 493 733 522 altero
759 494 885 532 conjuge
914 495 1031 532 gavisus
1059 495 1182 531 fuisset,
1213 497 1247 524 ab
1274 506 1367 526 errore
1391 506 1451 527 non
1474 500 1545 528 satis
1575 509 1620 529 ca·

103 548 182 578 visse
205 546 275 575 mihi
298 545 452 580 videntur,
472 544 500 573 in
523 553 604 580 quem
629 547 742 582 saepius
762 547 894 576 incidunt
916 546 1137 576 Delvincumus
1159 554 1187 576 et
1212 548 1422 584 Proudhwms,
1448 551 1615 587 regulariter

105 599 220 636 quidem
246 596 400 626 Absentem
424 602 568 626 mortuum
594 597 711 633 haberi,
732 598 903 626 continuata
925 607 993 627 vero
1017 599 1220 628 communione
1243 599 1316 628 vivis
1336 600 1523 630 adnumerari.
1553 603 1615 631 Ne.

103 657 160 686 que
181 656 246 677 cum
273 647 524 685 spangenbergio,
553 648 593 677 ad
618 655 682 678 nrt.
697 657 763 687 124.
791 656 854 678 not.
870 658 898 687 5.
927 650 998 678 adeo
1021 650 1054 679 inv
1076 659 1180 686 magno
1204 650 1366 679 discrimine
1389 653 1552 687 ponendum
1578 654 1624 682 vie

103 702 205 735 detur,
235 706 332 727 utrum
362 698 502 734 maritus,
531 708 575 729 an,
591 708 657 729 vero
684 708 755 729 uxor
778 701 925 737 supersit,
953 701 992 730 ita
1018 708 1051 730 ut
1076 701 1110 730 ab
1135 702 1186 730 hac
1211 707 1322 735 tantum
1346 704 1449 732 cautio*
1467 704 1613 740 exigatur:

103 757 299 789 argumentum
322 750 414 785 enim,
444 758 503 785 quo
522 751 633 787 utitur,
662 760 695 780 ex
723 758 787 780 art.
813 760 879 788 129.
913 751 1059 788 petitum,
1086 754 1176 789 magis
1207 751 1332 788 argutias
1365 762 1463 789 sapere
1487 755 1617 791 videtur,

100 811 185 839 quam
202 801 275 838 juris
299 800 447 836 analogiae
470 802 641 837 convenire3
672 802 730 831 imo
753 805 778 831 si
795 811 828 831 eo
852 811 940 832 sensu
958 802 1062 831 verba:
1088 803 1186 841 depuis
1211 803 1339 841 l'dpoque
1358 805 1383 832 ic
1401 804 1432 832 la
1453 806 1545 843 quelle
1567 805 1622 835 Γέ-

94 861 175 894 poux
198 861 326 881 commun
352 860 420 880 aura
441 852 502 887 pris
522 852 806 888 l’administration‚
830 853 926 882 forent
948 853 1113 888 accipienda
1127 853 1218 882 instar
1239 855 1461 890 distinctIOnis‚
1491 864 1565 891 quae
1586 855 1632 885 in*

100 911 163 934 art.
180 913 245 940 124.
267 903 299 932 fit
321 903 394 931 inter
413 902 498 931 verba
515 903 644 942 prendre
667 911 696 933 et
719 914 889 940 conserver,
911 905 945 933 de
964 912 1020 939 qua
1044 905 1072 941 ς.
1092 912 1185 939 praec.
1211 904 1356 941 vidimus,
1386 905 1469 934 facile
1491 905 1558 935 inde
1575 905 1617 935 ef-

100 956 219 990 ficeres,
240 953 387 983 doctrinae
413 960 474 983 art.
493 962 556 991 129.
582 961 692 984 tantum
719 956 816 985 locum
840 964 921 991 esse,
951 955 976 984 si
999 963 1070 983 uxor
1095 956 1327 984 communionem
1351 957 1555 992 suscepisset,
1585 964 1614 986 et:

99 1008 125 1035 si
152 1006 270 1035 maritus
289 1014 347 1034 eam
373 1006 593 1043 continuasset,
613 1013 754 1046 perpetuo
777 1007 1017 1037 communionem
1033 1014 1099 1038 esse
1115 1007 1302 1037 duraturam:
1334 1008 1390 1037 hoc
1413 1014 1614 1045 argumentum

93 1057 185 1096 igitur
207 1057 328 1086 nimium
352 1057 471 1093 probat.

808 1132 837 1169 §-
877 1137 908 1170 7·

133 1209 280 1240 Peculiare
303 1215 396 1238 antem
421 1215 465 1238 est
484 1209 537 1238 hac
564 1210 593 1238 in
620 1218 667 1246 re,
697 1210 782 1246 quod·
798 1210 823 1238 si
849 1218 922 1238 uxor
945 1208 1177 1238 communionem
1203 1215 1263 1238 non
1286 1209 1499 1239 dissolvendam
1525 1213 1613 1242 duxeae

95 1262 156 1298 rit,
177 1269 236 1290 non
251 1267 370 1297 cogatur
386 1269 445 1289 eam
465 1260 654 1296 continuare,
676 1261 700 1290 si
717 1267 818 1297 postea
834 1261 959 1289 animum
975 1261 1146 1295 mutaverit,
1166 1266 1226 1288 art.
1251 1268 1315 1295 124.
1336 1260 1366 1289 in
1388 1260 1436 1297 f.;
1462 1264 1541 1298 quod
1567 1273 1615 1293 se-

93 1320 147 1343 cus
170 1318 214 1341 est
238 1312 267 1340 in
285 1311 404 1340 marito.
442 1311 493 1340 Uti
515 1319 589 1340 enlm
613 1312 660 1340 bic
678 1311 712 1340 ab
736 1311 821 1340 initio
843 1311 1042 1340 communioni
1064 1312 1122 1348 jam
1149 1309 1293 1347 praefuit,
1314 1317 1375 1340 art.
1399 1321 1504 1349 1421.‚
1529 1316 1613 1344 adeo-

95 1368 150 1401 que
173 1364 236 1401 ejus
259 1368 370 1391 statum
381 1363 531 1399 cognitum
554 1370 586 1391 ac
604 1369 793 1399 perspectum·
812 1361 935 1399 habuit,
964 1363 1027 1398 sic,
1050 1362 1101 1390 ubi
1128 1363 1252 1390 animum
1275 1355 1488 1393 communionis
1515 1366 1611 1394 conti-

92 1415 222 1446 nuandae
248 1420 352 1443 temere
380 1414 583 1448 declaraverit,
604 1413 737 1449 habebit,
761 1413 842 1449 quod
860 1413 917 1442 sibi
938 1414 1080 1450 imputet:
1103 1414 1153 1442 sed
1177 1414 1250 1442 idem
1272 1422 1331 1443 non
1354 1414 1468 1443 obtinet
1490 1416 1519 1444 in
1538 1425 1610 1445 uxo·

90 1474 140 1502 re,
167 1472 259 1502 quae,
286 1472 351 1494 cum
381 1463 460 1493 forte
489 1464 519 1493 in
551 1464 759 1494 communione*
787 1473 847 1494 non
878 1466 935 1495 aiio
962 1474 1054 1501 scopo
1080 1465 1291 1500 perseveravit,
1320 1473 1404 1500 quam
1433 1472 1499 1494 uta
1522 1466 1621 1498 bonis·

92 1517 186 1546 mariti
209 1516 324 1545 heredes
343 1521 468 1551 arceret,
491 1516 627 1550 quoniam
652 1523 731 1551 spem
755 1516 867 1544 reditus
890 1516 984 1544 mariti
1007 1516 1134 1544 nondum
1158 1516 1309 1550 amiserat,
1339 1516 1429 1544 invita
1452 1517 1518 1552 cogi
1542 1525 1603 1547 non

91 1568 195 1604 debet,
225 1574 258 1595 ut
281 1567 382 1596 damna
417 1566 578 1602 experiatur
608 1574 642 1594 ex
666 1565 830 1601 inprudenti
853 1566 996 1595 bonorum
1021 1565 1266 1594 administratione
1294 1571 1322 1593 et
1350 1571 1427 1593 statu
1457 1566 1601 1596 bonorum

89 1619 258 1656 deperdito,
279 1619 313 1647 de
327 1627 386 1652 quo
399 1617 517 1646 maritus
533 1625 593 1645 eam
611 1618 759 1645 certiorem
781 1624 841 1645 non
862 1617 984 1652 fecerat;
1009 1616 1073 1656 add.
1093 1615 1202 1650 Lucre,
1224 1624 1254 1650 p.
1270 1624 1322 1652 431
1336 1624 1453 1651 ——434‚.
1487 1617 1609 1654 ,Semper

88 1670 178 1707 igitur
205 1677 278 1699 uxor
299 1676 431 1705 acceptae
452 1669 507 1706 jam
532 1667 730 1698 communioni
757 1667 918 1696 renuntiare
947 1667 1120 1704 poterir‚.et
1143 1667 1218 1694 bona
1244 1666 1395 1694 heredibus
1420 1667 1536 1703 cedere,
1557 1676 1604 1697 ee..

90 1722 236 1757 terisque,
258 1719 309 1756 qui
331 1727 364 1748 ex
385 1726 446 1749 art.
466 1728 538 1753 120,
562 1727 628 1755 123.
652 1718 682 1747 in
705 1718 920 1754 possessionem
944 1718 1110 1747 mittentur:
1134 1716 1241 1752 quibus
1267 1725 1300 1745 ex
1319 1717 1457 1745 sententia
1480 1717 1603 1748 Dclvin.

91 1773 182 1802 curtii
198 1772 282 1801 ctiam
303 1771 341 1800 ob
368 1771 479 1799 easdem
504 1769 632 1798 rationes
653 1775 720 1806 post
743 1769 933 1798 inventarium
959 1769 1150 1804 confectum,
1173 1768 1240 1796 huic
1265 1767 1399 1796 missioni
1416 1769 1605 1804 renuntiandi

87 1824 225 1860 competit
245 1821 388 1858 facultas,
407 1827 435 1850 et
455 1822 532 1850 bona
551 1819 743 1849 creditoribus
763 1820 882 1849 cedendi
903 1822 965 1859 (14
979 1821 1005 1857 ).

120 1873 202 1903 ‘Haec
234 1881 301 1902 vero
327 1872 501 1903 renuntiatio
532 1871 652 1908 efficiet,
679 1878 713 1900 ut
746 1872 781 1900 de
810 1871 921 1901 damnis
953 1872 1015 1900 sine
1038 1872 1100 1909 ejus
1123 1871 1211 1906 culpa
1239 1874 1288 1898 aut
1310 1860 1597 1902 ante'continuatain

1524 1931 1615 1954 com}¹

121 1987 186 2020 (¹⁴)
205 1989 259 2014 vu.
276 1988 441 2019 Damnum,
455 1995 478 2019 p·
491 1994 540 2020 ³49.
558 1991 634 2015 adnot.
648 1994 668 2018 3.
689 1988 714 2013 ln
730 1987 772 2016 f.;-
788 1990 851 2018 eous.
864 1993 913 2013 art.
931 1991 983 2014 802,
1009 1988 1058 2012 eod.
1079 1988 1128 2015 etv,
1147 1993 1170 2011 et
1196 1992 1254 2015 quae
1277 1985 1377 2010 dicemus
1395 1987 1455 2011 sect.
1466 1992 1488 2015 s.
1509 1989 1527 2014 S.
1541 1989 1563 2015 Β,
