1913 2417
224 172 254 199 16
491 171 534 202 G.
592 172 971 205 GROEN'VAN
1027 153 1458 210 PRINSTERAER

474 485 799 535 CAPUT
889 489 1457 529 SECUNDUM.

587 599 635 621 DE
662 600 942 624 CIVITATIBUS
972 604 1110 640 SOCIISq
1139 606 1345 629 SUBDITIS.

213 701 387 769 Civitates
402 740 629 773 Atheniensibus
647 745 778 775 subditae
797 748 1006 778 vocabantur
993 750 1118 786 υπῆκοοι;
1141 752 1219 787 quod
1235 751 1429 788 vocabulum,
1453 761 1487 783 ex
1505 754 1719 790 praepositione

215 789 266 819 ὑπὸ
288 796 314 818 et
345 792 432 821 verbo
453 795 540 824 ἀκούω
572 798 787 834 compositum,
819 807 869 828 eos
893 800 1056 837 significat,
1085 803 1136 840 qui
1163 803 1255 831 alicui
1283 804 1497 841 obtemperant,
1526 804 1618 834 alicui
1643 806 1721 835 dicto

211 840 360 870 audientes
391 849 467 873 sunt.
516 844 624 875 Earum
655 848 757 884 triplex
789 858 879 885 genus
910 852 1084 888 statuimus,
1121 861 1244 889 quorum
1272 855 1365 890 primo
1398 863 1444 883 eas
1477 855 1608 884 civitates
1642 865 1722 885 com-

208 891 382 928 plectimur,
415 903 488 930 quae
520 896 690 932 simpliciter
720 901 827 935 ὑπήκοοι
853 901 997 937 fuerunt,
1025 903 1087 932 sive
1120 911 1200 933 antea
1235 908 1381 943 αὐτονομίᾳ
1410 913 1500 940 usas,
1537 905 1599 934 sive
1625 907 1723 937 statim

208 941 238 970 in
264 945 429 973 servitutem
446 947 592 983 redactas3
627 950 753 979 secundo
773 954 933 989 κληρουχίας
959 962 1030 988 quae
1055 954 1084 982 in
1105 955 1283 984 devictorum
1302 964 1386 992 agros
1404 956 1477 984 mitti
1496 956 1645 992 solebant3
1667 964 1723 986 ter-

209 992 278 1028 tio,
308 995 528 1025 Atheniensium
559 998 700 1028 colonias.
750 1001 895 1039 Quaenam
919 1005 954 1032 ad
981 1003 1096 1041 singula
1129 1005 1232 1034 haecce
1261 1014 1363 1042 genera
1398 1007 1585 1043 pertineant,
1613 1009 1723 1038 traden-

208 1043 274 1071 dum
296 1052 350 1075 est.

244 1095 333 1133 Quod
360 1098 394 1126 ad
424 1099 547 1135 primum
586 1109 676 1137 genus
701 1103 820 1140 attinet,
846 1095 896 1135 vix
930 1108 1053 1137 societas
1080 1115 1180 1138 contra
1201 1109 1301 1139 Persas
1333 1110 1403 1139 inita
1438 1114 1514 1144 erat,
1544 1117 1632 1144 quum
1654 1110 1724 1146 plu-

206 1154 250 1175 res
281 1148 373 1184 socii,
402 1150 531 1179 diuturni
556 1151 624 1180 belli
653 1154 745 1183 taedio
775 1162 825 1184 aut
853 1158 1043 1193 agriculturae
1074 1169 1170 1190 amore
1199 1161 1297 1197 capti,
1330 1160 1507 1189 remissiores
1540 1168 1602 1188 esse
1620 1168 1723 1196 coepe-

204 1205 273 1226 runt
302 1199 331 1227 in
363 1200 508 1236 imperatis
539 1203 661 1232 navibus
692 1205 892 1243 militibusque
923 1209 1081 1240 mittendis.
1138 1211 1228 1249 Quod
1255 1212 1357 1241 caeteri
1385 1210 1602 1240 Atheniensium
1633 1211 1723 1239 duces

206 1249 329 1284 graviter
358 1250 481 1280 ferentes
512 1253 542 1280 in
567 1254 709 1290 ,iudicium
739 1257 820 1294 ipsos
851 1260 1021 1296 vocabant,
1056 1261 1217 1297 poenisque
1247 1263 1432 1300 afficiebant,
1470 1270 1609 1291 summam
1641 1261 1722 1290 scili·

205 1307 249 1328 cet
274 1309 386 1336 operam
411 1297 527 1339 dantes,
559 1311 590 1333 ut
615 1305 720 1335 bellum
744 1316 844 1338 contra
873 1300 977 1341 Persas
1004 1319 1089 1347 quam
1115 1312 1248 1342 acerrime
1279 1321 1437 1350 gereretur.
1465 1313 1572 1342 Cimon
1600 1319 1716 1348 autem,

208 1359 264 1386 qua
289 1359 347 1380 erat
371 1354 542 1389 prudentia,
563 1355 644 1384 aliam
662 1357 736 1385 viam
759 1366 876 1389 secutus
893 1369 949 1390 est.
994 1362 1187 1397 Perspiciebat
1213 1364 1286 1392 enim
1304 1366 1349 1393 vir
1369 1364 1507 1399 callidus,
1533 1365 1560 1392 si
1580 1363 1653 1391 socii
1675 1370 1721 1391 ⁵0-

203 1410 266 1430 vere
286 1408 494 1438 tractarentur,
523 1403 586 1433 fore
613 1413 645 1435 ut
674 1414 754 1436 antea
781 1410 853 1445 ipsis
878 1416 962 1448 grave
981 1412 1060 1440 fieret
1084 1419 1112 1440 et
1136 1414 1288 1441 molestum
1307 1414 1525 1442 Atheniensium
1548 1412 1719 1448 imperium,

206 1461 288 1488 quam
314 1453 386 1482 illud
411 1455 439 1483 vi
463 1456 625 1484 conservari
651 1464 764 1493 posset.
807 1460 900 1497 Igitur
919 1450 1024 1498 abiis,
1048 1462 1098 1498 qui
1122 1463 1213 1491 otium
1233 1464 1390 1499 optabant,
1413 1471 1472 1492 non
1496 1463 1554 1492 nisi
1580 1464 1717 1499 pecunias

205 1506 316 1540 exegit,
344 1512 371 1534 et
394 1514 480 1534 naves
506 1515 611 1536 vacuas
636 1508 711 1545 (1).
762 1510 954 1541 Existimabat
977 1513 1015 1542 ita
1036 1513 1171 1542 facillime
1191 1515 1308 1550 patriam
1338 1522 1418 1543 suam
1439 1514 1472 1542 ad
1497 1521 1636 1542 summam
1662 1522 1716 1550 po-

202 1555 317 1583 tentiam
342 1564 558 1591 perventuram:
579 1559 693 1588 videbat
717 1560 909 1591 Athenienses
936 1565 1083 1600 perpetuis
1107 1565 1345 1601 expeditionibus
1373 1565 1561 1599 exercitatos,
1581 1565 1718 1593 classem-

204 1614 259 1640 que
286 1607 405 1635 aliorum
423 1609 567 1637 sumtibus
585 1610 786 1647 aedificantes,
808 1613 937 1650 egregios
952 1616 1013 1643 fore
1030 1616 1134 1645 milites
1150 1622 1177 1644 et
1194 1617 1231 1644 rei
1253 1616 1361 1645 navalis
1376 1615 1588 1651 peritissimos;
1618 1615 1715 1644 socios

199 1663 318 1691 contra,
344 1660 501 1693 tranquillo
517 1661 628 1690 deditos
646 1663 720 1691 vitae
744 1663 1019 1699 genem-agricolas
1038 1673 1065 1695 et
1091 1667 1301 1703 negotiatores;
1330 1667 1377 1694 cui
1393 1673 1573 1700 consequens
1601 1666 1714 1701 prospi-

201 1707 312 1742 ciebat,
338 1715 370 1736 ut
392 1709 426 1737 ab
449 1710 674 1740 Atheniensibus
700 1713 783 1742 facile
811 1715 1060 1752 opprimerentur3
1085 1726 1168 1753 quam
1195 1718 1374 1753 sagacitatem
1398 1717 1481 1753 ejus,
1510 1716 1712 1751 comprobavit

201 1765 331 1787 eventuS.
373 1760 445 1789 Nam
469 1762 559 1797 socii,
585 1771 675 1798 quum
701 1764 805 1799 opibus
829 1764 891 1794 suis
913 1767 1103 1796 Athenienses
1126 1768 1293 1803 auxissent,
1315 1774 1433 1804 postea,
1457 1766 1570 1802 quoties
1590 1766 1708 1794 deficere

199 1809 353 1844 volebant,
381 1811 510 1848 imparati
532 1820 559 1841 et
579 1814 660 1843 nullo
683 1814 750 1843 belli
772 1816 885 1851 gerendi
911 1825 966 1845 usu
986 1819 1138 1854 instructi,
1166 1819 1199 1847 ab
1222 1819 1382 1847 exercitatis
1403 1818 1496 1853 copiis
1513 1815 1597 1844 facile
1613 1816 1711 1845 vince·

200 1857 313 1889 bantur.
333 1862 402 1898 (2)
437 1862 505 1900 Quo
523 1864 611 1901 magis
638 1872 730 1894 autem
752 1867 971 1897 Atheniensium
992 1870 1066 1898 vires
1086 1870 1273 1906 crescebant,
1296 1878 1329 1898 eo
1348 1869 1435 1905 magis
1452 1867 1595 1896 crescebat
1613 1876 1710 1896 eorum

1669 1926 1714 1947 in-

228 1960 282 1989 (1)
306 1961 367 1985 Plur,
392 1964 414 1985 ln
434 1964 542 1992 Cimone,
565 1973 586 1989 c.
607 1973 638 1989 η.

232 2008 281 2035 (²)
311 2010 361 2031 VM·
387 2011 477 2037 7¹²¹“5d-
499 2019 572 2041 1299·
616 2013 678 2040 Ταῖς
698 2009 908 2042 μὲν”Αθῆναῖπις
931 2011 1023 2044 lifigen-o
1055 2015 1086 2040 τὶ
1113 2015 1233 2041 uacui-mbr
1256 2014 1308 2042 ἀπὶ
1335 2017 1380 2044 τῆς
1407 2012 1538 2041 ἔκπένης,
1570 2009 1596 2040 ἣν
1623 2009 1714 2089 §ugnos

1673 2068 1716 2089 υμ-
