1913 2417
278 171 315 199 32
615 168 649 200 1⁵.
723 171 1441 209 JiuYLENBROEK

274 245 387 283 iorem,
409 256 459 279 nec
482 251 600 279 utereris
627 253 725 289 virga,
747 261 789 281 res
812 261 870 282 non
892 253 1085 284 conficeretur.
1127 254 1241 292 Quanta
1265 255 1374 291 quippe
1405 256 1545 284 celeritate
1575 263 1676 291 squam
1697 253 1774 285 infn-

279 296 372 333 deris,
403 298 480 329 bulla
505 301 561 329 sibi
588 303 683 330 relicta
710 304 796 331 simul
818 291 882 332 cum
909 304 970 340 ipsa
990 306 1159 340 adscendet,
1188 306 1315 341 adeoque
1339 314 1448 341 semper
1473 315 1503 334 se
1533 314 1624 342 prope
1646 307 1778 342 superio-

280 355 338 376 rcm
362 357 451 385 aquae
475 358 582 387 partem
611 358 727 388 tenens,
757 363 903 390 nunquam
929 361 983 383 tam
1007 356 1095 384 altum
1125 365 1210 392 supra
1236 365 1267 384 se
1295 357 1418 392 patietur
1440 357 1601 393 liquorem,
1630 365 1662 385 ac
1685 357 1779 392 requi-

279 398 370 434 ritur,
391 401 559 436 priusquam
577 411 635 431 eam
653 405 745 432 valeat
763 406 928 441 deprimere.
969 406 1023 434 Sed
1045 413 1076 434 ut
1096 407 1299 435 confirmemus
1313 428 1322 442 ‚
1345 416 1408 436 esse
1424 415 1512 442 aquae
1534 407 1692 443 superioris
1708 416 1780 443 pon-

282 449 357 483 dus,
387 452 465 485 quod
486 453 592 482 bullam
615 455 748 491 demergit
777 462 804 484 et
830 458 860 484 in
883 456 974 485 fundo
1003 463 1094 486 tenet:
1127 458 1151 485 si
1174 466 1188 485 e
1211 458 1283 486 tubo
1309 465 1517 494 competentem
1544 458 1666 493 liquoris
1690 466 1780 493 quan-

276 499 385 528 titatem
407 502 534 538 eximas,
555 505 681 541 adeoque
705 506 879 542 pressionem
903 508 963 543 ejus
986 516 1000 535 a
1027 507 1107 535 bulla
1129 516 1291 544 removeas,
1320 509 1387 537 haec
1420 508 1555 544 protinus
1583 510 1694 544 absque
1714 509 1779 538 ullo.

277 550 334 578 alio
355 552 520 586 adjumento
550 561 643 583 natare
667 556 803 593 incipiet,
834 564 861 585 et
883 558 1058 594 superiorem
1085 567 1173 594 aquae
1201 566 1309 594 partem
1340 566 1520 594 recuperare:
1555 560 1629 588 unde
1658 561 1692 588 ad
1714 559 1782 588 libi·

278 606 338 628 tum
363 610 460 637 potest
478 613 612 641 praeceps
638 607 705 643 agi,
726 617 828 644 aquam
852 616 989 641 exemtam
1016 610 1046 637 in
1067 610 1169 638 tubum
1191 609 1377 638 refundendo.
1387 608 1406 621 ’⁹
1596 602 1599 605 ’

314 651 393 680 Haec
422 655 534 689 quidem
565 656 690 693 Boyleus
723 659 879 695 proposuit
909 661 943 688 ad
971 660 1074 689 directe
1105 669 1184 689 suam
1214 660 1382 688 seutentiam
1411 660 1622 689 defendendam.
1664 662 1703 690 At
1734 669 1784 690 ve·

277 710 310 730 ro
335 711 393 731 non
418 711 527 735 tantum
557 707 752 738 defendentem
784 719 814 738 se
837 711 979 746 praestitit
1009 711 1150 748 egregium
1169 732 1179 746 ‚
1208 711 1257 739 sed
1284 710 1366 738 etiam
1399 718 1605 747 aggressorem.
1652 731 1677 746 „
1702 712 1779 741 Cum

274 752 399 789 enim‚”
420 763 451 784 ut
466 756 527 793 ipse
540 758 579 786 ait
600 760 686 796 (1),
715 780 739 795 n
751 760 779 788 in
797 762 980 796 quaestiones
1004 763 1157 802 nonnullas
1174 761 1344 796 incidisset,
1367 769 1460 796 nuper
1473 762 1545 788 inter
1564 760 1616 789 alia
1637 761 1666 790 in
1686 762 1783 792 lucem

275 805 394 834 emissas
414 816 428 835 a
448 809 587 845 scriptore
610 810 879 846 Hydrostaticorum
899 813 1053 847 perrecenti
1080 814 1164 850 (τι),
1188 812 1217 840 iu
1241 820 1361 847 quarum
1385 811 1586 847 quaestionum
1616 821 1686 844 una,
1714 821 1778 842 eru-

277 855 356 884 ditus
380 864 480 887 auctor
504 868 558 894 pro
582 860 659 889 virili
690 862 865 890 contrarium
891 868 1006 898 tuetur,
1036 864 1115 898 quod
1140 862 1210 892 inibi
1244 862 1273 890 in
1301 863 1472 897 quibusdam
1498 863 1570 890 locis
1597 863 1653 892 fuit
1676 866 1780 900 proba-

278 910 361 941 tum,
388 913 415 935 et
432 910 614 945 suppositum
633 911 661 940 in
684 912 798 947 aliis,'’
828 921 878 942 nec
895 913 1013 948 inutile,
1042 921 1093 941 nec
1115 914 1345 949 inopportunum
1368 913 1527 949 juilIcavit‚
1557 921 1720 950 argumenta
1740 917 1778 946 ab

277 955 343 992 ipso
368 958 397 986 in
421 961 542 989 medium
569 962 652 990 allata
677 962 778 997 paucis
799 963 828 991 in
851 963 1019 998 Appendice
1040 964 1074 991 ad
1097 964 1194 993 Parad.
1219 964 1297 1000 Hyd.
1324 964 1489 993 examinare.

313 1008 403 1037 Nefas
426 1009 501 1038 soret
527 1010 600 1039 illud
619 1012 814 1048 objectionum
839 1021 953 1042 examen
974 1014 1022 1043 Cl.
1044 1014 1143 1050 Boylei
1166 1015 1321 1050 omisisse3
1352 1015 1400 1043 sed
1426 1015 1572 1043 brevitatis
1595 1015 1684 1051 gratia
1707 1016 1780 1049 illud

273 1058 363 1086 verbo
389 1066 496 1088 tantum
517 1060 660 1090 indicasse
683 1062 839 1091 suffecerit.

308 1110 423 1138 Auctor
442 1120 457 1139 a
480 1111 588 1149 Boyleo
613 1113 798 1150 designatus,
819 1120 916 1144 tuetur
939 1115 969 1144 in
993 1117 1135 1146 constanti
1153 1126 1224 1153 aqua
1242 1123 1334 1154 partes
1359 1119 1521 1154 superiores
1545 1125 1612 1148 actu
1634 1127 1694 1148 non
1711 1127 1776 1156 pre·

279 1169 353 1190 mere
375 1162 544 1200 inferiores,
565 1168 675 1200 septem
697 1165 870 1202 argumentis
890 1167 1099 1205 sequentibus,
1121 1177 1193 1206 quae
1213 1169 1339 1206 Boyleus
1364 1176 1472 1206 septem
1497 1170 1634 1199 subnexis
1658 1178 1780 1207 respon-

273 1213 314 1242 sis
339 1213 455 1244 refellit.

314 1265 380 1301 obj.
405 1274 430 1295 1.
471 1264 548 1302 Quia
573 1274 656 1295 secus
687 1267 836 1298 inferiores
868 1277 962 1306 partes
995 1279 1083 1308 aquae
1109 1272 1255 1301 densiores
1288 1271 1384 1302 forent
1413 1272 1639 1309 superioribus,
1666 1271 1701 1301 ab
1731 1271 1780 1303 his

275 1317 383 1352 quippe
403 1316 679 1352 comprimerentur,
700 1325 726 1346 et
752 1320 1005 1351 condensarentur.

311 1367 397 1404 Resp.
438 1367 466 1396 Si
489 1369 679 1404 corpuscula,
711 1369 818 1404 quibus
839 1380 912 1407 aqua
935 1378 1069 1407 constat,
1098 1378 1245 1409 ponantur
1268 1370 1393 1408 perfecte
1426 1371 1519 1399 solida
1545 1376 1572 1399 et
1600 1370 1690 1406 dura,
1713 1379 1778 1400 cor-

272 1419 397 1453 puscula
421 1418 556 1447 inferiora
579 1420 668 1455 premi
689 1428 815 1456 possunt
839 1430 854 1449 a
876 1423 1000 1457 pondere
1021 1423 1221 1459 superiorum,
1250 1430 1301 1451 nec
1325 1429 1417 1450 tamen
1440 1421 1475 1449 ab
1497 1421 1533 1449 iis
1557 1421 1707 1456 comprimi
1737 1422 1783 1452 vel

274 1467 461 1504 condensari;
492 1471 730 1504 quemadmodum
754 1479 805 1499 nec
837 1472 869 1500 fit
892 1473 922 1500 in
946 1473 1117 1508 corporibus
1148 1472 1262 1501 solidis.
1302 1471 1363 1506 Et,
1391 1471 1416 1499 si
1447 1472 1505 1508 iam
1535 1480 1593 1500 non
1617 1473 1686 1501 adeo
1714 1481 1781 1509 per-

274 1516 350 1545 fecte
372 1517 440 1545 dura
463 1525 557 1547 essent
580 1520 628 1548 illa
649 1529 738 1556 aquae
759 1523 952 1558 corpuscula,
979 1524 1164 1552 condensatio
1192 1530 1287 1552 tamen
1314 1522 1492 1551 insensibilis
1520 1522 1616 1558 foret,
1645 1524 1780 1559 quemad·

275 1568 392 1596 modum
419 1568 609 1603 experimenta
636 1571 705 1601 satis
727 1572 860 1601 videntur
882 1572 1030 1608 evincere,
1052 1582 1154 1609 aquam
1174 1581 1233 1603 non
1257 1582 1345 1610 posse
1366 1581 1382 1601 a
1404 1573 1533 1610 potentia
1559 1574 1655 1610 aliqua
1676 1574 1784 1605 usitata

274 1619 451 1648 sensibiliter
468 1619 630 1655 comprimi.

315 1669 378 1703 Obj.
401 1678 428 1699 2.
470 1669 632 1698 Secundum
658 1672 784 1701 auctoris
808 1679 1005 1710 argumentum
1028 1680 1091 1710 est,
1114 1675 1194 1711 quod
1218 1676 1378 1704 urinatores
1402 1683 1462 1705 non
1479 1675 1608 1703 sentiunt
1627 1675 1683 1702 sub
1705 1681 1781 1710 aqua

273 1721 387 1755 pondus
410 1729 499 1756 aquae
522 1721 815 1758 superincumbentis.

1695 1775 1787 1815 Κεφ.

298 1852 352 1879 (ι)
372 1852 418 1874 vid.
441 1852 543 1880 Append.
557 1856 584 1877 nd
606 1856 684 1878 l’nrad.
706 1857 777 1882 Hydr.
802 1857 862 1883 App.
876 1856 894 1878 Ι-

295 1895 327 1919 (2
369 1892 422 1920 Quis
449 1895 546 1921 scriptor
570 1896 607 1917 ille
635 1903 755 1923 pei-recens
779 1897 862 1925 fuerit,
887 1903 916 1920 ex
941 1897 1010 1921 varlls
1030 1898 1139 1926 colligere
1167 1897 1231 1922 licet.
1284 1897 1405 1926 cuparum
1430 1897 1545 1920 senonum
1565 1902 1614 1925 sup.
1634 1896 1673 1921 eit.
1693 1896 1783 1925 nilne.

267 1938 360 1959 arguunt
379 1939 424 1954 tum
445 1939 550 1962 templ-19,
568 1943 614 1963 quo
632 1937 669 1958 hic
692 1938 798 1966 scripslt,
813 1943 860 1961 tum
876 1939 1035 1969 quaestiones,
1050 1947 1105 1968 qua}
1126 1944 1234 1962 memorat
1253 1939 1368 1966 Boyleus,
1391 1937 1489 1966 denique
1510 1935 1666 1966 objectiones,
1694 1943 1718 1960 et
1736 1941 1778 1961 n—

267 1977 344 2001 mero,
362 1980 383 1996 et
403 1973 457 2002 ipsis
481 1975 560 1998 verbis
583 1977 755 2002 convenientes.
