1913 2417
369 133 869 165 COMMENTATro
928 132 1286 162 ssOTANrCA.
1563 140 1578 169 Ὺ

61 228 154 257 usque
178 219 380 254 continuatas,
399 227 501 248 verum
524 218 605 246 etiam
631 205 680 253 per
705 218 890 252 plantarum,
913 218 1000 253 pleno
1023 216 1121 252 vigore
1148 215 1312 244 fruentibus
1340 214 1419 243 foliis
1449 214 1573 243 instruc·

61 280 171 304 tarum..
203 271 231 300 in
251 279 324 306 aqua
351 270 566 298 macerationem
598 268 823 304 diuturniorem
853 270 919 296 dum
944 268 995 296 hac
1021 267 1187 303 operatione
1220 265 1383 302 Epidermis
1408 271 1435 293 et
1464 266 1572 294 Cortex

60 326 96 357 de
120 323 238 360 petiolis
263 329 290 350 et
318 330 395 349 mmo
422 320 544 355 recedit,
573 319 764 356 parcncliytna
788 328 885 349 eorum
910 319 1041 355 diffluit,
1071 327 1137 349 vasa
1161 326 1229 347 vero
1255 318 1349 354 lignea
1373 325 1387 345 e
1407 316 1524 353 petiolis
1546 317 1576 346 in

60 384 195 405 truncum
221 373 358 402 contInua
384 379 539 408 supersunt
564 373 644 408 (5).

102 427 159 456 His
183 426 274 462 igitur
297 424 331 452 de
359 425 459 462 asserti
483 423 619 458 veritate,
650 432 744 452 veram
765 431 867 459 nempe
891 423 964 451 inter
995 421 1083 450 caulis
1114 420 1314 450 adscendentis
1339 426 1426 456 atque
1447 418 1574 455 petiolo-

63 468 127 507 rum
152 477 265 513 lignum
289 475 387 504 adesse
412 474 681 511 continuationem,
712 475 842 511 illudque
867 474 934 503 huic
960 480 1054 503 ortum
1079 473 1230 510 praebere,
1252 471 1323 501 satis
1346 477 1491 507 superque
1508 478 1579 499 cou-

60 536 136 558 stare
160 527 287 555 videtur.

101 580 266 614 Antequam
287 583 380 606 autem
407 577 547 613 indicem,
570 579 719 614 quomodo
740 587 774 607 ex
799 579 855 607 hoe
879 578 985 606 sceieto
1012 578 1076 614 ipse
1100 577 1148 606 fiat
1173 571 1319 613 petiolus‚
1347 573 1471 610 primum
1498 580 1584 601 mon·

62 631 218 670 ‚strandum
235 635 298 664 est,
329 630 476 665 quomodo
501 628 571 657 fibra
595 629 644 657 illa
665 630 777 666 lignea,
809 629 1044 658 anastomosibus
1078 628 1184 656 crebris
1210 633 1238 656 et
1262 627 1320 655 teia
1347 626 1488 654 celluiosa
1516 632 1582 652 cum

64 683 174 718 reliqua
197 680 330 709 fibrarum
362 680 519 717 lignearum
544 689 683 718 compage
713 682 870 718 conjuncta
880 702 894 716 ,.
920 681 1008 709 situm
1041 680 1194 715 obliquum
1222 677 1368 713 acquirere
1393 683 1420 705 et
1444 676 1480 705 ad
1501 681 1578 704 exte·

65 733 140 762 riora
159 738 306 769 penetrare
329 732 434 768 possit.
1304 720 1308 722 ‚

105 784 206 822 Quum
231 791 344 818 semper
365 782 426 817 ibi,
455 782 507 810 ubi
531 783 667 819 expansio
694 783 723 810 in
748 783 855 818 plantis
880 783 977 811 iocum
1011 781 1114 809 habere
1138 779 1247 814 debet,
1277 777 1440 807 contractio
1471 784 1587 813 praece·

66 836 115 864 dat
134 835 223 872 (6),
246 833 313 862 talis
334 833 438 868 etiam,
468 833 519 861 ubi
541 833 641 869 petioli
657 833 788 862 evolutio
812 833 988 861 instituenda
1016 839 1076 867 est,
1099 831 1268 867 requiritur.
1308 828 1396 857 Hunc
1422 828 1452 856 in
1477 827 1584 862 finem,

65 886 102 915 ad
126 893 189 914 eum
214 885 310 913 locum
330 905 341 920 ,
372 883 514 913 ubiubi-a
542 885 636 921 lignea
660 892 807 920 erumpere
829 884 942 919 debet,
971 883 1001 912 in
1031 882 1150 912 Cortice
1183 881 1327 910 formatur
1358 879 1472 913 nodus,
1502 886 1586 914 quem

67 936 147 966 Galli
171 935 318 964 bourrelet
341 934 443 964 dicunt
457 956 467 971 ‚
490 936 536 964 vel
557 935 739 964 tuberculum
763 936 919 971 quoddam.
963 934 1000 963 Hi
1023 935 1092 962 nodi
1112 942 1163 962 sua
1188 939 1291 969 sponte
1307 952 1317 966 ‚
1345 939 1394 966 per
1412 931 1469 958 vim
1495 936 1589 958 struc-

66 993 146 1016 turae
165 987 211 1015 vel
232 985 356 1014 fabricae
385 987 570 1022 plantarum,
596 987 627 1015 in
651 987 770 1015 Cortice
794 987 975 1021 formantur,
1004 992 1032 1013 et
1054 985 1084 1013 in
1107 985 1241 1020 plurimis
1267 982 1375 1018 plantis
1395 981 1469 1009 infra
1499 981 1582 1008 ilium

67 1039 190 1072 locum,
211 1036 262 1064 ubi
287 1036 393 1064 folium
418 1037 486 1065 oriri
510 1037 611 1073 debet,
641 1038 848 1073 inveniuntur,
879 1038 908 1066 in
932 1037 968 1065 iis
990 1045 1078 1071 vero,
1108 1043 1180 1071 quae
1212 1034 1293 1063 foliis
1322 1033 1481 1061 instructae
1515 1037 1585 1059 sunt

67 1087 242 1122 sessiIibus,
265 1086 437 1116 observante
454 1088 634 1118 Wildcnmvio
662 1090 750 1127 (7),
774 1098 836 1118 raro
859 1089 958 1117 adesse
978 1088 1082 1116 solent.
1125 1086 1159 1115 In
1182 1087 1287 1114 horum
1319 1084 1484 1118 nodorum,
1519 1090 1578 1111 non

67 1140 131 1171 sine
163 1138 328 1176 symmetria
352 1138 382 1167 in
403 1139 564 1175 plantarum
586 1141 706 1170 Cortice
729 1140 965 1177 dispositorum,
990 1139 1040 1167 sed
1064 1138 1228 1175 egregium,
1257 1145 1273 1165 a
1294 1134 1491 1171 dispositione
1518 1132 1586 1161 retis

65 1192 229 1231 plantarum
254 1190 404 1220 vasculosi
426 1191 619 1228 pendentem,
645 1192 772 1221 ordinem
795 1191 998 1227 sequentium,
1021 1195 1198 1219 structuram
1225 1186 1423 1222 inquirentes,
1445 1193 1493 1213 eos
1516 1191 1586 1211 con-

64 1248 145 1282 ⁴stare
175 1242 414 1279 deprehendimus
435 1250 450 1270 e
467 1242 618 1272 Contextu
641 1243 785 1272 celluloso
803 1248 977 1279 compacto,
1001 1241 1084 1270 initia
1108 1247 1243 1270 vasorum
1264 1242 1457 1267 succosorum
1476 1241 1503 1262 et
1526 1234 1587 1271 spi-

66 1292 170 1321 talium
193 1294 440 1322 accumulatorum
465 1294 626 1322 contInenti
655 1294 735 1331 (8).

105 1341 159 1370 Pel·
181 1343 273 1369 hosce
295 1343 412 1378 nodos,
445 1345 494 1379 qui
518 1345 725 1381 conceptacula
746 1350 775 1373 et
804 1352 908 1381 organa
930 1343 1107 1372 secernentia
1136 1342 1284 1377 liquorum
1308 1336 1470 1367 evolutioni
1501 1335 1591 1366 folio-

66 1399 130 1423 rum
161 1391 371 1420 destinatorum
403 1401 466 1422 esse
493 1395 628 1424 videntur
650 1397 737 1428 (9),
766 1396 854 1420 modo
887 1394 987 1427 aliquo
1017 1392 1104 1422 nobis
1133 1392 1284 1428 incognito
1308 1390 1338 1418 in
1370 1394 1429 1416 rete
1451 1389 1585 1416 vasculo-

66 1449 154 1476 sum,
183 1448 198 1469 e
221 1447 280 1475 quo
305 1439 434 1476 Lignum
458 1447 594 1478 constat,
621 1448 739 1478 agentes
766 1442 907 1479 separatio
934 1449 960 1471 et
993 1451 1123 1472 recessus
1149 1443 1237 1471 fibrae
1264 1442 1395 1478 lignosae
1425 1447 1512 1475 snpra
1542 1439 1590 1467 de-

66 1492 193 1530 scriptae
215 1490 426 1522 instituuntur.

1491 1540 1591 1578 Quum

95 1638 148 1666 (5)
163 1637 217 1661 Vid.
237 1638 264 1660 G.
283 1637 377 1666 Vrolik,
395 1638 537 1659 Dissertatio
562 1637 782 1660 Medico-comma
810 1638 890 1658 sistens
919 1638 1088 1660 Observationes
1116 1638 1142 1658 de
1169 1637 1326 1664 Defoliationo
1355 1633 1522 1662 Vegetabilt'um
1544 1638 1588 1660 en,

64 1684 122 1708 pag.
135 1685 172 1706 30-
191 1680 262 1707 Lugd.
279 1680 327 1702 Bat.
343 1681 405 1707 1796.

99 1719 154 1748 (6)
167 1721 220 1743 Vid.
235 1721 358 1748 Spengel,
374 1727 419 1741 vom
438 1721 488 1742 Bau
509 1719 555 1740 und
574 1719 614 1740 der
633 1720 711 1742 Narm-
730 1719 770 1740 der
790 1720 923 1749 Gewiifflse,
941 1728 994 1749 pag.
1006 1727 1057 1748 490,

97 1761 152 1790 (7)
166 1761 301 1790 mamm,
325 1762 449 1783 Grnna'riss
470 1762 510 1782 der
530 1761 722 1790 Krrueerkuneu,
740 1762 816 1784 Berlin
833 1763 898 1785 1810.
917 1769 967 1790 pag.
983 1764 1035 1788 358.

99 1802 152 1832 (⁸)
166 1803 287 1831 Spungal,
305 1809 351 1824 vom
362 1804 412 1824 Bau
425 1809 467 1826 etc.
479 1810 529 1832 pag.
542 1810 594 1833 474.
621 1805 658 1825 Du
679 1803 774 1833 Ilamel,
788 1803 897 1830 Pluyu'qne
915 1803 950 1823 des
967 1803 1061 1831 arbres,
1081 1801 1141 1825 Paris
1156 1803 1218 1828 1753.
1241 1802 1299 1824 Part.
1319 1800 1338 1823 1.
1361 1805 1411 1829 pag.
1427 1803 1474 1825 123.
1502 1799 1594 1828 „Opus

74 1845 150 1875 „hoc
172 1844 296 1867 immortale
314 1845 351 1866 Du
371 1845 487 1873 numelli,
503 1845 577 1874 inqnit
595 1845 751 1874 Sprengelius,
772 1844 890 1866 Historiae
904 1845 948 1865 Rei
962 1844 1107 1872 Herhan'ae,
1134 1845 1202 1866 Tom.
1220 1843 1250 1866 11.
1270 1848 1322 1870 pag.
1333 1847 1384 1869 407.
1406 1846 1441 1864 tot
1461 1839 1593 1867 compreen-

68 1892 92 1914 *,.
104 1890 143 1908 tur
160 1885 256 1908 eximin
268 1885 436 1913 disquisitiones
448 1902 456 1914 ‚
479 1892 512 1909 rot
531 1887 600 1909 solvit
619 1887 701 1914 dubia,
719 1891 778 1908 tuma
797 1886 954 1914 conscriptum
973 1890 1008 1910 est
1026 1886 1127 1910 claritate
1150 1891 1173 1910 ct
1195 1884 1302 1909 facundia
1317 1899 1324 1912 ‚
1346 1889 1371 1907 ut
1390 1880 1478 1909 ingenii
1502 1879 1595 1905 humaui

64 1935 94 1955 -2
105 1925 193 1949 munte
207 1927 322 1954 fprflebeat
338 1934 514 1951 monumentum.
528 1929 544 1940 ”

96 1967 149 1996 (2)
165 1967 218 1992 Vld.
235 1967 372 1997 Senmhter,
387 1969 526 1998 physiologia
541 1969 659 1998 Veguale,
679 1969 745 1992 Tom.
760 1969 775 1992 1.
798 1973 849 1998 pag.
865 1968 917 1995 ³98·
