1913 2417
276 200 662 236 COMMENTATIO
693 211 743 232 AD
772 201 1146 241 QUAESTIONEM
1167 200 1459 240 JURIDICAM.
1591 209 1627 241 77

118 287 254 316 cultatem
285 288 315 316 in
341 288 546 316 communibus
580 287 665 316 bonis
697 286 942 316 administrandis.
990 286 1021 314 Si
1047 292 1139 314 autem
1167 285 1282 315 Absens
1316 287 1424 323 conjux
1454 285 1624 320 revertitur,

113 343 144 367 ea
168 339 266 366 saltem
295 340 400 368 nullam
435 340 565 376 injuriam
598 337 743 373 accepisse
773 338 944 372 vicit-bitur,
978 345 1065 371 cum,
1094 337 1205 365 etiamsi
1236 336 1399 372 adfuisset,
1428 336 1494 364 haec
1531 336 1626 364 omnia

116 397 209 425 aequo
230 390 325 418 animo
346 391 403 425 pati
427 390 592 417 debuisset:
616 389 641 416 si
662 396 728 416 vero
750 396 809 417 non
835 389 947 422 redeat,
976 394 1002 415 et
1026 388 1062 415 ab
1085 387 1234 415 heredibus
1261 393 1336 416 certa
1367 388 1471 416 indicia
1504 387 1538 415 de
1564 388 1624 415 Ab·

116 441 207 469 'sentis
232 447 323 468 morte
341 439 514 474 afferamur,
535 440 614 468 hisce
639 440 709 467 satis
738 445 923 474 prospectum
948 438 1001 466 erit
1024 438 1184 466 inventario
1211 438 1244 466 de
1268 438 1352 466 rebus
1378 438 1534 466 mobilibus
1555 446 1626 466 con-

113 490 213 525 fecto,
241 497 269 518 et
294 491 512 525 instrumentis,
541 491 614 519 unde
639 491 673 518 de
703 489 902 518 immobilibus
933 495 1066 517 constare
1097 489 1216 524 possit3
1247 497 1311 517 cum
1344 489 1462 525 insuper
1490 489 1626 517 cautione

110 541 265 578 praestita,
289 548 320 569 ut
339 541 517 575 vidtbimus,
539 550 570 570 se
593 541 760 570 adstrictum
791 540 894 569 sentiet
921 540 1061 574 maritus,
1082 547 1114 568 ut
1136 539 1299 575 probabiles
1321 540 1475 575 aliqnando
1499 540 1624 568 rationes

112 593 211 621 uxoris
236 592 388 620 heredibus
410 592 524 627 reddat,
547 593 570 620 si
591 600 621 620 ea
642 592 705 620 dein
727 600 785 620 non
806 597 974 620 revertatur.
1014 591 1140 619 Tandem
1164 598 1231 618 vero
1249 591 1278 618 in
1299 591 1376 618 omni
1403 591 1456 619 hac
1477 591 1626 626 quaestio·

111 650 147 673 ne
169 644 259 679 probe
282 647 431 671 tenentium
458 650 518 678 est,
549 644 740 680 legislatorem
771 643 861 679 magis
893 641 1031 671 Absentis
1064 642 1156 678 ipsius
1180 642 1330 670 commoda
1363 647 1428 669 aute
1449 643 1551 669 oculos
1575 641 1624 669 ha-

110 693 229 728 buisse,
250 702 338 729 quam
364 694 517 730 heredum3
539 695 686 729 adeoque,
715 702 781 722 cum
807 694 869 729 ipse
891 693 1004 721 Absens
1032 693 1096 720 inde
1123 692 1323 720 detrimentum
1347 700 1406 720 non
1431 692 1544 727 capiat,
1564 691 1622 720 imo

109 747 178 773 'cum
201 745 367 779 plerumque
390 745 413 773 ei
434 752 567 780 noceret,
597 745 620 773 si
647 745 740 773 mariti
766 744 932 781 superstitis
964 749 1093 779 potestas
1124 750 1241 770 eatenus
1271 749 1346 770 esset
1371 743 1520 777 restricta,
1544 743 1624 778 quis-

110 797 167 831 que
188 796 286 831 videt,
315 796 498 825 commodum
527 796 657 825 heredum
690 797 737 824 bic
767 796 803 824 ad
837 795 1033 831 quaestionem
1066 793 1246 822 decidendam
1281 799 1392 822 tantum
1425 793 1539 828 pondus
1562 800 1622 821 non

107 845 218 876 affirre.
981 852 984 854 ·

150 898 229 926 Haec
252 898 286 926 de
308 898 410 927 marito
436 900 611 936 superstite:
639 907 667 929 at
691 898 717 929 si
742 906 814 929 uxor
836 905 982 935 superstes
1012 897 1247 926 communionem
1274 898 1461 931 continuare,
1492 901 1540 924 aut
1561 894 1622 923 dis-2

110 949 222 978 solvere
253 951 340 985 velit,
369 957 434 978 ante
459 952 556 981 omnia
584 951 774 981 necessarium
803 951 936 984 videtur,
965 957 998 978 ut
1022 949 1129 986 judicis
1155 949 1325 977 auctoritate
1347 949 1384 977 sit
1409 947 1535 976 munita:
1557 954 1622 974 nam

109 1000 212 1029 mulier
234 1007 324 1037 nupta
350 1002 587 1037 (matrimonium
611 992 704 1031 autefn
733 1009 852 1038 propter
882 1002 1048 1029 Absentiam
1080 1009 1140 1029 non
1172 1000 1345 1028 dissolutum
1372 999 1544 1035 censetur),
1574 996 1626 1024 ubi

112 1051 232 1080 maritus
254 1053 452 1081 auctoritatem
476 1060 618 1088 praestare
640 1053 761 1088 nequit,
782 1052 892 1088 indiget
914 1052 1083 1079 auctoritate
1098 1051 1223 1088 judicis,
1249 1057 1281 1078 ut
1306 1051 1358 1078 rite
1371 1049 1537 1078 contrahere
1554 1055 1624 1082 pos-

109 1101 171 1135 sit,
194 1108 279 1137 atque
303 1111 335 1130 ex
354 1110 505 1132 contractu
523 1103 632 1132 oriatur
652 1103 808 1138 obligatio:
833 1102 973 1138 quicquid
997 1109 1090 1130 autern
1118 1101 1220 1129 mulier
1246 1101 1379 1137 elegerit,
1409 1100 1470 1128 sive
1494 1105 1624 1127 commu-

109 1152 207 1181 nionis
229 1152 496 1189 continuationem,
519 1154 578 1182 sive
601 1153 842 1187 dissolutionem,
863 1161 975 1188 semper
997 1161 1027 1181 se
1053 1151 1203 1187 obligabit.

150 1203 181 1231 Si
206 1212 274 1232 vero
296 1204 510 1233 communionis
532 1204 805 1232 administrationem
840 1211 922 1232 nacta
948 1211 1006 1238 est,
1036 1211 1070 1231 eo
1093 1202 1158 1237 ipso
1181 1201 1349 1230 facultatem
1373 1201 1519 1238 accepisse
1541 1201 1618 1230 vide-

111 1259 161 1282 tur
185 1255 278 1282 omnia
311 1255 424 1291 negotia
454 1255 606 1290 peragendi
637 1255 698 1283 sine
726 1255 816 1282 ullius
841 1254 1029 1282 auctoritate:
1058 1253 1123 1281 licet
1150 1261 1235 1281 secus
1269 1252 1328 1287 sit,
1357 1261 1423 1281 cnm
1454 1252 1564 1288 judicio
1593 1259 1623 1281 se

112 1305 216 1333 sistere
242 1304 342 1339 debet,
364 1311 413 1333 aut
432 1305 465 1332 de
482 1305 678 1334 immobilibus
696 1305 851 1334 alienandis
872 1304 976 1340 agitur.
1018 1303 1104 1334 Tunc
1126 1304 1221 1337 enim,
1251 1303 1276 1332 si
1298 1311 1341 1331 res
1365 1303 1526 1331 immobiles
1553 1311 1625 1331 uxo-

109 1354 150 1384 ris
179 1355 309 1390 propriae
329 1356 409 1390 sint,
438 1357 593 1384 auctoritas
621 1356 727 1392 judicis
754 1355 910 1384 secundum
948 1361 1012 1383 art.
1041 1363 1107 1383 22⁴2.
1140 1362 1167 1382 et
1195 1363 1263 1391 arg.
1288 1360 1350 1383 art.
1378 1357 1460 1391 1449.
1494 1353 1624 1382 sufficere

108 1405 239 1434 videtur:
267 1412 295 1434 at
318 1407 344 1434 si
368 1406 530 1435 immobiles
555 1406 648 1434 mariti
673 1406 805 1442 propriae
830 1407 909 1442 sint,
938 1412 986 1434 aut
1013 1406 1047 1433 ad
1076 1406 1306 1433 communionem
1339 1405 1519 1440 pertineant,
1550 1412 1624 1438 quo-

99 1456 181 1485 'niam
205 1456 272 1484 haec
297 1457 382 1485 bonis
412 1457 504 1485 mariti
532 1457 674 1486 accenseri
701 1457 795 1486 solent
829 1458 949 1485 durante
973 1464 1204 1490 communione,
1232 1464 1325 1483 earum
1361 1462 1470 1483 tantum
1503 1453 1622 1482 admini-

108 1506 275 1534 strationem
301 1514 382 1535 nacta
403 1514 554 1543 censetur,
582 1516 676 1543 neque
697 1507 765 1542 plus
792 1508 865 1544 juris
895 1508 925 1536 in
949 1516 995 1536 eas
1025 1506 1238 1543 acquisIVisse,
1272 1514 1356 1543 quam
1379 1506 1512 1535 haberent
1538 1506 1615 1533 here-

109 1554 177 1590 des,
199 1562 226 1584 et
251 1557 337 1585 ceteri
360 1566 459 1587 omnes
480 1558 511 1587 in
532 1559 748 1596 possessionem
777 1558 858 1587 missi
882 1557 981 1594 (13).

819 1649 849 1687 ς.
889 1649 920 1679 6.

148 1723 224 1755 Cum
248 1735 315 1755 vero
333 1726 361 1755 in
380 1721 401 1756 f.
418 1733 478 1758 art.
492 1735 555 1763 1²4·
573 1727 681 1757 mentio
696 1730 806 1756 tanturn
821 1726 869 1755 fiat
884 1725 1029 1755 cautionis
1051 1733 1065 1753 a
1089 1725 1213 1763 conjuge
1236 1726 1389 1761 sunem-tite
1412 1725 1610 1761 praestandae,

111 1775 136 1805 εἰ
152 1778 382 1806 communionem
404 1779 546 1808 bonorum
571 1780 739 1809 continuare
754 1775 847 1812 nolit,
868 1784 895 1806 et
911 1777 952 1806 sic
967 1777 1031 1804 talis
1044 1777 1141 1805 cautio
1161 1776 1263 1811 requiri
1280 1785 1338 1804 non
1357 1777 1503 1811 videatur,
1522 1784 1613 1812 qnan-

108 1826 147 1854 do
168 1829 274 1864 conjux
297 1837 312 1856 e
336 1830 539 1859 communione
564 1839 621 1858 non
646 1829 787 1864 discedit,
811 1827 907 1864 quaeri
934 1828 1028 1856 solut:
1052 1835 1086 1855 an
1109 1827 1315 1856 communione
1339 1828 1506 1856 continuata
1525 1827 1619 1855 nihilo

108 1875 204 1906 mInus
234 1878 377 1916 Absenti,
406 1882 503 1918 ejusve
529 1878 680 1909 heredibus
706 1879 864 1909 cavendum
897 1878 958 1906 sit?
1006 1878 1149 1907 Cautione
1171 1887 1230 1907 non
1256 1887 1330 1915 opus
1355 1887 1418 1907 esse
1437 1879 1617 1907 contendunt

1546 1926 1621 1957 Del-

134 2004 203 2034 (18)
224 2006 277 2031 Vid-
299 2007 452 2035 Spancenhrg
466 2024 474 2036 ,
496 2009 525 2032 ad
548 2012 589 2032 m.
610 2012 660 2034 ¹²4·
688 2012 737 2032 not.
757 2013 780 2035 5.
803 2008 832 2030 nd
849 2006 889 2030 fin.
917 2011 941 2028 et
970 2005 1132 2034 nerviacum,
1158 2013 1182 2034 p.
1201 2009 1249 2036 ³4⁸·
1272 2006 1295 2030 in
1320 2011 1370 2029 not·
1400 2007 1450 2029 init.
1485 2003 1614 2031 Pronihw,

108 2049 130 2074 P·
147 2047 196 2073 αὖε

913 2087 939 2116 Κ
959 2096 974 2125 3
