1913 2417
255 201 291 239 46
591 191 1425 232 P.J.UYLENBROEK

270 280 417 315 ostendit,
453 287 559 315 corpus
584 279 781 314 quodcunque
812 277 1015 313 cujuscunque
1039 278 1186 313 materiae,
1212 278 1262 307 sed
1289 286 1362 314 aqua
1385 278 1544 314 densioris,
1572 287 1771 317 quamcunque

264 332 392 369 accipiat
422 331 564 365 formam,
594 337 683 366 aquae
711 329 894 364 immersum,
924 337 1035 365 semper
1060 330 1173 358 eandem
1198 331 1257 366 pati
1283 330 1417 366 ponderis
1435 331 1594 368 J‘acturarn,
1616 332 1772 361 dummodo

266 392 384 419 semper
414 382 508 411 omnia
530 387 638 417 puncta
666 379 827 415 superficiei
861 380 947 408 istius
976 381 1107 416 corporis
1142 380 1261 409 fluidum
1286 387 1425 418 tangant,
1455 383 1638 418 densitasque
1669 391 1774 418 corpo-

263 435 306 464 ris
332 443 390 464 non
411 440 549 462 mutetur.
591 431 667 460 Hinc
693 439 744 467 per
771 439 800 459 se
828 437 924 466 patet,
949 432 1171 467 experimentum
1196 432 1370 469 Hesselingii
1398 436 1463 462 cum
1489 434 1576 462 situla
1600 441 1710 462 ceracea
1733 434 1776 462 nil

267 487 333 516 miri
358 485 508 520 exhibere,
538 484 586 513 sed
616 482 646 511 id
671 482 751 518 quod
773 481 974 519 Hesselingius
997 482 1032 510 de
1051 491 1084 511 eo
1106 490 1219 520 narrat,
1248 492 1345 513 verum
1371 491 1398 513 et
1420 491 1536 514 naturae
1563 493 1626 514 esse
1655 492 1777 514 consen-

260 544 387 567 maneum.

304 588 351 617 Ex
373 587 419 616 his
442 585 643 623 experimentis
664 586 766 621 ¹itaque
789 584 975 614 manifestum
993 590 1057 620 est,
1078 593 1185 622 corpus
1209 587 1283 615 idem
1299 587 1355 615 sub
1372 595 1557 623 quacumque
1575 586 1667 615 forma
1685 594 1773 622 aquae

262 639 452 673 immersum,
473 645 583 672 semper
610 637 723 665 eandem
748 637 807 673 pati
831 635 966 672 ponderis
986 637 1124 673 jacturam
1149 638 1184 666 P.
1219 638 1282 674 Jam
1305 646 1372 667 vero
1390 637 1555 673 quaeritur,
1578 645 1715 673 quantum
1734 637 1775 666 sit

262 691 339 719 illud
360 689 475 726 pondus
498 688 543 717 P?
571 695 654 716 nemo
679 696 738 717 non
762 687 969 724 respondebit,
998 689 1115 723 pondus
1139 688 1161 717 P
1183 697 1302 724 aequare
1329 689 1444 724 pondus
1468 689 1636 724 quantitatis
1659 696 1748 724 aquae
1763 708 1775 723 ,

263 740 464 770 mathematice
484 739 616 775 -aequalis
639 739 778 767 volumini
803 739 934 775 corporis
959 738 1095 770 immersi.
1135 740 1224 768 Porro
1250 741 1415 776 quaeritur,
1445 739 1558 768 ubinam
1582 740 1717 768 manserit
1741 738 1777 766 il·

264 793 317 822 lud
339 792 475 829 pondus,
497 791 577 826 quod
590 790 693 818 ‘bilanx
709 797 767 818 non
790 790 914 826 amplius
934 790 1077 819 sustinere
1090 790 1208 820 debuit?
1249 791 1295 820 An
1318 790 1427 827 periit?
1458 800 1494 820 an
1513 791 1689 819 destructum
1707 789 1776 818 est?

260 844 334 874 Non
360 852 436 872 sane.
478 842 543 870 Hoc
568 841 596 869 in
620 847 720 869 natura
744 840 805 868 fieri
831 841 941 876 nequit.
981 841 1065 869 Nihil
1088 842 1182 878 perit,
1212 842 1260 870 sed
1281 842 1423 878 quidquid
1447 842 1481 870 ab
1509 851 1564 870 una
1587 848 1666 878 parte
1689 840 1778 869 demi-

260 901 331 931 tur,
351 894 431 922 alteri
453 892 529 929 parti
552 891 675 920 additur.
716 891 823 920 Denuo
845 892 940 927 itaque
957 892 1121 927 quaeritur,
1143 893 1193 920 ubi
1217 893 1331 928 pondus
1349 893 1420 921 illud
1442 893 1598 922 manserit?
1641 892 1777 929 Respon-

261 947 312 974 det
337 946 463 974 Aeneae:
487 943 590 980 premit
611 943 667 979 jam
692 942 721 970 in
746 942 868 970 fundum
896 943 996 978 vasis,
1026 943 1073 972 cui
1097 944 1258 972 immersum
1287 950 1330 972 est
1359 951 1483 979 corpus:
1515 944 1632 973 cundem
1658 944 1715 972 edit
1735 942 1775 971 ef-

260 996 371 1024 fectum
395 995 424 1023 in
445 994 519 1023 illud
544 1002 594 1022 vas
603 1013 616 1028 ,
637 1001 670 1022 ac
700 993 725 1021 si
751 992 897 1028 quantitas
924 1001 1015 1029 aquae
1038 994 1164 1031 ejusdem
1193 994 1349 1023 voluminis
1373 1002 1405 1022 ac
1429 993 1561 1031 corporis
1582 994 1707 1024 immersi
1729 994 1777 1022 aj-

258 1047 320 1076 dita
341 1047 457 1074 fuisset.

300 1097 366 1126 Hoc
387 1098 444 1134 jam
472 1095 676 1132 experimentis
700 1094 803 1131 probat
819 1095 898 1124 doct.
921 1094 1051 1131 Aeneae,
1072 1100 1100 1124 et
1121 1096 1234 1131 quidem
1258 1096 1360 1133 incipit
1379 1105 1394 1125 a
1412 1097 1565 1133 sequenti3
1588 1095 1693 1126 sumsit
1714 1103 1780 1124 ean·

260 1149 327 1178 dem
355 1147 515 1182 bilancem,
545 1148 630 1184 quus
654 1153 710 1182 ope
733 1145 828 1182 priora
846 1146 1035 1182 experimenta
1062 1147 1240 1183 instituerat,
1269 1154 1296 1176 et
1319 1149 1402 1185 cujus
1426 1149 1535 1177 lancem
1567 1148 1701 1182 alteram,
1730 1146 1779 1175 cui

259 1208 371 1237 corpus
395 1205 452 1228 erat
483 1198 616 1233 affixum,
646 1198 682 1233 l,
719 1197 832 1226 alteram
861 1207 888 1226 m
911 1204 1078 1233 vocaverat,
1108 1198 1190 1234 eique
1217 1199 1348 1235 proxime
1370 1199 1506 1236 appendit
1531 1199 1613 1228 aliam
1636 1196 1797 1227 bilancem'

261 1252 352 1288 paulo
373 1251 533 1288 maj0rem,
560 1255 587 1278 et
612 1249 725 1284 quidem
751 1249 808 1284 ita,
837 1255 870 1277 ut
894 1250 957 1286 eJ'us
982 1251 1046 1279 lanx
1069 1249 1095 1278 L
1117 1250 1201 1279 facile
1221 1250 1275 1279 sub
1301 1251 1383 1280 lance
1402 1251 1417 1279 l
1437 1250 1542 1286 prioris
1567 1249 1688 1279 bilancis
1709 1248 1781 1278 sub·

264 1302 376 1332 moveri
403 1308 514 1338 posset.
562 1300 628 1329 Hoc
660 1299 759 1335 facto,
785 1309 892 1337 corpus
915 1310 1003 1337 supra
1027 1308 1234 1337 memoratum,
1264 1302 1314 1330 sed
1342 1303 1398 1338 jam
1427 1303 1517 1329 forma
1540 1301 1627 1335 coni,
1656 1299 1781 1337 cylindri

262 1352 311 1381 vel
337 1352 405 1381 cubi
430 1352 590 1386 donatum,
615 1359 650 1379 ex
680 1351 762 1379 lance
784 1351 798 1379 Ι
816 1352 977 1387 dependens
1003 1352 1032 1380 in
1062 1354 1126 1381 aete
1150 1361 1214 1380 cum
1245 1359 1388 1381 sacomate
1417 1352 1446 1380 in
1471 1351 1642 1387 aequilibrio
1671 1351 1782 1380 consti-

264 1402 334 1432 tuit.
373 1402 463 1431 Porro
486 1411 537 1431 vas
559 1410 661 1438 aquam
687 1402 838 1431 continens
865 1402 1006 1439 imposuit
1036 1403 1109 1432 lanei
1135 1403 1189 1438 L,
1212 1410 1239 1432 et
1262 1404 1357 1432 itidem
1381 1402 1582 1438 aequilibrium
1610 1401 1778 1438 quaesivit,

267 1459 414 1482 sacomate
438 1454 572 1489 ponendo
596 1454 625 1481 in
649 1454 729 1481 lance
749 1453 794 1483 M.
832 1454 894 1491 Jam
920 1455 948 1483 in
969 1461 1092 1490 utraque
1118 1454 1229 1483 bilance
1249 1454 1453 1490 aequilibrium
1478 1453 1597 1483 obtinet.
1637 1453 1715 1482 Turn
1734 1460 1781 1481 ve-

265 1512 300 1533 ro
322 1504 470 1533 submovit
491 1505 598 1532 lancem
621 1504 648 1532 L
673 1504 728 1532 sub
753 1504 834 1533 lance
854 1505 881 1540 l,
904 1511 932 1533 et
951 1514 1071 1542 corpore
1093 1514 1182 1541 aquae
1206 1506 1358 1540 immerso,
1381 1505 1475 1534 statim
1499 1505 1530 1534 in
1548 1500 1669 1540 utraque
1692 1505 1786 1534 bilan‘-

264 1563 300 1584 ce
317 1555 518 1591 aequilibrium
543 1555 599 1583 fuit
628 1556 821 1584 destructum.
875 1556 934 1584 vSed
959 1557 1058 1592 posito
1083 1563 1225 1586 sacomate
1247 1556 1268 1585 P
1291 1556 1320 1584 in
1342 1557 1422 1585 lance
1446 1557 1476 1592 l,
1505 1562 1532 1585 et
1556 1557 1613 1585 alio
1642 1561 1784 1584 sacomate

269 1606 293 1635 P
319 1607 348 1636 in
373 1607 453 1635 lance
477 1606 531 1642 M,
560 1606 762 1641 aequilibrium
788 1605 817 1634 in
841 1612 962 1642 utraque
989 1607 1103 1635 »bilance
1134 1607 1191 1635 fuit
1220 1606 1396 1636 restitutum.
1441 1607 1542 1643 Itaque
1573 1615 1680 1644 corpus
1711 1613 1785 1643 pon·

272 1658 351 1686 deris
369 1658 508 1694 jacturam
532 1657 554 1686 P
574 1665 694 1693 >passum
723 1656 778 1684 fuit
793 1677 803 1692 ‚
833 1663 860 1685 et
884 1665 933 1686 vas
958 1666 1047 1693 aquae
1067 1658 1192 1694 ejusdem
1215 1657 1349 1693 ponderis
1371 1658 1392 1687 P
1418 1646 1636 1687 lucrementum.
1733 1691 1737 1695 .

315 1708 380 1737 Hoc
402 1708 557 1737 bilancium
579 1714 703 1744 systema
720 1715 789 1736 cum
809 1708 871 1736 suis
889 1709 1083 1745 ponderibus,
1106 1715 1174 1745 post
1197 1709 1396 1744 aequilibrium
1414 1709 1443 1737 in
1465 1710 1548 1744 aere,
1569 1708 1628 1736 duo
1643 1706 1786 1735 sacom'ata

274 1757 298 1786 Ρ
320 1760 458 1787 lucratum
481 1765 547 1795 est3
571 1759 637 1788 haec
663 1759 776 1795 quidem
801 1765 900 1788 contra
923 1768 954 1788 se
975 1760 1096 1789 invicem
1127 1766 1232 1797 agunt:
1261 1761 1309 1789 sed
1333 1768 1393 1789 non
1416 1760 1573 1796 requiritur
1600 1764 1784 1794 augmentum

279 1809 407 1837 duorum
434 1816 609 1838 sacomatum
633 1811 667 1839 ad
693 1810 896 1846 aequilibrium
918 1812 1137 1841 restituendum.
1178 1811 1310 1845 Etenim,
1335 1811 1388 1847 (et
1418 1811 1473 1838 hoc
1498 1817 1542 1838 est
1567 1810 1682 1838 alterum
1701 1817 1784 1846 expe-

281 1859 458 1894 rimentum)
488 1861 622 1889 omnibus
646 1868 678 1890 ut
708 1862 737 1890 in
764 1862 853 1898 priori
884 1872 951 1891 casu
980 1863 1152 1899 dispositis,
1185 1862 1234 1890 ubi
1259 1860 1456 1897 aequilibrium
1488 1866 1556 1895 post
1578 1861 1710 1897 corporis
1733 1861 1786 1890 im·

281 1910 453 1939 mersionem
479 1912 657 1940 destructum
680 1919 751 1947 est,
778 1914 884 1942 sumsit
908 1915 1019 1943 Aeneae
1039 1922 1072 1942 ex
1097 1915 1176 1942 lance
1199 1922 1225 1941 m
1247 1920 1362 1941 sacoma
1386 1911 1426 1947 P,
1448 1911 1575 1947 illudque
1599 1912 1628 1941 in
1654 1913 1735 1942 lance
1749 1912 1785 1942 M

275 1961 437 1996 deposuit,
459 1970 519 1996 quo
542 1962 618 1990 facto
642 1963 738 1991 statim
760 1965 939 1999 recuperavit
963 1965 1176 2000 aequilibrium.
1307 1955 1310 1957 ’

322 2011 400 2041 idem
420 2012 556 2048 obtinet,
578 2013 603 2041 si
625 2021 737 2050 corpus
762 2014 926 2046 immersum
948 2016 1068 2046 formam
1089 2017 1193 2045 situlae
1217 2015 1261 2045 vel
1283 2015 1397 2050 lagenae
1420 2014 1551 2050 adeptum
1573 2012 1680 2052 suerit,
1704 2014 1785 2044 dum·

1726 2073 1790 2095 mo-
