1913 2417
231 179 270 215 56
573 178 1366 216 J.R.THOR13ECKE

233 260 328 296 inquit
362 261 430 298 (r)
476 279 494 295 „
518 268 576 289 non
605 260 781 288 obtrectandi
811 269 896 289 causa
928 270 993 290 cum
1030 263 1146 290 Zenone
1175 263 1373 299 pugnavisse,
1408 264 1458 292 sed
1495 271 1591 293 verum
1623 265 1748 296 invenire

235 331 254 346 ,‚
274 311 424 347 voluisse,
448 310 488 339 sic
513 311 695 346 intelligitur.
736 311 830 340 Nemo
854 321 987 348 umquam
1017 313 1198 349 superiorum
1222 322 1281 342 non
1305 315 1391 343 modo
1410 322 1607 351 expresserat,
1636 317 1684 345 sed
1708 325 1745 346 ne

234 381 252 396 ,‚
273 362 379 390 dixerat
410 361 542 398 quidem,
573 369 659 396 posse
685 362 827 391 hominem
863 363 934 392 nihil
961 363 1093 399 opinari:
1122 372 1173 392 nec
1204 365 1301 394 solum
1339 373 1447 401 posse,
1475 366 1526 394 sed
1561 366 1598 394 ita
1628 375 1745 396 necesse

237 432 255 447 ,‚
276 421 339 441 esse
369 413 503 449 sapienti.
553 411 623 441 Visa
647 419 690 441 est
717 414 867 442 Arcesilae
897 422 962 442 cum
993 422 1057 443 vera
1085 415 1251 451 sententia,
1286 421 1345 444 tum
1376 415 1497 444 honesta
1528 423 1556 444 et
1583 417 1668 453 digna
1701 425 1748 446 sa·

235 482 253 498 ‚,
275 463 379 499 pionte.
431 464 584 500 Quaesivit
617 464 651 492 de
676 464 791 493 Zenone
817 464 941 493 fortasse
971 465 1040 500 quid
1066 465 1198 494 futurum
1231 472 1330 502 esset,
1359 466 1385 495 si
1412 474 1464 494 nec
1495 467 1636 503 percipere
1659 469 1741 503 quic-

235 534 252 549 „
275 523 359 549 quam
391 520 490 549 posset
517 515 649 550 sapiens,
677 523 731 545 nec
763 516 875 552 opinari
902 516 1041 552 sapientis
1068 521 1154 545 esset.
1201 516 1271 552 Ille,
1300 517 1404 552 credo,
1432 516 1507 545 nihil
1530 517 1738 554 opinaturum;

233 584 251 600 ,‚
273 564 407 600 quoniam
444 571 537 600 esset,
570 566 647 600 quod
676 566 786 602 percipi
815 574 924 602 posset.
965 565 1045 604 Quid
1075 574 1144 603 ergo
1171 573 1248 595 esset
1281 567 1331 596 id?
1371 568 1475 596 Visum
1508 569 1602 597 eredo.
1646 568 1740 606 Quale

235 635 252 651 ,‚
275 615 364 651 igitur
391 616 507 645 visum?
549 616 625 644 Tum
653 616 732 644 illum
756 616 794 645 ita
815 616 1001 652 definivisse3
1022 626 1058 645 ex
1083 626 1132 652 co,
1154 617 1232 656 quod
1255 623 1342 653 esset,
1365 621 1440 647 sicut
1463 623 1550 653 esset,
1572 620 1742 657 impressum

233 685 251 701 ,‚
272 671 299 693 et
326 668 471 703 signatum
502 673 529 694 et
562 668 690 705 effictam.
730 667 802 696 Post
824 668 1015 704 requisitum,
1046 668 1168 697 etiamne
1193 668 1218 697 si
1236 668 1379 705 ejusmodi
1403 674 1479 697 esset
1504 668 1600 697 visum
1624 678 1741 706 verum,

232 736 251 752 „
272 718 357 752 quale
384 718 430 746 vel
456 717 571 746 falsum.
613 717 669 746 Hic
691 718 833 746 Zenonem
857 719 964 747 vidisse
985 725 1083 754 acute,
1106 719 1218 747 nullum
1236 727 1299 747 esse
1314 718 1430 754 visum,
1452 719 1532 754 quod
1547 719 1656 755 percipi
1673 728 1746 756 pos.

232 787 250 803 ,‚
271 774 333 803 set,
356 768 380 796 si
407 769 436 797 id
462 770 518 797 tale
541 775 616 798 esset
639 770 674 797 ab
699 778 753 805 eo,
775 770 853 805 quod
876 776 938 804 est,
961 776 993 798 ut
1012 769 1152 806 ejusmodi
1172 769 1208 798 ab
1233 778 1287 805 ee,
1310 769 1389 805 quod
1414 777 1473 798 non
1494 775 1555 805 est,
1576 776 1676 805 posset
1698 778 1742 799 es-

232 839 250 854 „
272 827 312 848 se.
354 818 443 847 Recte
471 820 619 848 consensit
642 821 810 849 Arcesilas:
838 822 872 849 ad
899 820 1093 849 definitionem
1117 820 1266 849 additum:
1295 827 1388 855 neque
1407 819 1480 847 enim
1502 819 1609 848 falsum
1630 819 1741 856 percipi

237 889 256 905 „
278 878 385 905 posse,
407 879 500 906 neque
523 879 641 906 verum,
663 870 690 899 si
715 877 789 899 esset
815 872 870 899 tale
891 880 1008 906 verum,
1031 872 1115 907 quale
1138 871 1184 899 vel
1205 870 1320 900 falsum.
1362 870 1502 899 Incubuit
1527 876 1620 899 autem
1647 871 1677 899 in
1698 879 1745 900 eas

234 939 253 955 „
274 920 504 956 disputationes,
537 928 569 949 ut
600 922 731 956 doceret,
759 922 868 950 nullum
890 922 946 950 tale
975 930 1037 950 esse
1052 921 1153 957 gvisum
1176 929 1192 949 a
1215 929 1303 956 vero,
1333 927 1365 948 ut
1400 928 1460 949 non
1493 921 1635 958 ejusmodi
1659 921 1745 951 etiam

234 991 252 1006 „
273 980 288 999 a
319 971 394 1000 falso
422 971 516 1008 possit
539 980 610 1001 esse.
650 971 728 1000 Haec
750 978 794 1000 est
819 981 873 1000 una
899 972 1071 1007 contentio,
1102 979 1174 1007 quae
1197 971 1289 1000 adhuc
1313 971 1499 1007 permanserit
1525 970 1630 1008 (2).'’
1672 992 1691 1007 „
1707 972 1745 1001 ll·

232 1040 252 1057 „
274 1022 323 1050 lud
350 1028 444 1056 certe,
467 1022 635 1057 opinatione
659 1028 686 1050 et
709 1022 892 1058 perceptione
914 1015 1046 1056 sublata,
1075 1021 1206 1056 sequitur
1229 1021 1356 1049 omnium
1380 1022 1578 1050 assensionurn
1602 1022 1744 1059 retentio;

233 1092 252 1107 ‚‚
271 1078 304 1100 ut
329 1072 354 1100 si
379 1072 549 1108 ostendero,
572 1072 645 1100 nihil
669 1081 756 1109 posse
780 1072 908 1109 percipi,
929 1078 961 1100 tu
986 1072 1146 1107 concedas,
1166 1079 1323 1108 numquam
1349 1078 1536 1100 assensurum
1555 1079 1618 1100 esse
1639 1072 1680 1110 (3
1694 1071 1744 1109 ).’'

231 1123 312 1162 Quae
334 1123 406 1152 idem
433 1123 531 1152 Cicero
558 1123 628 1160 (4)
658 1123 712 1152 hac
746 1124 935 1152 conclusione
965 1122 1200 1159 comprehendit:
1245 1143 1264 1158 „
1283 1122 1311 1151 si
1334 1121 1387 1150 ulli
1411 1122 1448 1150 rei
1472 1121 1585 1158 sapiens
1609 1122 1746 1153 assentie-

236 1194 255 1209 ,‚
276 1181 322 1203 tur
344 1182 492 1211 unquam,
524 1174 676 1210 aliquando
708 1174 791 1203 etiam
823 1174 1006 1211 opinabitur:
1040 1181 1197 1209 numquam
1219 1179 1313 1202 autem
1341 1171 1525 1208 opinabitur:
1555 1173 1628 1202 nulli
1654 1173 1744 1210 igitur

235 1245 253 1259 ‚,
274 1225 312 1254 rei
336 1225 540 1255 assentietur.”
583 1225 665 1254 Hanc
689 1232 781 1254 autem
807 1225 1023 1254 conclusionem
1046 1225 1213 1260 Arcesilas,
1235 1229 1352 1252 auctore
1375 1223 1509 1252 Cicerone
1529 1223 1612 1260 (5),
1642 1223 1746 1259 proba-

231 1275 280 1304 bat
305 1284 336 1304 ac
363 1277 543 1306 stabiliebat:
587 1297 605 1312 „
625 1276 814 1305 confirmabat
839 1276 913 1305 enim
938 1276 1004 1312 (6)
1036 1281 1063 1303 et
1086 1275 1209 1311 primum
1236 1280 1264 1302 et
1289 1273 1490 1303 secundum:'‘
1514 1281 1574 1309 quo
1595 1272 1673 1303 facto
1695 1281 1745 1303 ne-

231 1334 311 1354 cesse
330 1330 392 1360 [erat
416 1329 471 1355 toti
494 1328 680 1356 conclusioni
705 1336 783 1356 suam
806 1333 935 1355 constare
957 1326 1114 1355 veritatem.
1155 1324 1313 1362 Quomodo
1337 1330 1431 1353 autem
1449 1325 1572 1362 primum
1591 1331 1617 1354 et
1638 1333 1743 1354 secun-

234 1376 301 1404 dum
329 1378 477 1406 Arcesilas
498 1379 693 1413 confirmarit,
715 1377 787 1406 dixit
812 1377 916 1406 Sextus
939 1378 1005 1406 atlv.
1029 1377 1123 1405 Matli.
1141 1374 1205 1404 VH,
1227 1377 1257 1411 §-
1274 1376 1453 1412 150--158‚
1475 1384 1534 1411 quo
1558 1376 1624 1418 loco
1649 1375 1744 1404 omnis

234 1427 388 1456 Arcesilae
415 1429 576 1465 disputatio
599 1426 790 1457 concluditur.
830 1428 955 1456 Primum
982 1428 1069 1464 igitur
1095 1425 1264 1454 defendebat
1286 1426 1480 1461 argumentis,
1501 1434 1573 1461 quae
1595 1426 1746 1454 continen-

233 1484 281 1505 tur
304 1480 331 1514 §.
353 1487 426 1516 154,
449 1486 521 1515 155,
546 1480 618 1516 156,
644 1487 713 1516 157:
738 1480 893 1507 secundum
919 1484 1030 1506 tutatus
1056 1483 1100 1505 est
1123 1484 1157 1505 ex
1181 1476 1243 1511 ipsa
1269 1475 1433 1504 Stoicorum
1455 1476 1616 1511 sententia,
1636 1483 1663 1503 et
1680 1476 1745 1511 opi-

234 1529 332 1557 nionis
355 1530 533 1559 definitione.
574 1530 641 1558 Vid.
667 1532 697 1567 ς.
717 1530 790 1564 156,
816 1537 876 1566 ¹5?-
902 1528 985 1557 conf,
1010 1529 1037 1565 §-
1059 1534 1126 1563 152.
1166 1526 1266 1562 Itaque
1297 1526 1445 1562 colligitur
1464 1526 1620 1563 sapientem
1644 1534 1744 1555 omnes

233 1587 369 1607 assensus
391 1581 587 1609 cohibiturum
611 1581 671 1609 vid.
693 1582 722 1617 §.
744 1589 806 1617 157.
847 1580 1003 1608 Videamus
1024 1579 1058 1607 de
1076 1577 1272 1616 argumentis,
1294 1577 1401 1613 quibus
1422 1578 1546 1614 primum
1565 1577 1742 1613 alterumque

237 1630 385 1659 Arcesilas
410 1632 657 1660 circumvallabar.

273 1681 364 1709 Stoici
390 1682 604 1719 distinguebant
634 1683 802 1718 ἐπιστήμην,
823 1683 992 1717 scientiam,
1020 1683 1120 1718 δέἕκν,
1149 1682 1327 1720 opim'onem,
1358 1682 1536 1718 icaria-qipa,
1565 1680 1746 1718 comprehen-

237 1733 340 1761 sionem
367 1733 456 1770 (7):
484 1734 602 1769 primam
637 1733 724 1761 unius
752 1733 908 1769 sapientis,
936 1734 1050 1762 alteram
1074 1733 1171 1770 [unius
1201 1733 1302 1768 stulti,
1331 1733 1440 1761 tertiam
1467 1739 1648 1760 communem
1672 1731 1745 1768 (8).

233 1781 328 1810 Media
355 1783 427 1811 enim
450 1784 522 1812 inter
546 1785 696 1819 ἐπιστήμην
723 1789 749 1811 et
773 1785 870 1818 δέξιν,
899 1785 1057 1821 ’excola-4:11&-
1084 1786 1141 1813 ἐστι
1166 1787 1374 1818 καταληπτικῆς
1399 1785 1556 1820 mxumo-Iac
1574 1783 1747 1817 curum-Me·

231 1845 271 1866 σις
296 1834 372 1871 (9).
415 1834 558 1863 Nimirum
583 1836 762 1872 κατάληψις,
786 1836 857 1863 υη,ἰε
881 1834 999 1863 scientia
1021 1841 1132 1870 manat,
1155 1841 1198 1863 est
1221 1834 1301 1862 firma
1321 1842 1353 1862 ac
1374 1840 1450 1862 certa
1471 1832 1618 1866 assensio,
1645 1839 1677 1859 ac
1705 1838 1747 1859 ta·

1690 1881 1747 1917 lis,

260 1947 315 1974 (ι)
336 1948 399 1970 lead.
419 1949 447 1971 Π.
466 1955 504 1976 24.
649 1949 702 1977 (a)
719 1951 747 1973 c.
771 1955 808 1976 25.
953 1949 1004 1978 (3)
1019 1950 1087 1973 cons.
1111 1956 1130 1971 c.
1148 1950 1181 1973 18.
1326 1947 1379 1975 (4)
1396 1947 1465 1969 Acad.
1480 1946 1507 1968 11.
1528 1950 1562 1967 2¹.

261 1985 314 2013 (ι)
334 1991 347 2010 ι.
366 1988 380 2009 ι.
521 1989 576 2018 (53
594 1989 651 2012 ihm.
797 1990 848 2017 (7)
865 1990 926 2014 sm,
946 1989 960 2011 1.
983 1992 998 2011 1.
1017 1990 1035 2012 κ,
1053 1995 1099 2013 151,
1240 1988 1294 2016 (33
1308 1987 1329 2013 5.
1350 1992 1398 2013 152.

264 2034 295 2055 <0
336 2031 356 2057 ξ.
378 2037 421 2054 ¹5¹.
444 2031 491 2054 Εἰς,
512 2034 580 2053 Aemi.
598 2034 612 2054 l.
633 2038 666 2053 επ.
691 2027 838 2057 &rencs-4:
865 2031 1068 2056 muzza-:ruem
1088 2031 1189 2053 definitio
1209 2033 1229 2058 S.
1245 2036 1298 2057 ¹52,
1313 2036 1363 2054 ⁴¹³2*
1384 2029 1508 2057 explicatio
1532 2030 1552 2053 ‘f-
1565 2027 1703 2055 2⁴!—253·
1718 2027 1745 2049 de

235 2072 363 2098 phantasiae
382 2072 475 2093 nexione
501 2077 522 2093 ct
545 2074 662 2098 generibus
682 2080 788 2095 univerae
811 2074 855 2094 vltl.
873 2071 892 2098 S.
908 2080 958 2101 225.
976 2080 1023 2101 sqq.
1053 2072 1171 2094 Plutarch.
1190 2073 1217 2094 de
1235 2073 1294 2100 plac.
1314 2070 1395 2098 philos.
1412 2071 1448 2092 IV·
1469 2076 1490 2092 c·
1505 2076 1526 2097 9·
1544 2076 1568 2097 P·
1585 2074 1635 2096 909·
1655 2069 1679 2090 Ε·
