1913 2417
711 151 1099 186 ORATIO.
1606 159 1648 191 23

173 257 260 291 que,
288 246 426 278 rationes
450 244 599 277 omnium
627 245 814 276 continere(
851 247 944 286 Quae
974 247 1000 277 si
1027 246 1251 289 probaverint,
1281 245 1370 290 quod
1396 244 1498 278 fuerat
1527 246 1643 276 inven-

170 310 237 335 tum
269 303 309 334 de
335 313 368 334 re
394 304 507 340 unica,
531 301 564 332 id
587 301 652 343 jam
677 301 794 332 facium
821 303 881 333 erit
911 302 961 333 lex
989 309 1130 335 naturae.
1187 305 1294 348 Atque
1317 303 1400 342 hoc,
1425 309 1460 334 ut
1479 301 1565 338 dixi,
1589 311 1638 332 ra-

169 360 290 390 tionem
315 358 502 402 hujusmodi
527 358 633 400 legum
658 358 816 400 imprimis
837 359 963 391 videtur
979 359 1147 392 declarare.
1191 361 1266 392 Non
1292 362 1379 392 enim
1405 358 1494 403 quod
1518 359 1552 389 in
1569 366 1639 388 uno

167 426 283 458 genere
308 416 446 458 crystalli
472 415 654 455 accideret,
689 414 722 445 id
751 417 879 446 caeteris
907 422 1099 447 eventurum
1127 416 1339 462 judicandum
1367 423 1451 454 erat,
1482 414 1537 446 sed
1564 422 1640 445 cum

168 479 273 503 essent
306 473 365 503 alia
407 471 586 503 consimilia
616 471 737 510 multa,
769 474 909 514 primum
944 473 1094 515 suspicati
1127 480 1204 504 sunt
1232 480 1263 505 et
1296 472 1419 516 reliqua
1449 472 1643 507 convenire,

167 528 282 560 deinde
310 529 482 560 convenire
517 535 723 570 repererunt;
754 535 790 558 ut
824 535 927 559 tamen
960 530 1001 559 ita
1030 540 1097 560 esse
1133 541 1200 561 non
1231 536 1362 573 propter
1388 529 1492 572 legem
1525 534 1639 559 statue·

166 584 248 623 rint,
272 584 327 616 sed
352 595 420 616 esse
448 584 548 627 legem
571 585 647 627 quia
673 584 757 615 idem
777 584 816 615 de
843 595 1036 627 unaquaque
1056 592 1218 628 repertum
1242 585 1355 618 fuerat.

210 641 271 672 Sed
295 641 394 684 hujus
421 641 465 672 rei
488 651 644 672 memores
671 652 738 671 non
760 652 884 683 semper
911 652 1042 678 sumus,
1075 648 1110 672 ut
1133 643 1186 672 vix
1210 644 1284 674 satis
1308 652 1496 686 persuasum
1526 640 1642 673 habea·

164 708 254 736 muS,
295 697 381 729 illius
423 697 502 740 legis
531 698 756 734 attractionis,
791 709 854 740 qua
885 704 1049 740 tantopere
1073 698 1288 737 confidimus,
1321 698 1410 741 qnod
1444 699 1543 729 initiis
1577 708 1641 728 ma·

165 754 289 786 theseos
319 761 384 784 tota
414 754 547 791 nititur,
579 754 679 784 solam
705 761 809 784 tamen
840 761 972 784 naturae
1004 765 1071 785 esse
1096 753 1338 796 probationem,
1360 754 1448 798 quod
1473 755 1640 796 hucusque

164 811 272 842 omnia
299 810 339 841 ad
365 821 434 841 eam
456 810 668 852 respondere,
692 810 741 840 vel
761 821 801 840 ex
826 821 862 840 ea
883 810 1021 853 pendere
1051 812 1116 841 visa
1146 817 1234 843 sunt.
1277 813 1359 843 Nam
1386 812 1448 842 msi
1473 811 1514 842 ita
1538 817 1639 848 esset,

159 878 217 898 cur
249 868 469 910 exceptionem
503 866 692 897 adderemus
727 877 786 909 pro
824 867 998 898 intervallis
1035 866 1127 898 valde
1164 868 1313 910 exiguis?
1370 868 1494 899 Scilicet
1532 867 1572 898 ad
1604 877 1641 898 ea

162 925 320 967 pertinere
347 924 413 953 visa
446 934 512 954 non
548 931 603 953 est.
669 925 707 953 >tt
742 925 911 965 praecipue
941 933 1047 954 errore
1079 923 1217 954 labimur
1244 924 1288 955 ob
1322 924 1408 955 illam
1437 926 1539 968 ipsam
1564 935 1638 955 con·

162 982 310 1012 stantiam
335 986 484 1017 naturae,
508 990 604 1022 qnam
630 979 768 1022 aliquam
795 990 863 1010 esse
885 989 960 1010 cum
989 986 1077 1011 certo
1105 980 1260 1019 sciamus,
1290 980 1394 1024 qualis
1420 982 1462 1012 sit
1493 981 1528 1012 in
1560 991 1639 1023 qua·-

159 1047 223 1079 que
269 1047 322 1074 re,
359 1042 483 1066 tantum
521 1037 727 1066 multitudine
765 1043 797 1066 et
836 1037 1060 1068 convenientia
1100 1037 1320 1079 exemplorum
1358 1038 1479 1080 percipi
1517 1043 1636 1080 potest.

163 1091 224 1123 Sed
250 1093 274 1123 ii
300 1102 412 1123 sumus
435 1094 491 1134 qui
518 1091 588 1122 freti
620 1094 750 1134 ingenio
775 1099 806 1122 et
832 1095 939 1124 nescio
966 1103 1064 1135 quam
1093 1092 1255 1124 fortunam
1287 1099 1528 1136 exspectantes,
1562 1104 1639 1137 ope-

161 1159 252 1181 rosos
286 1148 408 1179 labores
441 1151 714 1191 praetermittere,
747 1160 813 1192 quo
842 1149 928 1192 leges
959 1151 1054 1180 citius
1088 1161 1377 1192 consequeremur,
1405 1149 1550 1182 divinare
1581 1160 1641 1183 eas-

160 1206 268 1249 potius
290 1216 388 1248 quam
413 1205 517 1236 nullas
541 1206 710 1248 consequi,
734 1206 906 1237 malumus.
956 1207 1153 1237 Testimonio
1185 1207 1225 1237 sit
1255 1207 1388 1237 historia
1411 1208 1641 1246 scientiarum,

159 1269 239 1305 quot
267 1261 387 1292 fuerint
410 1268 560 1304 tanquam
581 1262 665 1304 leges
689 1253 897 1298 constitutae,
922 1273 1004 1306 quae
1025 1262 1065 1293 ad
1094 1264 1283 1306 paucissima
1305 1265 1518 1308 pertinerent.
1558 1265 1640 1294 Pro·

157 1318 324 1350 videamus
349 1328 390 1349 ne
415 1325 523 1349 nostra
550 1324 693 1361 tempora
714 1320 898 1351 testimonio
922 1319 1095 1362 aliquando
1120 1319 1227 1351 futura
1256 1323 1335 1359 sint,
1360 1319 1640 1364 quemadmodum

157 1375 241 1406 inter
269 1381 315 1406 tot
338 1374 469 1405 inventa
492 1385 598 1417 ipsum
624 1386 797 1407 numerum
818 1383 851 1407 et
875 1377 1059 1407 varietatem
1082 1376 1342 1416 reformidantes,
1372 1377 1484 1408 omniav
1505 1376 1545 1408 ad
1567 1375 1635 1407 fot·-

153 1442 241 1463 mam
270 1430 378 1474 legum
405 1432 715 1473 simpltcissimarutn
743 1434 973 1465 revocarimus..
1022 1434 1169 1472 Quarum
1200 1435 1228 1466 si
1255 1435 1328 1477 quis
1356 1433 1488 1477 posthac
1509 1444 1637 1464 memo·r

156 1489 238 1519 riam
271 1494 411 1531 repetere
442 1489 518 1518 vem
548 1492 640 1527 (rem
673 1488 819 1532 profecto
843 1490 931 1521 haud
956 1491 1149 1530 inutilem),
1181 1502 1248 1521 non
1277 1500 1449 1522 numerum
1483 1496 1635 1527 tantum„

157 1543 213 1575 sed
242 1553 401 1575 summam
428 1543 674 1587 discrepantiam
704 1545 985 1576 demonstrandam
1020 1547 1182 1589 suscipiet.
1235 1548 1314 1577 Nam
1340 1552 1378 1577 ut
1402 1547 1499 1576 nimis
1523 1553 1633 1577 vetera:

157 1601 321 1638 omittam,
342 1606 390 1631 est
415 1601 503 1631 nulla
531 1600 698 1643 disciplina
715 1602 868 1632 naturalis
887 1603 996 1645 paullo
1016 1601 1205 1645 perfectior,
1228 1613 1310 1645 quae
1333 1612 1400 1633 non
1421 1609 1505 1633 certa
1531 1613 1628 1645 quae·

154 1656 228 1688 dam
256 1662 372 1687 statuat
396 1656 437 1687 de
467 1664 580 1687 natura
609 1664 759 1688 maten-tae
787 1669 983 1701 corporum,
1014 1659 1117 1701 deque
1146 1658 1380 1701 particularum*
1402 1665 1433 1689 et
1467 1657 1569 1690 forma
1594 1665 1628 1690 et

154 1713 382 1757 dispositione,
405 1713 646 1744 accommodata?
668 1714 708 1745 ad
730 1715 868 1745 rationes
896 1726 1011 1746 earum*
1030 1726 1138 1745 rerum
1165 1725 1244 1758 quas
1268 1715 1470 1758 potissimum
1487 1722 1628 1758 spectat:

154 1780 235 1813 quae
254 1769 364 1800 eadem
388 1771 415 1799 si
438 1769 587 1812 deinceps
609 1781 837 1813 comparamus
864 1782 938 1802 cum
970 1773 1109 1803 inventis
1138 1772 1291 1810 aliarum,
1323 1781 1426 1814 quam<
1446 1782 1632 1814 repugnare

155 1827 334 1869 saepissime
367 1832 398 1856 et
429 1826 623 1857 contendere
655 1828 738 1858 inter
769 1838 802 1859 se
828 1827 991 1859 videntur!
1041 1827 1252 1860 Conferamus
1282 1828 1348 1870 jam
1376 1838 1443 1858 non
1466 1829 1628 1870 conjectu-

154 1892 205 1913 ras
224 1881 280 1913 sed
303 1883 518 1924 experimenta
546 1889 578 1913 et
609 1883 766 1924 calculos,
797 1891 832 1914 ut
860 1883 913 1915 illa
938 1886 1089 1917 universa
1117 1886 1265 1916 Newtoni
1294 1883 1335 1915 de
1361 1884 1527 1915 elementis
1553 1876 1640 1915 cor-¹

155 1947 272 1982 porum
300 1939 431 1982 primis,
455 1939 624 1981 secundis,
655 1947 918 1985 caeterorumque
944 1941 1118 1982 ordinum,
1153 1948 1224 1974 tum
1249 1951 1330 1985 quae
1353 1940 1393 1973 de
1420 1940 1531 1973 formis
1549 1951 1624 1984 par-

1590 2002 1651 2035 ue,
