1913 2417
239 163 622 196 COMMENTATIO
649 174 700 195 AD
730 159 1106 203 QUAESTIONEM‘
1126 165 1419 204 JURIDICAM.
1547 179 1582 209 37

76 251 186 284 monto,
206 249 312 286 patebit
334 258 366 278 ex
389 255 448 279 art.
470 258 534 287 sq.,·
554 254 582 277 at
608 248 631 276 si
655 248 743 284 igitur
759 255 824 286 post
845 250 1063 278 matrimonium
1085 248 1251 277 dissolutmn
1279 250 1375 278 matris
1398 257 1525 286 potestas
1552 252 1598 280 in·

77 300 164 328 tutela
190 300 308 336 gerenda
338 300 517 335 aliquatenus
549 298 721 334 reviviscat,
750 307 846 328 nonne
877 301 907 328 id
935 307 968 327 eo
993 300 1083 336 magis
1112 299 1302 329 affirmandum
1327 301 1399 336 erit,
1429 302 1452 330 si
1477 303 1585 331 tutelae

76 351 191 387 quidem
218 352 301 379 locus
329 352 456 379 nondum
481 359 542 379 esse
567 357 663 386 potest
687 350 724 378 ob
750 350 963 378 matrimonium
990 351 1117 379 nondum
1143 351 1338 387 dissolutum,
1363 352 1411 380 ubi
1431 354 1523 381 eadem
1543 360 1585 382 ta-

73 410 139 431 men
163 403 235 430 ratio
258 403 355 437 adest,
381 408 413 429 ut
441 401 574 429 exercitio
600 401 707 436 patriae
731 401 880 436 potestatis
908 401 990 429 matri
1011 402 1067 437 jam
1093 402 1286 430 concedatur?
1327 403 1396 430 Non
1421 409 1511 432 tamen
1538 404 1591 432 ille

73 459 168 481 status
193 458 332 488 perpetuo
357 452 456 479 durare
482 457 596 486 potest;
627 457 654 478 et
681 451 747 479 licet
780 453 814 480 ad
839 459 952 488 tempus
978 451 1061 480 matri
1088 452 1201 481 vicibus
1224 454 1349 488 paternis
1374 453 1458 490 fungi
1483 463 1587 483 conce·

72 504 194 532 dendum
219 509 375 538 putemus,
397 502 426 529 id
449 501 488 529 ita
513 510 544 530 se
573 502 674 529 habere
697 509 756 530 non
781 503 909 539 poterit,
932 503 981 531 ubi
1012 504 1115 532 mortis
1140 504 1270 539 suspicio
1295 505 1333 533 ob
1351 505 1507 541 longiorem
1525 506 1586 534 Ab·

71 553 191 584 sentiam
219 553 296 581 vires
323 554 469 588 acquiret:
500 559 527 580 et
561 553 603 581 sic
632 552 838 582 Delvincurtio
870 555 1041 583 assentimur
1076 555 1277 590 existimanti,
1307 556 1390 585 matri
1421 563 1587 586 cotutorernx

71 607 131 634 non
162 612 225 632 esse
254 603 486 640 adjungendum,
519 605 655 639 quamdiu
688 611 752 633 ante
789 606 1018 641 quinquennium
1054 606 1203 642 impletum
1230 605 1344 635 Absens
1374 607 1499 643 legitime
1521 607 1586 636 talis

71 655 200 685 nondum
227 654 385 683 declaratus
412 656 487 689 erit,
518 655 568 683 sed
590 654 624 683 ab
650 655 705 683 hoc
730 655 795 684 inde
820 664 948 693 tempore
972 664 1088 686 matrem
1111 657 1307 693 temporariam
1331 657 1486 687 liberorum
1511 665 1587 688 tute-

68 707 126 736 lam
149 706 309 742 suscipere.
350 705 533 742 Quamquam
559 706 631 734 enim
659 706 686 734 id
715 705 744 735 in
769 713 831 737 art.
853 717 917 745 141.
937 717 997 737 nou
1020 716 1152 744 expresse
1175 709 1330 743 docemur,
1352 717 1519 744 persuasum
1542 717 1587 739 ta-

70 757 241 786 men²nobis
265 763 327 790 est,
351 756 405 784 lif-c
428 756 500 792 juris
526 757 671 793 analogiae
691 758 866 794 convenire,
895 767 954 787 non
981 759 1048 787 adeo
1073 758 1208 794 quoniam
1231 759 1372 787 declarata
1389 760 1530 789 Absentia
1548 762 1587 790 de<

68 808 152 838 obitu
174 806 313 835 Absentis
345 815 403 834 non
434 807 556 843 amplius
586 807 734 837 dubitatur
765 809 855 846 (licet
883 809 957 837 enim
988 816 1015 837 et
1049 809 1116 838 haec
1148 810 1251 838 mortis
1287 811 1463 845 praesumtio
1492 813 1587 840 multo

68 860 202 896 mnjorem
228 857 358 886 veritatis
381 858 502 893 speciem
535 859 745 895 acquisiverit,
774 859 848 888 nihil
878 860 949 888 certi
973 867 1068 888 tamen
1090 860 1147 888 huc
1174 869 1266 896 usque
1295 867 1429 897 constat3
1458 854 1527 890 adeo
1551 869 1584 891 ut

67 918 162 940 revera
193 909 298 937 tutelae
326 908 469 944 legitimae
502 918 535 938 ex
567 917 628 940 art.
654 919 721 947 390.
745 912 872 939 nondum
901 911 987 940 locus
1021 919 1084 940 esse
1111 913 1224 948 possit,
1255 912 1386 948 inprimis
1409 920 1479 941 cunr
1502 914 1585 942 nullo

66 961 223 991 Absentiae
245 966 372 996 tempore
396 961 430 988 de
457 959 593 990 Absentis
613 962 696 990 obitu
721 963 761 990 ita
783 968 916 990 constare
938 968 1104 997 censeatur,
1133 969 1165 991 ut
1189 971 1248 992 non
1271 964 1364 998 aliqua
1392 970 1586 992 conservetur

67 1013 141 1042 vitae
165 1017 275 1050 spes):
300 1013 349 1040 sed
374 1020 463 1047 quum
486 1020 578 1047 usque
606 1013 641 1041 ad
669 1019 803 1049 tempus,
834 1022 893 1048 quo
918 1013 1076 1042 declaratur
1099 1014 1261 1049 Absentia,
1288 1022 1318 1043 ea
1344 1020 1454 1042 tantum
1479 1015 1586 1044 auxilia

65 1063 198 1092 adhibere
222 1063 346 1091 voluerit
371 1063 536 1099 legislator,
567 1063 676 1098 quibus
709 1064 795 1092 bonis
821 1064 855 1092 ab
881 1064 1009 1092 Absente
1034 1065 1140 1092 relictis
1162 1065 1192 1092 in
1215 1065 1357 1100 praesenti
1383 1066 1451 1092 satis
1476 1073 1583 1093 consu-

66 1116 193 1149 leretur,
221 1119 249 1141 et
281 1113 454 1148 procedente
485 1119 613 1149 tempore
643 1115 696 1143 alia
729 1115 787 1151 ipsi
822 1115 981 1143 necessaria
1016 1115 1078 1144 visa
1109 1116 1193 1144 sint:
1237 1115 1277 1144 ita
1309 1121 1367 1149 ut,
1398 1116 1477 1150 quod
1508 1124 1584 1145 mor-

65 1171 120 1193 tuo
148 1164 278 1192 Absente
305 1163 365 1191 fieri
395 1171 559 1200 oporteret,
589 1165 700 1193 diutius
728 1165 839 1194 differre
872 1166 1013 1201 noluerit,
1049 1174 1116 1195 cum
1146 1167 1179 1195 in
1206 1166 1266 1194 dies
1298 1165 1388 1201 magis
1417 1173 1581 1202 augesceret

64 1214 264 1253 praesumtIO,
302 1214 457 1243 Absentem
495 1224 555 1244 non
592 1217 749 1245 rediturum
785 1225 874 1253 esse;
910 1225 945 1245 ne
978 1217 1087 1246 diutius
1123 1218 1233 1246 intacto
1263 1216 1437 1253 patrimonio
1467 1217 1582 1247 Absen-

65 1266 126 1300 εἰς,
152 1264 266 1302 juribus
291 1264 411 1293 aliorum
441 1266 562 1295 nimium
593 1268 802 1304 detraheretur,
831 1268 857 1296 si
883 1268 944 1296 sola
970 1267 1109 1296 Absentis
1136 1267 1312 1305 cogitatione
1343 1269 1449 1297 ductus
1481 1277 1582 1298 omnes

65 1317 102 1346 ab
125 1317 188 1353 ejus
212 1314 298 1344 bonis
322 1324 415 1344 arcere
441 1318 596 1347 voluisset.
645 1318 723 1348 Hinc
746 1320 820 1348 enim
846 1319 947 1347 missio
968 1318 1017 1347 illa
1040 1307 1185 1347 fiduciaria
1209 1319 1237 1347 in
1261 1319 1335 1347 bona
1360 1320 1517 1355 Absentis,
1547 1321 1583 1349 de

65 1376 122 1404 qua
144 1373 242 1404 postea
268 1366 448 1403 videbimus,
471 1368 538 1397 hinc
568 1359 686 1405 quoque
706 1370 870 1400 testamenti
893 1369 1057 1406 inspectio,
1079 1376 1105 1398 et
1122 1370 1266 1406 legatarii-s
1288 1379 1426 1399 concessa
1445 1371 1519 1400 bona
1541 1373 1582 1399 le·

63 1426 149 1456 gata,
179 1426 250 1453 quae
272 1418 368 1446 omnia
396 1419 532 1448 nituntur
553 1421 768 1456 praesumtione
795 1422 1006 1456 invalescente,
1036 1421 1195 1450 Absentem
1220 1430 1280 1450 non
1306 1421 1390 1450 facile
1413 1423 1581 1450 rediturum.

61 1470 104 1500 At
128 1469 196 1506 quis
217 1476 277 1497 non
300 1469 397 1504 videt,
416 1470 488 1498 idem
517 1471 646 1500 obtinere
670 1473 699 1501 in
721 1474 809 1501 tutela
832 1472 1011 1501 liberorum?
1040 1472 1132 1500 Patria
1154 1479 1282 1508 potestas
1305 1473 1386 1501 matri
1416 1474 1581 1501 demandata

62 1519 140 1552 fuit,
161 1526 194 1548 ut
216 1520 338 1555 primum
362 1528 441 1555 pater
464 1521 493 1549 in
521 1524 737 1557 praesumtione
760 1523 916 1553 Absentiae
936 1523 1126 1557 versabatur,
1147 1524 1284 1558 quoniam
1306 1524 1378 1552 illud
1398 1524 1427 1551 in
1447 1531 1582 1558 praesen-

62 1569 89 1598 ti
113 1568 208 1597 satius
231 1571 407 1606 ducebatur,
435 1579 462 1599 et
492 1573 534 1600 sic
566 1573 664 1602 liberis
694 1574 832 1603 auxilium
855 1574 951 1610 patr-is
969 1573 1106 1601 amissum
1131 1573 1231 1601 idonee
1254 1575 1434 1609 compensari
1457 1581 1578 1610 poterat.

61 1619 105 1651 At
134 1618 265 1647 remediis
293 1618 350 1647 illis
382 1620 579 1657 temporariis,
608 1628 635 1650 et
666 1631 700 1652 ex
728 1630 847 1661 urgente
875 1624 1044 1654 necessitate
1071 1624 1179 1659 enatis,
1206 1624 1261 1652 alia
1286 1625 1426 1653 substitui
1447 1633 1582 1663 oportet,

61 1670 179 1707 quando
203 1669 353 1697 invalescit
380 1671 482 1699 mortis
510 1673 665 1710 suspicio,
688 1684 760 1711 quae
785 1675 852 1704 huic
877 1674 1040 1712 suspicioni
1065 1675 1159 1711 magis
1181 1681 1265 1704 erunt
1289 1677 1526 1713 accommodata;
1548 1685 1577 1707 et

58 1722 102 1752 eie
120 1721 255 1758 quidem,
276 1720 319 1748 uti
340 1729 456 1750 mortuo
479 1723 608 1753 Absente
631 1726 665 1754 ad
689 1727 901 1756 successionem
927 1733 1100 1755 vocarentur
1116 1726 1230 1754 heredes
1255 1726 1290 1754 ab
1311 1726 1464 1762 Intestato‚
1487 1728 1580 1756 adeo-1

60 1781 120 1809 que
140 1772 224 1801 iidem
248 1772 285 1801 ob
309 1773 411 1802 mortis
439 1776 633 1810 suspicionem
657 1778 810 1807 mittuntur
832 1778 862 1807 in
890 1777 1104 1815 possessionem
1126 1776 1289 1811 bonorum,
1319 1785 1354 1805 ex
1375 1778 1473 1806 eodem
1499 1778 1579 1814 prin-

59 1823 141 1859 cipio
164 1823 245 1859 sequi
272 1823 406 1860 videtur,
437 1832 572 1862 matrem,
603 1828 711 1864 quippe
735 1829 784 1857 cui
808 1837 927 1859 mortuo·
946 1836 1026 1865 patre
1047 1829 1201 1856 liberorum
1226 1827 1352 1863 legitima
1375 1829 1463 1857 tutela
1487 1830 1579 1859 delata

60 1873 189 1909 fuisset,
217 1882 312 1910 nunc,
334 1875 473 1905 declarata
493 1878 652 1914 Absentia,
670 1880 711 1908 ob
731 1881 832 1909 mortis
856 1880 1095 1917 praesumtionem
1125 1878 1241 1907 tutela-m
1265 1886 1359 1914 gerere
1379 1883 1577 1918 provisoriam

55 1932 113 1955 seu
137 1926 355 1962 temporariam,
376 1929 493 1963 perinde
516 1937 547 1957 ac
573 1931 598 1958 si
623 1930 657 1958 de
676 1928 770 1967 'patris
800 1937 891 1960 morte
915 1931 994 1960 nulla
1017 1931 1141 1967 amplius
1161 1930 1297 1958 existeret
1318 1930 1474 1961 dubitatio.
1518 1932 1584 1960 Tu-

64 1976 145 2005 telam
174 1976 262 2014 igitur
291 1978 401 2015 (quam
424 1978 459 2008 ab
483 1979 567 2010 initio
600 1981 681 2011 matri
709 1983 931 2012 demandandam
959 1983 1103 2012 existimat
1122 1981 1334 2018 Proudlaonus,
1360 1990 1394 2019 p.
1411 1983 1503 2018 169.)
1532 1981 1575 2010 sie

830 2033 855 2063 E
879 2042 895 2070 3
1530 2032 1580 2061 de·
