1913 2417
307 186 347 216 32
754 174 782 208 J.
835 176 870 208 T.
923 176 1321 218 PLUSCHKE,

306 275 359 306 nia
379 297 387 313 ,
419 286 516 318 quam
542 282 578 307 nt
606 287 672 307 rem
696 282 760 307 tam
790 275 920 307 arduam
948 276 1115 319 complecti
1135 284 1167 308 et
1200 280 1376 322 perspicere
1409 279 1556 321 possint,
1594 279 1698 312 nihilo
1723 289 1773 317 sea,

308 333 376 362 cius
400 333 487 363 Deus
513 333 744 374 sapientissime
766 343 875 363 curam
899 333 1015 374 gessit,
1040 340 1075 364 ut
1102 333 1288 366 hominibus
1313 346 1419 366 rerum
1437 335 1623 367 'divinarum
1645 336 1772 379 cupidis

306 386 385 419 levis
408 388 563 430 quaedam
588 390 666 419 tanti
694 390 798 432 operis
826 389 876 419 sui
899 388 1068 420 delineatio
1093 397 1125 421 et
1153 390 1328 433 probabilis
1359 391 1559 423 adumbratio
1591 392 1774 436 perhibere-

306 449 372 485 tur,
395 455 477 486 quae
500 444 616 483 docet,
648 444 764 476 frustra
789 445 900 488 quaeri
924 445 1082 488 originem
1102 457 1225 486 rerum,
1247 449 1309 479 nisi
1335 447 1374 479 ab
1400 449 1543 491 origine,
1567 449 1589 481 i.
1608 459 1635 480 e.
1661 459 1679 479 a
1704 450 1773 479 Deo

306 506 485 542 repetatur,
510 507 541 532 et
567 511 648 543 quae
681 502 903 544 perspicuitate
938 512 974 533 ac
1006 503 1208 545 simplicitate
1239 505 1348 535 omnia
1378 504 1644 548 philosophorum
1673 510 1774 536 tenta-

306 557 392 587 mina
423 556 523 599 longo
549 556 717 588 intervallo
741 564 814 600 post
847 568 880 589 se
911 558 1083 601 relinquit,
1115 569 1248 602 eamque
1278 561 1345 592 vim
1373 560 1487 599 habet,
1512 567 1548 592 ut
1575 561 1670 592 rudes
1691 570 1772 603 quo-

304 623 367 654 que
394 619 425 643 et
453 612 567 644 inculti
590 613 659 654 ejus
687 614 733 644 rei
760 614 932 656 imaginem
954 615 1115 657 quandam
1141 616 1240 646 menti
1276 627 1350 647 suae
1387 615 1558 648 informare
1585 623 1616 647 et
1650 616 1774 647 liberri-

305 679 396 698 mum
420 670 567 700 omnium
593 681 701 701 rerum
725 677 886 701 auctorem
919 681 1106 713 agnoscere,
1130 671 1299 710 admirari,
1324 673 1480 710 revereri,
1504 683 1610 703 amare
1637 672 1771 703 discant.

306 724 440 756 Illorum
473 736 551 756 vero
582 726 779 768 antiquitatis
820 725 1086 770 philosophorum
1120 728 1344 760 conaminibus
1380 729 1606 771 perspicuitate
1643 735 1674 759 et
1704 728 1770 759 evi·

304 781 412 812 ‹lentia
439 793 506 813 non
534 789 690 825 praestare
714 783 884 814 sententias
909 784 1144 822 recentiorum,
1176 785 1233 827 qui
1260 784 1335 815 inde
1365 784 1405 815 ab
1435 784 1556 827 aliquot
1588 784 1697 815 lustris
1727 783 1768 814 de

311 837 406 868 rebus
443 837 563 869 divinis
598 838 856 881 philosophando
888 850 1036 882 magnam
1072 839 1189 871 famam
1229 843 1391 872 consecuti
1425 848 1518 880 sunt,
1555 851 1652 871 nemo
1683 839 1774 870 facile

305 893 430 935 ignorat
456 900 510 925 aut
533 893 696 926 diffitetur.
742 896 822 926 Nam
850 896 908 926 etsi
935 892 1045 937 longe¹
1065 895 1178 927 absum
1211 896 1252 927 ab
1285 907 1397 928 eorum
1429 895 1682 934 consuetudine,
1715 896 1774 938 qui

309 948 438 980 illorum
474 950 702 982 existimationi
729 950 848 981 indicta
871 962 964 982 causa
989 951 1183 991 detrahunt,
1215 964 1333 995 eosque
1361 953 1571 996 vituperant,
1604 959 1776 995 antequam

305 1004 508 1047 intelligunt,
534 1007 758 1049 neminemque
792 1014 995 1038 contemnere
1029 1006 1074 1038 fas
1108 1015 1212 1050 puto,
1251 1010 1308 1051 qui
1341 1019 1449 1040 rerum
1482 1009 1605 1040 veritati
1642 1008 1776 1038 investi·

306 1059 428 1101 gandae
451 1062 548 1092 vitam
577 1072 668 1093 suam
704 1063 924 1100 consecravit,
964 1069 995 1094 et
1025 1064 1114 1106 quod
1149 1065 1211 1095 sibi
1245 1065 1371 1095 videtur
1401 1066 1586 1104 invenisse,
1619 1062 1773 1100 candide,

307 1116 467 1158 ingenue,
501 1117 597 1149 libere
616 1119 787 1161 proponit,
818 1120 889 1161 jure
916 1125 1021 1150 tamen
1049 1120 1174 1162 optimo
1204 1131 1221 1150 a
1245 1121 1424 1163 Scripturae
1449 1131 1553 1152 sacrae
1575 1119 1778 1164 perspicuita7

307 1178 336 1204 te
364 1173 574 1205 alienissimos
602 1174 698 1212 dico,
732 1185 813 1217 quos
839 1178 906 1218 ipse
936 1176 1111 1219 intelligere
1139 1188 1274 1220 nequeo.

354 1229 576 1260 Parabolarum
604 1237 697 1261 antea
723 1231 920 1261 mentionem
949 1233 1027 1271 feci,
1050 1233 1152 1275 iisque
1179 1245 1252 1264 cum
1278 1244 1389 1265 omnes
1410 1233 1557 1266 homines
1579 1233 1673 1272 duci,
1706 1238 1780 1264 tum

308 1287 489 1327 praesertim
516 1286 691 1318 Orientales
713 1286 861 1319 delectari
879 1290 1004 1321 monui.
1050 1289 1176 1328 Quanta
1193 1290 1233 1320 sit
1249 1300 1358 1321 earum
1370 1313 1380 1329 ‚
1395 1302 1476 1333 quae
1495 1292 1528 1322 in
1550 1291 1666 1322 Codice
1685 1299 1778 1321 sacro

307 1340 517 1380 exhibentur,
555 1344 762 1387 perspicuitas
793 1350 825 1375 et
852 1343 1059 1388 simplicitas,
1091 1356 1203 1376 omnes
1234 1353 1373 1385 norunt,
1405 1346 1462 1377 sed
1488 1357 1524 1377 ea
1555 1347 1656 1388 major
1681 1354 1779 1387 appa·

309 1396 407 1435 rebit,
437 1398 463 1428 si
495 1398 661 1440 paululum
687 1400 915 1432 attenderimus
947 1400 986 1431 ad
1013 1401 1149 1432 docendi
1179 1403 1335 1433 rationem
1370 1402 1568 1444 reliquorum
1602 1401 1773 1433 doctorum

308 1452 519 1483 Orientalium
550 1454 583 1485 in
618 1454 680 1486 hoc
701 1457 773 1498 ipso
796 1456 1005 1487 institutionis
1027 1468 1150 1499 genere.
1203 1459 1242 1488 tii
1267 1459 1352 1488 enim
1373 1457 1537 1500 parabolas
1559 1463 1777 1500 proponentes

310 1509 352 1538 ita
382 1508 547 1550 indulgere
577 1510 680 1541 solent
713 1511 851 1543 fervidae
882 1512 1103 1554 imaginationi
1136 1523 1240 1552 suae,
1274 1520 1311 1544 ut
1343 1513 1437 1544 nobis
1473 1513 1732 1544 Occidentalibus
1757 1521 1777 1541 a

308 1565 431 1596 ratione
460 1571 491 1596 ct
529 1566 660 1597 veritate
696 1578 794 1609 quam
827 1568 965 1598 maxime
1003 1568 1200 1606 abhorrere,
1233 1576 1263 1600 et
1300 1569 1339 1600 ad
1376 1569 1585 1600 insulsissima
1616 1568 1771 1611 figmenta

310 1620 587 1663 ineptissimosque
621 1622 711 1653 lusus
753 1622 856 1654 delabi
889 1623 1069 1656 videantur.
1124 1625 1252 1656 Juvabit
1281 1625 1343 1656 hoc
1369 1636 1438 1656 uno
1465 1625 1643 1656 ostendisse
1669 1633 1778 1656 exem·

309 1676 384 1718 plo,
409 1677 497 1719 qnod
520 1688 538 1707 a
561 1679 632 1709 viro
654 1678 768 1708 harum
800 1690 907 1710 rerum
930 1680 1087 1723 imprimis
1111 1692 1212 1722 gnaro
1240 1681 1358 1718 didici,
1395 1681 1547 1723 quodque
1579 1691 1646 1710 non
1671 1679 1778 1710 solum

312 1732 488 1763 illustrandi
518 1733 584 1764 vim
607 1733 720 1772 habet,
744 1734 799 1765 sed
822 1734 862 1765 ad
893 1740 996 1765 totum
1022 1737 1176 1767 orationis
1194 1747 1282 1768 meae
1304 1743 1529 1779 argumentum
1556 1735 1647 1766 valet.
1699 1736 1780 1767 Nar-

312 1795 381 1818 ratst
414 1789 558 1820 doctores
590 1790 791 1828 Tamudaei,
824 1789 1045 1821 Rabbinorum
1079 1792 1220 1834 aliquos,
1249 1792 1327 1822 dum
1362 1792 1553 1822 veherentur
1581 1791 1661 1821 mari
1697 1801 1779 1832 quo-

313 1843 385 1874 dam
415 1845 544 1886 ignoto,
571 1856 660 1876 axem
688 1849 890 1889 conspexisse
916 1853 1117 1889 portentosae
1145 1848 1396 1890 magnitudinis,
1429 1847 1462 1876 in
1491 1847 1602 1877 mediis
1626 1846 1778 1878 fluctibus

311 1910 442 1931 crurum
469 1908 560 1932 tenus
592 1909 727 1933 stantem
746 1925 755 1939 ‚
786 1903 888 1944 capite
915 1902 1017 1933 sidera
1050 1910 1300 1946 contingentem.
1346 1903 1462 1934 Puerili
1496 1904 1618 1934 inscitia
1658 1902 1779 1934 vadum

312 1956 441 2000 aliquod
463 1965 546 1990 ratos
567 1958 755 1991 descendere
778 1969 817 1992 eo
839 1958 998 2000 voluisse,
1022 1965 1057 1992 ut
1087 1960 1238 2004 languida
1269 1970 1404 2002 corpora
1436 1958 1559 2002 frigidis
1586 1958 1681 1992 undis
1704 1969 1778 2002 per·

1715 2014 1783 2046 tun·
