1913 2417
381 92 893 135 COM'MENTATIO
951 102 1302 134 sso'rANtca.
1560 112 1593 141 απ

76 194 157 228 turae
175 188 306 226 cognitio
332 197 383 225 per
406 189 467 218 sola
497 188 645 217 ratiocinia
668 196 727 216 non
753 187 935 223 acquiratur,
966 186 1164 223 experientiam
1188 185 1246 214 nisi
1272 185 1337 221 his,
1367 192 1399 214 ut
1423 186 1591 216 fundamen-

60 231 161 276 tum,
188 240 335 278 junxeris,
363 248 506 269 aeternum
530 239 659 274 errabis,
690 246 722 267 ut
742 246 817 266 recte
837 237 1154 274 Smmmerdammius,
1184 246 1261 268 nunc
1286 237 1408 266 breviter
1430 238 1589 267 indicemus

77 299 129 328 ea,
150 300 184 321 ex
205 291 311 327 quibus
332 298 466 320 constare
487 290 601 327 possit,
623 290 824 325 proprietatem
843 291 914 318 hanc
930 290 1119 325 excernendi,
1141 289 1165 318 si
1179 297 1238 318 non
1252 288 1282 318 in
1300 288 1456 325 omnibus,
1478 288 1507 318 in
1523 289 1588 326 plu-

74 343 156 374 rimis
168 349 262 372 tamen
285 342 414 379 plantis,
437 341 575 371 foliorum
595 340 677 369 faciei
701 340 828 370 inferiori
843 347 1016 377 competere.

117 404 145 426 1.
172 395 331 433 Quomodo
351 402 401 431 gas
423 393 616 429 oxygenium‚
640 391 779 420 foliorum
802 391 876 420 illud
899 392 984 421 nobis
1007 391 1222 420 saluberrimum
1249 398 1482 427 excrementum,
1511 392 1590 428 qmd

75 446 188 482 reliquo
211 447 271 474 aere
297 445 387 481 magis
408 445 605 481 ponderosum
629 452 692 472 esse
713 443 781 480 (9)
806 450 942 479 constat,
976 452 990 472 e
1015 443 1097 472 foliis
1121 443 1300 478 exhalatum,
1324 443 1360 472 ad
1383 443 1534 478 animalia,
1562 443 1592 472 in

75 497 189 527 telluris
212 496 364 534 superficie
387 495 536 533 degentia,
572 496 740 524 descendere
768 494 882 531 possit,
912 495 1020 531 optime
1045 494 1183 531 explicari
1204 500 1324 530 potest,
1352 494 1397 529 si,
1427 493 1590 523 inferiorem

77 547 215 577 foliorum
240 548 371 584 paginam
395 547 542 582 exhalare,
571 547 665 577 minus
692 546 763 575 bene
784 554 874 582 vero,
903 547 928 575 si
951 546 1126 583 superiorem
1148 554 1246 574 eorum
1276 544 1378 574 faciem
1401 545 1457 574 hoc
1480 553 1586 574 munus

75 607 230 637 peragere,
253 606 446 628 assumamus·

116 659 145 680 ρ.
174 650 205 678 Si
226 649 304 679 forte
326 654 526 686 argumentum
549 648 629 685 prius
647 648 742 678 minus
767 649 913 686 stringens
932 650 1020 678 alicui
1036 649 1186 684 videatur,
1208 648 1434 684 experimentum
1452 656 1594 685 sequens,

75 701 156 737 quod
177 701 288 730 Illustri
309 700 501 738 Brugmamio
523 699 660 735 debetur,
693 702 861 730 sententiam
885 708 1012 730 nostram
1035 709 1145 738 egregte
1167 699 1288 736 probare
1314 700 1411 729 credo.
1454 701 1521 729 Duo
1545 709 1595 729 su-

74 759 192 782 mantur
212 751 294 789 globi
320 751 423 786 vitrei,
449 751 479 780 in
501 752 620 779 alterum
645 751 834 781 immittantur
860 752 951 787 folia,
972 753 1006 780 de
1028 751 1161 788 pluribus
1181 751 1344 787 plantarum
1369 752 1523 787 speciebus
1547 753 1596 781 de-

74 810 192 840 sumta,
223 810 345 838 quorum
375 801 462 830 facies
486 801 635 831 inferiores
659 803 723 831 oleo
747 803 944 838 obliniantur‚
973 803 1002 831 in
1024 803 1142 830 alterum
1167 809 1236 830 vero
1254 821 1264 837 ‚
1293 802 1327 830 de
1355 801 1454 831 iisdem
1489 804 1595 840 plantis

73 855 228 890 desumet,
254 853 345 889 folia,
368 861 492 889 quorum
512 853 630 890 paginae
646 854 807 890 superiores
821 855 921 883 codem
947 854 1011 882 oleo
1034 852 1235 889 obducantur,
1255 859 1303 888 et,
1324 854 1466 890 aperturis
1492 855 1594 892 globo-

71 915 136 936 rum
160 906 296 935 omnibus
320 905 374 933 rite
399 904 527 940 clausis,
555 910 623 941 post
644 906 763 941 aliquod
788 912 922 942 ternpus,
951 905 980 934 in
1008 905 1064 933 hoc
1090 905 1179 940 globo
1212 912 1341 941 magnam
1366 914 1523 943 corporum
1546 915 1594 937 ex„

70 958 316 988 crementitiorum
338 957 451 993 copiam
473 956 609 993 colligere
629 957 759 993 poteris,
781 958 848 985 dum
874 957 904 986 in
925 957 979 985 iilo
1003 956 1076 985 nihil
1104 955 1287 985 observabis.

111 1007 226 1039 Haecce
248 1008 337 1046 igitur
359 1007 535 1043 manifesto,
563 1015 596 1036 ut
617 1007 755 1043 confido,
784 1008 893 1038 indicio
916 1016 981 1037 esse
1005 1007 1160 1042 videntur,
1190 1007 1351 1043 plantarum
1375 1009 1405 1037 in
1428 1010 1594 1040 universum

70 1060 131 1099 (in
161 1061 330 1090 universum
354 1059 438 1095 dico,
461 1067 550 1096 quum
573 1058 698 1088 fortasse
722 1067 840 1096 quoque
860 1059 1043 1089 inveniantur
1065 1059 1197 1095 plantae,
1217 1066 1269 1094 per
1289 1065 1435 1096 utramque
1455 1059 1593 1091 foliorum

71 1112 174 1142 faciem
195 1117 395 1147 excernentes‚
424 1112 504 1148 quod
527 1119 557 1141 v.
581 1119 607 1142 c.
633 1110 668 1141 de
692 1110 880 1141 Graminibus
905 1110 1059 1142 verisimile
1090 1109 1232 1148 videtur>
1258 1109 1328 1141 folia
1352 1119 1402 1149 per
1428 1111 1591 1143 inferiorem

72 1163 177 1193 faciem
205 1163 345 1192 exhalare.

107 1215 259 1253 Quaenam
279 1214 309 1243 in
333 1213 415 1243 foliis
439 1213 620 1250 reperiuntur
641 1221 766 1251 organa,
787 1222 860 1251 quae
879 1223 1014 1245 vasorum
1036 1214 1231 1244 exhalantium
1253 1222 1373 1244 munere
1395 1214 1585 1253 funguntur?

108 1266 154 1295 Ut
174 1266 289 1302 plantae
306 1265 341 1293 ab
363 1265 416 1301 iis,
438 1273 511 1301 quae
533 1265 690 1294 nutritioni
706 1266 805 1303 inepta
821 1273 910 1303 sunt,
931 1266 1044 1295 liberari
1058 1265 1195 1303 possint,
1217 1272 1334 1296 naturae
1355 1267 1469 1295 Auctor
1489 1275 1585 1297 earum

71 1316 156 1347 foliis
178 1316 256 1345 dedit
279 1324 403 1354 organa,
426 1316 495 1345 huic
517 1315 665 1346 functioni
685 1318 860 1354 peragendae
875 1318 1102 1347 accommodata.
1142 1317 1197 1346 Pili
1218 1317 1356 1347 foliorum
1378 1318 1513 1348 nimirum
1530 1327 1590 1349 non

70 1374 183 1398 tantum
215 1368 424 1404 absorbendis,
457 1375 490 1397 ut
514 1376 600 1404 supra
622 1368 767 1404 vidimus,
796 1369 845 1397 sed
868 1370 952 1398 etiarn
978 1369 1067 1398 variis
1101 1368 1267 1406 liquoribus
1292 1371 1475 1400 excernendis
1504 1370 1594 1399 mani-

71 1419 150 1449 festo
174 1419 338 1448 inserviunt
364 1419 461 1456 (ιο).
505 1419 612 1448 Earum
638 1427 706 1448 vero
731 1420 891 1455 plantarum
914 1418 1002 1456 folia,
1030 1429 1102 1456 quae
1122 1420 1191 1456 pilis
1216 1421 1352 1450 destituta
1375 1428 1465 1456 sunt,
1490 1421 1589 1458 liquo·

71 1479 118 1501 res
137 1471 330 1500 excernendos
353 1478 404 1506 per
428 1471 629 1506 epidermidem
654 1470 827 1506 transpirat-e
852 1471 984 1500 videntur
1011 1472 1110 1509 (11).

111 1521 201 1560 Quod
228 1521 367 1550 foliorum
400 1521 451 1558 pili
480 1522 638 1558 humores,
667 1530 720 1558 pro
747 1521 927 1551 Oeconomia
949 1523 1100 1559 vegetabili
1134 1522 1252 1552 inutiles
1275 1522 1393 1559 factos,
1419 1529 1592 1560 excernant,

73 1573 175 1605 multis
199 1572 374 1609 argumentis
401 1573 517 1608 probari
540 1579 641 1609 posset
656 1593 667 1608 ,
697 1573 804 1608 quibus
836 1579 929 1603 autem
954 1582 1014 1603 non
1038 1583 1113 1611 opus
1143 1580 1207 1610 est,
1237 1582 1325 1610 quum
1355 1575 1450 1611 ipsius
1475 1581 1592 1604 naturae

72 1624 241 1654 observatio
264 1623 410 1652 veritatem
437 1624 523 1661 hujus
556 1623 713 1653 sententiae
744 1630 896 1655 monstret.
936 1625 985 1654 Ad
1010 1625 1106 1661 apices
1131 1626 1207 1655 enim
1230 1626 1374 1662 pilorum,
1402 1625 1453 1662 qui
1474 1625 1597 1663 superfi-

70 1676 144 1706 ciem
165 1675 303 1704 foliorum
330 1681 452 1712 tegunt,
483 1675 598 1711 saepius
624 1676 754 1712 guttulae
779 1683 996 1712 gummosornm
1020 1683 1050 1706 et
1070 1677 1191 1706 aliorum
1218 1677 1364 1714 liquorum
1386 1677 1592 1707 observantur:

70 1727 114 1756 sic
140 1734 169 1756 v.
196 1734 223 1755 c.
248 1726 296 1756 Cl.
321 1726 360 1755 du
384 1726 536 1755 Ilamelius
562 1727 649 1764 (12)
680 1728 716 1756 acl
736 1728 887 1764 quamdam
921 1727 1076 1757 Mau-tiniae
1110 1729 1256 1765 speciem,
1284 1730 1361 1758 haud
1383 1730 1422 1758 ita
1443 1729 1552 1766 pridem
1574 1736 1591 1757 e

71 1777 233 1808 Lovisiana
256 1777 388 1813 allatam,
418 1778 602 1813 observavit,
630 1779 692 1816 ejus
718 1778 788 1807 folia
812 1779 881 1815 pilis
906 1779 989 1809 valde
1011 1779 1169 1809 subtilibus
1198 1789 1260 1810 esse
1284 1781 1399 1816 obsita,
1428 1787 1456 1810 et
1479 1781 1508 1810 in
1533 1781 1587 1810 ho-

71 1837 134 1859 rum
161 1828 287 1866 pilorum
311 1829 444 1865 apicibus
468 1830 580 1859 haerere
602 1830 733 1867 guttulas
763 1830 889 1866 liquoris
915 1831 1076 1868 pellucidi,
1099 1832 1209 1863 viscosi
1230 1839 1316 1870 atque
1340 1831 1490 1863 odoriferi.

97 1916 149 1945 (9)
173 1917 226 1940 vu,
243 1916 359 1946 Jacqm'n,
380 1918 494 1939 Elementa
517 1920 635 1949 Cherusca,
656 1922 708 1943 Vol.
721 1919 740 1944 Ι.
760 1927 809 1948 pag.
822 1926 859 1947 59.
1506 1883 1598 1921 QUOG

98 1959 166 1987 (ιο)
187 1960 238 1981 Vid.
260 1958 381 1979 Wldenow
402 1960 417 1984 l,
434 1960 449 1982 1.
469 1967 521 1990 pag.
533 1962 582 1990 387„
613 1961 709 1988 Kieser,
725 1961 836 1982 Elemente
851 1965 894 1981 etc·
917 1968 968 1990 pag,
983 1962 1033 1985 161.

97 1999 165 2030 (n)
186 2001 238 2024 Vld.
255 1999 376 2021 Wldenow
396 2001 412 2024 Ι,
433 2007 452 2025 c.
705 2004 773 2032 (ια)
792 2003 809 2025 l.
823 2003 838 2026 1.
857 2003 922 2026 Tora.
937 2004 954 2026 l.
977 2010 1026 2032 pag.
1042 2005 1094 2032 183.

859 2043 926 2074 Ga.
