1913 2417
254 231 309 254 10²
451 231 456 235 ·
525 215 761 258 ςῘΑΟΟΒΙ
819 213 1133 245 HERMANI
1189 214 1504 248 PHILIPSE

970 309 998 346 S.
1038 318 1068 339 2.

304 408 497 436 Veruntamen
528 412 593 433 cum
614 403 801 440 plurimorum
824 401 995 430 Absentium
1020 400 1150 431 conditio
1172 403 1240 431 adeo
1264 403 1371 432 incerta
1393 403 1452 439 sit,
1477 409 1509 431 ut
1534 411 1568 432 ne
1592 404 1695 433 nuntio
1714 405 1779 441 qui-

260 461 327 490 »dem
356 459 428 486 forte
451 458 486 486 de
512 456 594 485 obitu
619 457 724 490 allato,
752 464 811 491 quo
836 461 956 490 accepto
980 462 1091 482 omnem
1119 453 1327 483 dubitationem
1355 454 1495 483 sublatam
1521 456 1564 483 vel
1591 454 1781 492 prudentissif

267 521 334 540 xnus
357 508 548 543 existimaret,
571 515 681 544 semper
702 508 784 543 plena
811 507 880 537 fides
904 508 943 536 sit
971 508 1118 542 habenda,
1147 507 1282 536 facillime
1302 509 1428 544 eveniet,
1451 516 1502 545 ut,
1525 509 1549 537 si
1576 509 1683 538 talibus
1708 509 1781 538 indi-

265 563 323 591 -ciis
345 561 415 589 fides
439 559 534 588 habita
553 558 614 595 sit,
643 566 675 587 ac
704 559 778 587 bona
806 559 861 590 fide
884 567 975 588 novae
995 560 1113 596 nuptiae
1145 567 1298 588 concessae
1326 559 1433 589 fuerint
1458 567 1484 588 et
1512 559 1634 596 legitime
1659 559 1781 589 celebra-

270 620 336 647 tae,
358 612 437 648 prior
465 611 574 647 conjux
599 617 774 645 revertatur,
796 616 852 638 aut
874 612 971 639 saltem
1001 612 1073 647 quid
1095 612 1129 640 de
1153 619 1186 639 eo
1211 611 1393 647 innotescat,
1420 611 1533 647 nuptiis
1562 612 1618 648 jam
1648 619 1784 640 consum-

268 664 375 693 ·ntatis:
400 664 486 698 idque
507 669 713 696 nonnunquam
740 661 865 690 accidere
886 670 974 698 posse
995 663 1159 700 praesertim
1183 663 1214 690 iu
1234 663 1394 698 militibus,
1425 671 1547 698 quorum
1573 662 1654 691 multi
1680 671 1782 699 perpe-

270 724 329 744 ram
353 714 475 744 mortuis
498 713 671 741 adnumerati
696 713 782 741 vitam
809 713 948 750 degebant
971 715 1048 750 apud
1070 714 1190 749 hostes,
1220 715 1250 743 in
1267 722 1392 750 quorum
1413 722 1514 742 manus
1538 713 1714 749 inciderant,
1735 722 1783 742 ex-

266 765 403 803 perientia
426 766 492 801 plus
516 765 603 793 semel
622 764 733 792 docuit.
775 764 854 801 Quid
875 764 986 801 igitur?
1008 774 1042 794 an
1066 766 1121 794 tale
1142 766 1374 801 matrimonium,
1403 772 1433 793 ut
1458 765 1582 801 primum
1607 764 1727 793 cuilibet
1747 773 1784 795 ex

263 816 404 853 cognatis
430 817 463 844 de
488 816 545 844 vita
566 816 704 844 Absentis
737 815 840 851 injecta
865 814 951 843 fuerit
974 816 1137 852 dubitatio,
1166 818 1277 846 nullum
1303 817 1438 846 declarari
1463 815 1598 854 poterit?
1627 824 1662 844 an
1685 823 1783 845 omnes

269 869 335 906 ejus
360 867 500 902 effectus,
527 867 694 902 ceteroquin
724 865 864 901 legitimi,
897 866 1080 896 cessabunt?
1128 867 1218 896 Hisce
1246 868 1375 904 negando
1400 868 1552 904 respondet
1580 866 1727 903 legislator
1753 866 1785 895 in

267 925 333 948 art.
364 927 450 955 139„
470 924 498 946 et
525 917 592 946 licet
615 917 702 954 hujus
724 917 793 945 novi
819 917 948 953 conjugii
969 918 1184 954 prohibitione,
1206 925 1239 947 ut
1256 919 1407 954 vidimus,
1431 927 1446 947 a
1465 918 1618 947 *communi
1635 917 1701 954 jure
1722 924 1783 947 non

271 970 442 1004 recesserit,
465 968 686 997 matrimonium
714 974 806 996 tamen
827 969 914 996 semel
938 975 1117 998 contractum
1147 969 1246 998 eximit
1268 978 1283 998 a
1308 969 1512 998 communibus
1533 968 1661 1004 regulis,
1686 967 1786 997 ›omni-

266 1021 401 1057 busque,
422 1020 475 1055 qui
498 1027 532 1047 ex
558 1025 622 1047 art.
645 1019 709 1055 184.
734 1019 801 1048 huic
824 1019 1010 1048 matrimonio
1031 1020 1224 1049 contradicere
1247 1026 1385 1056 possent,
1416 1019 1489 1048 hanc
1511 1018 1675 1047 facultatem
1700 1019 1788 1048 inter·

269 1072 365 1107 dicit,
404 1070 520 1105 solique
554 1070 677 1106 ,conjugi
709 1078 821 1099 reverso
854 1070 932 1098 illam
963 1061 1124 1106 concedit„
1157 1072 1256 1108 ejusve
1285 1069 1468 1100 procuratori
1505 1069 1593 1098 vitam
1625 1070 1794 1109 mandantis⁴

264 1122 371 1152 idonce
388 1121 542 1158 probanti.
579 1119 670 1156 quue
687 1121 821 1157 prudenti
840 1120 981 1150 consilio:
1002 1121 1136 1150 nimirum
1150 1141 1161 1158 ,
1190 1121 1233 1149 uti
1253 1127 1372 1158 propter
1396 1121 1530 1149 incertam
1553 1119 1694 1149 Absentis
1716 1128 1787 1149 con-

265 1173 407 1201 ,ditioncm
425 1172 506 1208 prius
524 1171 736 1200 matrimonium
753 1179 813 1200 non
835 1171 1011 1200 dissolutum
1028 1173 1137 1201 censeri
1154 1179 1287 1208 poterat,
1310 1172 1372 1208 sic„
1398 1172 1583 1200 matrimonio
1608 1172 1693 1200 semel
1709 1171 1787 1200 bont

266 1223 326 1252 fide
344 1228 519 1257 contracto,
539 1221 578 1250 ob
594 1222 716 1251 *eandem
745 1221 882 1251 rationem
905 1223 1011 1251 nemini
1033 1223 1210 1260 permittitur
1234 1223 1322 1252 vitam
1355 1224 1533 1260 conjugalem
1565 1231 1663 1251 eorum
1690 1222 1789 1251 turba-

271 1282 321 1309 re,
342 1274 394 1310 qui
418 1273 474 1301 huc
499 1280 591 1308 usque
613 1273 767 1308 tranquille
792 1272 929 1301 fruuntur
955 1273 1069 1310 juribus
1095 1282 1129 1304 ex
1157 1274 1385 1310 communione,
1416 1282 1500 1310 quam
1530 1274 1606 1302 bona
1637 1272 1692 1302 fide
1716 1273 1797 1306 inies

272 1331 360 1360 furit,
381 1322 612 1360 profluentibus:
635 1323 694 1352 imo
712 1323 934 1360 injustissimum
962 1324 1058 1359 foret,
1080 1324 1178 1353 liberis
1198 1333 1234 1354 ,ex
1257 1325 1398 1361 ejusmodi
1418 1325 1600 1353 matrimonio
1625 1322 1784 1360 procreatis

265 1376 336 1413 jura
359 1375 512 1403 liberorum
538 1373 731 1410 legitimorum
756 1374 891 1410 denegare
916 1374 952 1403 ob
980 1375 1070 1403 solam
1094 1375 1356 1410 praesumtionem,
1377 1375 1458 1410 prius
1481 1374 1692 1402 matrimonium
1716 1381 1789 1402 non-

278 1426 345 1454 dim
370 1425 547 1454 dissolutum
572 1433 646 1454 esse.
684 1425 841 1455 Prudenter
864 1426 953 1462 igitur
967 1425 1122 1455 constituit
1148 1426 1311 1462 legislator,
1333 1426 1494 1461 neminem,
1515 1425 1582 1453 licet
1603 1425 1648 1453 vel
1672 1419 1799 1454 maximi‘

271 1476 367 1512 ipsius
396 1476 529 1511 intersit,
559 1477 636 1505 litem
666 1477 721 1506 hac
743 1477 780 1505 de
805 1485 833 1505 re
856 1484 968 1505 movere
992 1485 1104 1512 posse,
1133 1476 1202 1504 adeo
1228 1482 1261 1505 ut
1290 1485 1325 1505 ne
1350 1477 1448 1505 liberis
1482 1476 1597 1512 quidem
1627 1483 1662 1504 ex
1691 1475 1789 1513 priore

280 1527 464 1560 matrimonio
483 1527 624 1561 quaesitis
648 1527 721 1556 illud
741 1528 954 1556 concedendum
978 1528 1016 1556 sit
1040 1527 1117 1565 (5).
1792 1529 1795 1531 ”

317 1577 379 1607 Soli
404 1578 493 1613 igitur
514 1578 631 1615 conju-gi
653 1577 776 1607 Absenti
794 1585 862 1614 post
885 1578 1005 1606 reditum
1032 1577 1098 1606 licet
1119 1582 1233 1613 petere,
1261 1583 1294 1606 ut
1315 1577 1368 1607 liae
1391 1577 1508 1615 nuptiae
1527 1577 1622 1606 nullae
1645 1576 1788 1606 declaren-

282 1634 349 1663 tur-3
373 1635 420 1655 aut
445 1628 469 1656 si
490 1629 552 1664 ipse
568 1631 662 1656 statim
690 1629 779 1657 redire
802 1629 923 1664 nequit,
947 1629 1018 1657 illud
1038 1628 1220 1657 Procuratori
1244 1629 1359 1658 nomine
1383 1628 1522 1659 Absentis
1543 1636 1623 1665 agere
1648 1629 1790 1665 permitti-

283 1686 349 1714 tur,
379 1680 470 1714 inodo⁴
490 1678 529 1711 is,
544 1679 644 1715 idonee
667 1680 789 1716 probet,
815 1688 846 1708 se
869 1680 904 1708 ad
930 1679 985 1707 hoc
1007 1679 1154 1716 negotium
1177 1681 1340 1709 mandatum
1357 1680 1522 1716 accepisse.
1563 1680 1666 1715 Neque
1685 1679 1794 1709 idcirco

282 1731 349 1759 haec
375 1731 457 1759 verba
481 1737 542 1759 art.
571 1738 636 1768 139.
663 1731 766 1759 inserta
792 1740 845 1767 pro
876 1730 971 1759 inutili
1000 1730 1191 1759 additamento
1221 1731 1317 1759 baberi
1347 1731 1476 1765 debent,
1505 1730 1547 1758 uti
1571 1730 1674 1758 volunt
1696 1729 1795 1759 Malc-

288 1782 403 1816 wlsius,
426 1781 466 1809 ad
479 1782 510 1810 h.
529 1782 551 1810 l.
571 1789 597 1810 ct
621 1782 889 1820 Spaugcmergius,
912 1781 972 1809 cod.
985 1802 996 1817 ‚
1015 1788 1075 1810 not.
1096 1790 1146 1818 3.‚·
1163 1781 1233 1809 mibi
1256 1782 1352 1810 saltem
1371 1780 1524 1810 verisimile
1547 1786 1608 1816 est,
1629 1781 1701 1809 nihil
1717 1781 1795 1811 aliud

292 1833 327 1860 iis
352 1832 530 1868 significasse
562 1832 773 1869 legislatorem,
802 1833 858 1862 nisi
889 1833 960 1862 hanc
995 1832 1218 1868 prohibitionem
1252 1839 1306 1860 tam
1332 1833 1388 1860 late
1418 1839 1530 1867 patere,
1562 1837 1592 1859 ut
1616 1839 1674 1860 non
1699 1833 1794 1861 solum

290 1885 339 1920 qui
366 1884 548 1911 emolumenti
572 1891 622 1919 spe
644 1884 813 1912 ducerentur
836 1892 893 1913 non
915 1884 1081 1913 admittendi
1101 1883 1217 1920 forent,
1239 1884 1286 1912 sed
1312 1890 1363 1911 nec
1386 1881 1590 1918 Procuratori‚
1609 1890 1692 1919 quem
1712 1881 1788 1912 forte

297 1940 312 1946 ⁷*
1751 1942 1796 1963 re·

314 2017 365 2045 (5)
388 2017 453 2039 vseld.
477 2016 575 2045 Mcſssx,
598 2018 662 2040 Tom.
675 2017 707 2039 11.
731 2024 753 2044 p.
769 2020 817 2045 187.
838 2018 861 2041 in
876 2019 893 2040 s.
923 2019 989 2041 conf.
1002 2017 1167 2045 Doelvtncomu,
1190 2017 1274 2040 lna-not.
1298 2023 1321 2045 p.
1337 2015 1400 2044 3⁶¹5
1413 2015 1548 2046 J‘roudhm,
1568 2020 1591 2045 pa
1607 2017 1657 2043 ¹⁶5-
1682 2015 1795 2039 Manil-

276 2060 317 2087 λι,
339 2061 431 2081 uimt.
450 2064 498 2086 ¹39·
