1913 2417
370 166 649 199 RESPONslo
676 175 724 196 AD
753 162 1122 204 QUAESTIONEM
1148 162 1485 194 LITERARIAM.
1655 168 1693 200 29

178 252 319 288 'quosdam
348 252 472 281 honores
505 250 733 280 Atheniensibus
757 250 885 279 tributos
912 249 1003 278 fuisse
1027 248 1182 277 verisimile
1206 254 1268 282 est,
1294 248 1342 284 jus
1368 249 1526 284 κκθεδρίσις,
1553 246 1689 284 προεδρίας

179 304 290 338 aliaque
314 304 420 332 multa:
443 303 481 332 ita
499 309 533 332 ut
556 304 586 332 in
608 311 709 339 magna-
726 301 861 330 Graeciae
886 308 966 337 parte
986 301 1078 329 eadem
1103 299 1161 328 fere
1181 299 1254 329 civis
1279 299 1463 330 Atheniensis
1489 305 1564 328 esset
1589 304 1688 326 aucto-

176 354 276 389 ritate,
298 362 354 389 qua
376 360 476 389 postea
498 354 649 383 Romanus
669 353 725 382 fuit
748 354 776 381 in
801 352 870 381 orbe
895 359 1043 380 terrarum.

178 418 183 423 ·
212 406 339 435 Primum
362 411 531 433 conventus.
557 405 703 434 sociorum
735 404 891 441 quotannis
917 404 951 431 de
980 403 1065 431 rebus
1094 402 1301 431 communibus
1328 401 1524 435 habebantur3
1557 400 1606 429 sed
1627 400 1694 437 (ι)

175 456 201 485 ii
216 457 273 493 jam
295 456 401 485 dudum
426 463 490 484 ante
513 456 620 485 bellum
646 456 922 492 Peloponnesiacum
945 453 1004 482 fieri
1025 454 1180 483 desierunt.
1221 453 1301 482 Dicit
1323 451 1397 480 enim
1417 450 1592 487 Thucydides
1605 450 1696 479 Athe-

175 507 289 536 nienses
313 508 442 544 primum
470 507 509 535 ita
528 507 687 543 praefuisse
708 507 817 543 sociis,
839 512 871 535 ut
897 505 939 533 illi
963 505 1074 542 legibus
1100 506 1161 534 suis
1188 511 1335 533 uterentur
1359 510 1386 531 et
1414 504 1443 531 in
1466 504 1555 534 κοίνοις
1580 502 1694 537 ξυνόδεις

179 558 303 586 consilia
320 564 470 594 caperent:
491 558 562 587 hanc
579 560 738 588 libertatem
753 558 1005 594 quasi-opponens
1023 556 1047 584 ei
1058 577 1068 592 ‚
1091 565 1162 593 quae
1179 563 1274 585 secuta
1292 562 1356 590 est,
1373 553 1518 584 servituti.
1548 552 1611 580 Nec
1628 559 1696 581 sane

175 609 313 638 credibile
334 615 395 644 est,
425 609 617 639 Athenienses
638 609 729 639 sociis
757 616 813 638 tam
839 608 978 645 egregiam
1006 608 1248 645 opportunitatem
1275 607 1386 635 dedisse
1416 606 1451 633 de
1477 603 1690 633 defectionibus

175 660 357 689 deliberandi.
393 676 430 683 —
455 660 512 689 Hic
536 668 628 689 autem
656 669 715 690 non
740 667 784 689 est
807 660 1088 696 praetermittendum·
1118 659 1273 694 Periclem,
1302 667 1361 687 sua*
1382 656 1546 693 patriaeque
1577 655 1699 684 fortuna

178 712 311 746 elatum,
333 711 362 739 in
391 712 486 740 animo
518 711 675 747 habuisse,
703 712 860 741 concilium
886 711 1041 746 colligere,
1070 719 1130 739 non
1162 710 1308 739 sociorum
1332 715 1461 743 tantum,
1490 706 1540 735 scd
1569 706 1698 734 omnium

177 762 354 791 Graecorum
385 761 552 798 ubicunque
585 763 630 791 vel
659 763 793 799 Europae
819 764 863 792 vel
890 763 975 792 Asiae
1001 761 1160 790 habitarent
1189 762 1267 798 (2).
1311 760 1477 788 PraeteXtus
1502 764 1582 791 erat,
1610 763 1642 784 ut
1666 756 1700 783 de

177 811 315 842 Graeciae
346 813 461 848 templis
488 822 503 841 a
526 814 619 842 Persis
648 814 783 843 incendio
813 814 930 849 deletis,
960 814 995 842 de
1020 813 1174 842 sacrificiis
1204 821 1256 848 pro
1289 810 1465 840 Graecorum
1495 809 1588 837 salute
1617 805 1700 835 debi-

177 864 238 898 tis,
258 864 380 898 denique
403 864 437 892 de
460 870 522 893 tuta
544 865 726 901 navigatione
750 872 778 892 et
803 873 872 901 pace
890 865 1026 893 servanda
1053 864 1174 892 consilia
1200 863 1351 890 inirentur.
1394 861 1503 888 Revera
1527 865 1619 888 autem
1642 865 1702 884 ma-

173 914 265 951 jorem
288 914 401 942 civitati
428 922 495 942 suae
521 915 719 943 auctoritatem
749 915 922 950 conciliare,
952 906 1061 951 legatos
1094 922 1126 942 ut
1151 913 1267 942 obsides
1294 913 1411 941 retinere
1433 918 1482 940 aut
1511 909 1604 938 simile
1628 907 1699 944 quid

177 966 274 995 moliri
294 965 442 999 cupiebat.
484 965 530 994 ln„
540 974 603 1001 quo
624 972 661 993 ut·
676 966 904 1000 frustra-esset,
931 965 1024 993 effecit
1048 964 1187 1000 sagacitas
1212 963 1515 992 Lacedaemoniorum.

217 1015 403 1045 Defectiones
427 1021 519 1044 autem
543 1017 690 1045 sociorum
717 1016 899 1045 subditorum
927 1024 1010 1051 quam
1035 1008 1159 1052 graviter
1186 1014 1378 1043 Athenienses
1403 1013 1457 1041 ulti
1481 1011 1609 1045 fuerint,
1630 1017 1698 1039 cum

176 1076 211 1097 ex
234 1067 377 1102 aliorum,
403 1073 462 1094 tum
488 1075 520 1095 ex
547 1067 707 1096 Samiorum
733 1068 863 1104 exemplo
885 1073 1020 1102 apparet:
1043 1066 1093 1102 qui
1114 1074 1202 1101 quum
1226 1066 1282 1103 jam
1306 1065 1415 1099 ὑπήκοοι
1438 1062 1507 1092 facti
1531 1063 1630 1091 iterum
1654 1063 1701 1090 de-

177 1118 335 1153 fecissent,
360 1126 458 1146 muros
485 1117 614 1152 diruere,
637 1119 754 1149 obsides
777 1120 859 1154 dare,
880 1126 967 1147 naves
991 1118 1116 1152 tradere,
1139 1116 1281 1153 ingentem
1306 1115 1442 1152 pecuniae
1465 1123 1604 1143 summam
1630 1122 1701 1142 con·

179 1169 251 1199 ferre
274 1169 365 1198 coacti
389 1175 456 1197 suut
476 1170 554 1206 (3).
603 1169 644 1199 Iis
677 1171 773 1206 enim,
804 1179 876 1206 quae
900 1157 1006 1204 Duris,
1029 1157 1115 1205 poeta
1138 1164 1251 1197 Sami'us
1279 1168 1313 1195 de
1341 1166 1457 1194 immani
1480 1165 1699 1194 Atheniensium

176 1221 305 1251 vindicta
329 1220 451 1256 cecinit,
473 1222 570 1257 nulla,
600 1229 718 1251 anctore
740 1222 925 1257 Plutarcho,
948 1221 1016 1249 fides
1043 1220 1171 1248 habenda
1195 1218 1305 1247 videtur
1326 1220 1409 1256 (4);
1440 1224 1612 1252 quamquam
1638 1224 1699 1251 quo

175 1271 353 1300 crudelitatis
384 1271 459 1300 haud
497 1273 536 1301 ita
567 1275 660 1302 multo
692 1281 760 1308 post
785 1272 999 1309 processerint,
1028 1277 1168 1299 testantur
1199 1270 1416 1298 deliberationes
1449 1269 1483 1296 de
1508 1264 1701 1303 Mitylenaeo-

175 1331 238 1351 rum
262 1328 339 1350 sorte
361 1322 474 1351 habitae
493 1324 582 1360 (5),
605 1331 728 1353 testatur
749 1324 816 1353 item
836 1324 994 1353 Meliorum
1017 1322 1136 1350 exitium
1158 1321 1250 1358 (6),
1279 1320 1390 1357 aliaque
1415 1320 1522 1354 multa,
1545 1319 1579 1347 ad
1595 1319 1700 1346 bellum

171 1372 445 1406 Peloponnesiacum
469 1373 650 1405 pertinentia.

216 1421 350 1456 Denique
371 1428 454 1455 quam
487 1420 590 1449 misera
615 1421 702 1450 fuerit
732 1428 760 1450 et
791 1423 900 1460 abjecta
931 1422 1075 1451 sociorum
1102 1421 1254 1456 con-litio,
1282 1428 1341 1449 non
1373 1420 1458 1448 motio
1482 1428 1515 1449 ex
1541 1420 1699 1448 vehementi

177 1480 276 1503 eorum
304 1471 333 1499 in
361 1471 550 1500 Athenienses
575 1473 643 1501 odio
671 1479 766 1508 patet,
796 1481 894 1501 verum
923 1481 962 1501 exv
987 1480 1022 1500 eo
1049 1472 1132 1500 etiam
1162 1472 1241 1507 quod
1268 1471 1398 1500 historici
1423 1472 1505 1507 ipsos
1531 1471 1697 1506 saepissime

180 1532 326 1554 servorum
347 1522 496 1559 (δούλων)
520 1523 636 1552 nomine
667 1524 810 1560 appellant
831 1524 910 1560 (7).
963 1523 1002 1551 Et
1027 1523 1097 1551 mihi
1127 1523 1261 1559 quidem,
1288 1531 1361 1558 quae
1389 1522 1423 1550 de
1453 1521 1526 1557 ipsis
1555 1521 1698 1557 exposui,

180 1575 210 1604 in
237 1573 401 1602 memoriam
424 1574 569 1601 revocanti
599 1574 730 1610 profecto
757 1584 787 1603 ea
816 1574 968 1603 durissima
991 1574 1117 1603 servitus
1140 1574 1308 1610 appellanda
1332 1580 1401 1602 est:
1434 1572 1617 1608 quamobrem
1649 1571 1703 1599 mi-

173 1625 296 1657 tandum
332 1632 392 1654 non
424 1630 489 1661 est,
515 1624 563 1660 id,
597 1627 675 1664 quod
700 1625 825 1656 Pericles
855 1625 1019 1663 providerat
1047 1625 1134 1663 (8),
1163 1624 1339 1661 accidisse,
1359 1630 1391 1654 ut
1425 1623 1534 1653 scilicet
1564 1621 1638 1651 socii
1668 1627 1702 1649 ut

1641 1680 1701 1708 pri.

206 1746 258 1776 (ι)
275 1746 327 1770 vid.
345 1745 439 1772 Thucyd.
460 1747 481 1774 1,
503 1751 531 1775 97
550 1747 573 1770 in
588 1748 607 1770 t.
861 1748 912 1777 (α)
928 1748 978 1772 Via.
999 1747 1063 1771 Plus.
1085 1748 1110 1769 in
1127 1746 1231 1771 Pericle.
1254 1750 1274 1768 c.
1289 1749 1324 1771 11.

205 1788 259 1815 (3)
282 1789 332 1810 Vid-
360 1787 452 1814 Thucyd.
472 1789 500 1818 1,
520 1794 567 1815 ¹¹7·
801 1789 874 1818 ·(⁴)
894 1790 946 1812 Vld.
966 1790 1030 1812 Piae.
1048 1789 1071 1811 in
1090 1788 1198 1815 Pericle,
1218 1793 1239 1810 c.
1252 1788 1289 1809 αἱ.

205 1827 258 1856 (5)
280 1829 373 1854 Tlmcyd,
396 1829 442 1856 ΙΙΙ,
465 1829 566 1858 36-49,
848 1831 900 1859 (6)
923 1829 1018 1857 Tltrlcyd.
1038 1832 1073 1857 V,
1093 1829 1142 1853 116-

208 1876 261 1905 (⁷)
284 1874 376 1902 Thucyd.
393 1877 417 1904 1,
440 1876 475 1904 98.
505 1873 596 1905 Πρώτη
625 1882 655 1900 τε
683 1869 751 1902 αὕτη
772 1870 851 1903 nime
876 1871 1013 1907 (Νάξος)
1040 1871 1179 1904 ξυμμαχῖς
1204 1871 1275 1902 nup&
1303 1866 1334 1896 τὶ
1366 1869 1506 1900 reabse-nube
1533 1865 1701 1894 {saumata

175 1919 273 1945 ἵπειται
298 1918 325 1944 δὲ
350 1919 393 1943 κιίῖ
419 1922 470 1945 τῶν
493 1919 583 1946 ἄλλων
610 1922 643 1951 ὥς
669 1919 751 1952 ἑκάς-ῃ
775 1917 879 1953 ξυνέβη.
925 1921 982 1946 Item
1003 1921 1122 1950 Xenophon
1147 1923 1175 1945 de
1197 1922 1257 1949 Rea.
1279 1919 1361 1944 Athen.
1389 1927 1409 1943 c.
1424 1922 1441 1943 1.
1464 1922 1484 1949 §-
1501 1920 1540 1945 18,
1564 1920 1592 1940 de
1612 1915 1703 1942 indit&

180 1972 295 1995 sociorum
316 1972 417 1996 locuruS,
437 1970 498 1992 addit
523 1967 565 1993 διὰ
589 1968 668 1993 τοῦτο
689 1964 729 1992 οὖν
754 1967 777 1992 οἵ
795 1967 933 1998 ἀῦμμκχοι
958 1965 1077 1991 δοῦλοι
1101 1965 1148 1989 τοῦ
1171 1962 1249 1994 δήμου
1269 1966 1319 1989 τῶν
1333 1962 1468 1991 Ἀθηνκίων
1488 1961 1611 1988 sexis-7:251
1630 1960 1698 1988 μὲὶλν

179 2017 234 2042 Min
416 2016 469 2046 (Β)
494 2017 587 2046 Thucyd.
608 2019 633 2047 1,
653 2024 702 2046 ¹4⁸-
724 2013 761 2041 Οὐ
780 2015 829 2048 γᾱρ
848 2013 1013 2045 &euxinum
1035 2014 1069 2043 μῆ
1090 2012 1181 2038 {nauita
1199 2010 1265 2041 ἧμῦν
1281 2011 1358 2037 ’ὄντων
1377 2008 1419 2036 εἰτ’
1441 2008 1538 2038 αὐτοῦς
1559 2006 1702 2038 epatu-nien,

936 2058 1001 2094 D3
