1913 2417
181 836 306 891 Tanta
327 864 374 891 est
394 869 502 892 rerum
528 859 766 901 humanarum,
793 862 969 896 Auditores
996 861 1256 907 Exoptatissimi!
1281 861 1468 896 vicissitudo
1493 870 1588 908 atque
1611 865 1663 897 ina

178 916 380 954 constantia,
405 917 564 961 tantisque
590 918 710 951 fallacis
734 931 770 951 ae
796 920 953 953 instabilis
975 920 1122 953 fortunae
1144 918 1293 963 procellis
1318 919 1468 953 homines
1485 921 1520 952 in
1535 922 1660 965 magnis

178 978 405 1016 tempestatum
431 975 601 1018 periculis,
628 983 800 1009 nautarum
838 979 957 1016 instar,
985 987 1245 1022 quaquaversum
1269 977 1517 1021 propelluntur,
1541 985 1579 1009 ut
1607 989 1663 1009 ne-

177 1039 251 1068 mo,
274 1036 538 1074 quantocumque
571 1033 724 1077 ingeni0,
755 1045 959 1077 quacumque
989 1034 1193 1078 providentia
1222 1046 1259 1066 ac
1287 1035 1472 1077 sagacitate,
1508 1045 1526 1065 a
1549 1041 1662 1066 natura

178 1085 342 1128 praeditus
375 1097 444 1119 esse
474 1089 644 1129 videatur,
676 1100 818 1133 unquam
859 1090 1029 1133 providere
1066 1091 1190 1134 possit,
1221 1090 1302 1134 quid
1326 1090 1388 1121 sibi
1416 1091 1451 1121 in
1475 1097 1664 1133 posterum,

174 1141 260 1185 quid
284 1142 411 1175 dicam?
435 1145 505 1187 ipso
529 1153 657 1188 postero
681 1147 733 1178 die
758 1154 951 1179 eventurum
980 1148 1046 1187 sit;
1074 1153 1128 1178 aut
1156 1158 1222 1190 quo
1255 1147 1412 1190 iniquiori
1447 1146 1499 1178 vel
1530 1147 1665 1181 feliciori

176 1209 286 1230 rerum
312 1206 431 1230 eventu
464 1211 522 1232 sua
549 1202 703 1241 consilia,
735 1214 753 1234 a
776 1214 875 1247 scopo
906 1203 969 1235 sibi
993 1206 1178 1248 proposito,
1207 1203 1273 1235 sint
1301 1202 1474 1236 deflexura.
1521 1204 1565 1236 Et
1590 1205 1664 1248 quis

174 1256 343 1294 Vestrum,
367 1255 542 1288 Auditores
567 1259 810 1301 spectatissimi!
833 1271 904 1292 eam
930 1267 1109 1293 eventuum
1144 1262 1393 1293 inconstantiam
1421 1272 1489 1293 non
1514 1271 1661 1304 unquam

171 1318 324 1355 expertus
350 1313 422 1344 est?
466 1314 626 1358 Equidem
659 1316 761 1349 Vobis
793 1317 995 1351 dissimulare
1026 1318 1113 1350 haud
1140 1329 1297 1362 possum,
1334 1329 1404 1350 eam
1438 1328 1526 1350 meae
1559 1318 1662 1361 ipsius

173 1369 270 1400 sortis
291 1369 549 1411 instabilitatem,
573 1383 656 1416 quae
683 1373 764 1404 mihi
790 1385 916 1419 semper
941 1376 1113 1419 sapientiae
1145 1375 1391 1419 consequendae
1419 1376 1577 1407 rationem
1603 1375 1663 1407 ob-

174 1425 270 1464 tulit,
293 1437 349 1469 per
369 1433 468 1459 totam
496 1430 612 1469 vitam,
642 1441 694 1462 me
719 1431 832 1463 crebro
858 1440 1028 1476 expertum
1051 1433 1160 1465 fuisse.
1207 1433 1363 1475 Quamvis
1391 1433 1502 1471 enim,
1529 1443 1546 1463 a
1574 1439 1662 1464 tene-

173 1491 209 1512 ra
237 1489 358 1524 aetate,
389 1483 546 1517 desiderio
575 1494 671 1530 atque
701 1499 810 1520 amore
844 1490 961 1521 artium
994 1496 1028 1522 et
1058 1491 1265 1523 scientiarum
1284 1514 1293 1529 ‚
1329 1490 1439 1521 nescio
1473 1489 1660 1532 quomodo,

175 1537 395 1581 ssagraverim,
427 1547 534 1573 tamen
569 1555 685 1587 magna
713 1545 794 1576 mihi
820 1546 1048 1589 impedimenta
1075 1548 1161 1579 viam
1195 1547 1234 1578 ad
1262 1557 1314 1578 eas
1349 1545 1582 1589 persequendas
1609 1546 1661 1578 in·

173 1595 396 1628 tercluserunt.

214 1652 368 1690 Pueritia,
392 1651 533 1684 indolem
557 1655 647 1697 sequi
674 1667 726 1689 me
748 1658 924 1702 prohibens
941 1682 951 1697 ,
982 1659 1057 1691 trita
1083 1659 1144 1692 fuit
1182 1660 1216 1691 in
1243 1671 1281 1691 eo
1310 1660 1393 1691 vitae
1412 1670 1547 1703 genere,
1571 1659 1662 1704 quod

171 1707 377 1750 parentibus,
401 1708 481 1740 mihi
508 1710 542 1741 iu
573 1719 738 1746 aeternum
768 1716 981 1757 venerandis,
1006 1728 1056 1748 me
1085 1717 1221 1760 degente,
1246 1717 1447 1760 aptissimum
1475 1717 1659 1749 videbatur:

172 1765 216 1796 ita
239 1767 377 1797 versanti
410 1766 444 1797 in
465 1768 645 1808 curriculo,
670 1773 806 1804 omnino
839 1773 944 1804 alieno
976 1784 994 1804 a
1029 1774 1140 1817 primis
1176 1773 1306 1811 oibitis,
1341 1784 1420 1816 quas
1454 1783 1508 1805 eos
1535 1773 1660 1817 ingredi

171 1829 316 1865 oportet,
347 1824 404 1866 qui
429 1833 496 1855 sese
527 1824 568 1856 ad
600 1825 777 1860 litterarum
810 1836 842 1861 et
877 1830 1037 1861 bonarum
1069 1831 1186 1861 artium
1212 1829 1318 1861 studia
1347 1830 1545 1871 devoveant,
1577 1829 1657 1862 illud

172 1886 278 1910 tamen
311 1879 391 1911 mihi
425 1880 572 1912 innatum
601 1889 633 1914 et
670 1886 762 1926 quasi
799 1885 936 1917 infixum
969 1886 1161 1919 desiderium
1200 1887 1364 1918 molestiae
1386 1887 1467 1918 milii
1495 1886 1657 1919 obstantes

171 1947 240 1968 non
272 1936 480 1978 imminuere,
517 1938 573 1971 sed
611 1942 713 1984 magis
749 1945 914 1987 magisque
946 1944 1200 1979 inssainmavere.
1246 1946 1404 1988 Perpauca
1434 1944 1544 1983 enim,
1575 1953 1657 1986 quae

954 2002 982 2035 Δ
1008 2013 1026 2033 2
1598 2009 1658 2032 mt-
