1913 2417
224 143 262 197 2‘8
427 138 431 141 ¹
563 162 594 200 J.
679 158 1362 192 R.THORBECKE

234 247 308 276 teies
331 245 493 275 dialectices
507 244 688 280 disciplinam
709 244 771 272 suis
795 243 990 273 fundamentis
1007 244 1172 281 regulisque
1187 244 1318 274 fundavit
1335 250 1362 274 et
1386 244 1558 281 descripsit:
1582 253 1638 282 qua
1660 254 1750 283 opera

235 297 376 335 praeclare
397 296 588 333 Scepticismo
613 295 767 324 auxiliatus
786 302 840 325 est.

274 348 343 385 Quo
370 348 448 377 facto
473 356 516 376 res
535 348 590 384 jam
613 355 646 375 eo
668 347 803 383 perducta
827 355 888 376 esse
913 348 1079 386 videbatur,
1103 357 1135 378 ut
1155 350 1217 386 ipsa
1238 351 1336 379 harum
1362 359 1454 379 rerum
1474 350 1601 379 conditio
1624 357 1651 380 et
1673 358 1748 379 tem-

233 411 339 440 porum
364 403 436 431 ratio
462 402 577 438 gignere
601 401 823 437 scepticismum
858 402 1045 431 universalem
1064 402 1186 430 deberet.
1228 401 1371 430 Nimirum
1391 403 1424 430 de
1449 403 1524 431 omni
1544 403 1750 439 philosophiae

234 461 314 490 parte
337 454 394 491 jam
418 461 465 481 eae
488 453 638 481 extiterant
665 451 885 487 contentiones,
915 458 943 481 et
974 453 1176 481 sententiarum
1205 453 1427 489 discrepantiae,
1458 461 1490 483 ut
1522 454 1586 482 inde
1614 454 1752 482 materiae*

234 505 305 534 satis
333 512 478 540 superque
507 504 668 541 subjectum
695 511 758 532 esse
785 503 975 540 Scepticismo
1008 504 1095 533 videri
1119 503 1235 539 possit;
1264 505 1297 532 de
1328 504 1482 532 theoretica
1513 504 1700 540 philosophia
1728 513 1750 532 a·

233 555 399 595 primordiis
423 555 487 583 inde
507 555 732 591 philosophiae,
752 555 786 583 de
803 555 927 590 practica
945 555 1075 590 inprimis
1099 562 1167 591 post
1192 555 1366 583 Socratem:
1387 556 1542 584 disserendi
1571 555 1690 584 facultas
1716 562 1744 584 et

234 606 395 635 dialectices
413 612 486 634 artes
498 625 509 641 ‚
531 614 601 641 quae
617 613 758 635 armatura
772 613 840 635 sunt
857 613 884 635 et
901 607 1116 643 propugnacula
1129 606 1276 642 Sceptices
1287 626 1297 640 ‚
1319 607 1388 634 adeo
1404 606 1561 642 perpolitae
1578 606 1634 642 jam
1645 613 1721 635 erant
1731 627 1749 642 ,ψ

233 657 307 685 etin
324 657 441 692 pulvere
458 662 486 684 et
503 656 531 685 in
547 657 610 693 ipsa
630 657 688 686 acie
704 657 887 693 exercitatae,
910 668 995 695 opera
1014 660 1212 688 Eleatlcorum
1229 678 1240 694 ‚
1268 659 1506 696 Megaricorum,
1526 659 1746 695 sophistarum,

234 713 269 735 ut
291 707 363 735 nihil
384 708 418 735 ad
442 707 622 743 Scepticismi
646 716 729 736 usum
753 717 812 737 non
831 709 959 739 adfuisse
983 710 1200 739 existimandum
1216 710 1266 738 sit.
1303 710 1392 739 Porro
1412 710 1495 738 Plato
1515 710 1700 745 multiplicem
1718 710 1753 738 itr

236 758 314 786 omni
331 757 532 795 philosophiae
549 765 626 794 parte
645 759 848 789 sententiarum
871 761 1062 790 diversitatem
1087 762 1195 798 egregie
1216 768 1406 797 exposuerat,
1427 768 1457 789 et
1479 761 1515 789 ad
1533 760 1672 797 principia
1695 769 1750 789 sua

238 815 441 843 revocaverat,
465 815 492 836 et
509 809 563 837 sub
582 818 640 838 uno
657 810 739 845 quasi
763 811 899 847 adspectu
916 814 1125 849 collocaverat3
1152 813 1354 841 contrariarum
1373 818 1515 840 momenta
1533 811 1703 846 opinionum
1722 816 1750 840 et

239 861 366 898 pondera
382 867 513 888 accurate
529 860 754 896 examinaverat,
771 868 798 890 et
812 862 987 899 singularum
1007 864 1207 892 sententiarum
1226 863 1437 891 refutandarum
1457 862 1519 898 ipse
1533 862 1593 890 vias
1610 863 1750 890 rationes-

239 918 296 947 que
309 916 456 946 tenuerat,
473 916 500 938 et
516 911 578 938 aliis
595 911 779 942 indicaverat.
820 914 952 949 Denique
967 915 990 943 si
1009 915 1176 944 obstetricis
1194 914 1288 943 adhuc
1302 922 1386 942 manu
1400 921 1475 949 opus
1491 919 1567 947 erat,
1588 919 1620 940 ut
1634 912 1747 941 instans

239 961 337 990 foetus
360 961 389 989 in
408 962 498 989 lucem
518 962 664 997 ederetur,
690 964 784 991 aderat
806 965 996 1000 Aristotcles,
1018 966 1068 1000 qni
1093 966 1273 993 Socraticam
1291 966 1366 993 illam
1384 971 1412 992 et
1436 964 1618 991 Platonicam
1634 963 1751 992 dubita-

240 1012 349 1040 tionem
366 1012 400 1040 de
421 1012 555 1040 omnibus
575 1012 681 1048 rebus,
712 1019 741 1041 et
763 1015 841 1043 nulla
865 1015 1050 1044 affirmatione
1071 1016 1198 1044 adhibita
1221 1014 1463 1043 consuetudinem
1484 1013 1641 1042 disserendi
1667 1014 1752 1042 relin-

242 1068 354 1097 quens,
377 1069 404 1090 et
420 1071 531 1091 omnem
549 1063 763 1099 philosophiam
781 1066 815 1094 ad
833 1066 1032 1102 Dogmaticam
1050 1066 1187 1095 rationem
1211 1073 1238 1094 et
1256 1066 1449 1101 Empiricam,
1473 1064 1571 1093 multis
1588 1065 1664 1093 illam
1682 1072 1753 1093 con-

239 1111 420 1140 tentionibus
438 1114 492 1149 jam
511 1121 635 1143 vexatam
647 1135 658 1150 ,
679 1116 854 1146 transferens
870 1124 898 1146 et
917 1126 1074 1152 revocans,
1095 1117 1320 1154 Scepticismum
1334 1117 1469 1145 excitavit
1485 1122 1513 1144 et
1536 1117 1618 1152 quasi
1641 1125 1752 1152 provo-

242 1163 331 1192 cavit·
372 1165 531 1192 Aristocles
555 1168 592 1202 (1
606 1166 639 1202 >2
660 1168 683 1196 εἰ
705 1170 779 1204 γὰρ,
802 1168 916 1204 inquit,
937 1170 1017 1205 μηδὲν
1036 1172 1200 1205 πεφύκαμεν
1224 1171 1376 1207 γνωρΙζειν,
1398 1170 1471 1199 οὐδὲν
1497 1168 1541 1198 ἔτι
1559 1169 1602 1198 δεῖ
1623 1169 1680 1204 περ)
1699 1169 1754 1198 τῶν

240 1215 333 1245 ἄλλων
355 1220 471 1246 σκοπεῖν.
512 1215 650 1251 Ἐγένυντο
679 1219 728 1252 μὲν
758 1218 798 1249 οὖν
827 1220 871 1249 καὶ
895 1223 949 1249 τῶν
976 1221 1063 1249 πάλαι
1088 1222 1178 1255 τινὲς,
1207 1222 1230 1251 οἱ
1259 1222 1381 1258 ἐφέντες
1403 1222 1482 1255 τήνδε
1506 1221 1554 1254 τὴν
1575 1219 1685 1257 Φωνῆν,
1716 1218 1755 1253 οἷς

240 1266 393 1302 ἀντείρηκεν
416 1268 429 1296 ὃ
455 1265 664 1303 Ἀριστοτέλης·
685 1269 782 1305 ἴτχυσε
805 1272 895 1304 μέντοι
921 1273 1035 1299 τοιαῦτα
1059 1271 1145 1306 λέγων
1166 1273 1212 1302 καὶ
1234 1274 1341 1309 Πόῤῥων
1364 1273 1376 1301 ὃ
1402 1271 1525 1304 Ἠλεῖος.
1565 1269 1678 1298 Etenim
1702 1278 1754 1298 ex·

241 1318 427 1351 spectandum
451 1316 526 1352 fuit,
549 1317 629 1352 fore,
653 1318 703 1353 qui
727 1327 760 1346 ex
784 1319 916 1347 Platonis
935 1325 962 1346 et
982 1321 1150 1346 Aristotelis
1166 1322 1287 1347 dissidio
1310 1322 1483 1353 anriperent,
1504 1320 1611 1345 nullam
1635 1318 1754 1347 omnino

240 1368 305 1394 esse
325 1367 486 1395 scientiam.
527 1368 643 1405 Pyrrho
673 1375 764 1397 autem
788 1375 873 1398 natus
898 1369 973 1397 circa
1006 1377 1110 1397 annum
1140 1371 1177 1396 A.
1206 1368 1243 1397 C.
1271 1369 1336 1405 376·
1368 1368 1500 1396 floruisse
1523 1368 1681 1396 emendus
1705 1373 1750 1397 est

242 1415 318 1443 circa
339 1425 444 1445 annum
468 1427 542 1454 340,
564 1425 591 1446 et
615 1420 741 1454 aequalis
766 1419 823 1448 fuit
845 1420 1031 1453 Aristotelis,
1063 1419 1113 1455 qui
1148 1419 1259 1454 aliquot
1287 1425 1352 1447 ante
1380 1426 1444 1446 eum
1473 1418 1555 1446 annis
1585 1425 1669 1447 natus
1696 1426 1750 1448 est.

243 1465 342 1502 Igitur
361 1466 389 1494 in
412 1467 582 1497 formatione
614 1469 814 1506 Pyrrhonismi
843 1478 976 1506 magnum
1009 1476 1182 1498 momentum
1213 1469 1348 1497 habuisse
1378 1469 1490 1497 videtur
1511 1476 1541 1496 ea
1565 1477 1665 1504 causa,
1696 1478 1754 1505 qut

241 1515 273 1545 in
306 1517 385 1545 omni
419 1519 548 1554 mundo,
579 1520 641 1548 sive
668 1520 808 1556 naturali,
838 1521 900 1549 sive
930 1521 1052 1555 morali,
1081 1520 1188 1548 nullam
1224 1519 1280 1548 fere
1308 1519 1438 1548 videmus
1466 1519 1566 1555 agendi
1591 1521 1668 1555 vim,
1696 1521 1754 1549 nisi

241 1569 384 1597 contraria
410 1569 522 1597 resistat
543 1570 630 1600 actio.
678 1571 720 1601 Ea
750 1571 823 1600 enim
850 1577 966 1599 naturae
993 1572 1039 1599 lex
1064 1570 1204 1606 imprimis
1235 1572 1316 1599 etiam
1343 1570 1372 1598 in
1407 1570 1606 1605 philosophiae
1638 1570 1761 1599 historia

244 1617 414 1647 observatur
440 1621 514 1657 (2).
555 1621 669 1651 Etenim
699 1623 802 1651 eodem,
831 1622 918 1651 modo
949 1629 1036 1657 atque
1063 1631 1078 1650 a
1107 1621 1211 1657 frigido
1241 1621 1436 1649 rationalismo
1466 1621 1613 1649 reductum
1647 1629 1760 1657 semper

241 1674 270 1696 et
292 1669 446 1698 excitatum
474 1667 589 1700 sensum
616 1673 650 1701 ad
671 1673 886 1708 Mysticismnm
918 1673 1069 1707 videmus,
1099 1680 1158 1707 quo
1182 1672 1383 1710 aequilibrium
1411 1679 1522 1706 semper
1548 1671 1657 1700 illarum
1684 1673 1753 1700 dua·

245 1725 310 1745 rum
327 1719 517 1757 facultatum,
544 1724 667 1752 rationis
684 1730 712 1752 et
736 1733 858 1760 sensus,
878 1731 1008 1753 servetur
1025 1724 1110 1761 (35
1134 1723 1174 1751 ita
1194 1722 1412 1760 Dogmaxismus
1431 1730 1609 1751 commovere
1638 1723 1710 1751 solet
1730 1729 1758 1750 et

1694 1781 1765 1802 QVO·

276 1820 328 1849 (ι)
348 1822 416 1852 Apud
436 1823 515 1845 euseb.
538 1826 560 1847 ι).
577 1827 603 1847 ε.
621 1827 679 1849 XIV.
699 1826 734 1850 18.
754 1835 776 1854 p.
792 1829 839 1853 7⁵⁸.
856 1833 878 1852 e.

275 1861 325 1887 (2s
344 1863 400 1885 Rem
422 1865 494 1891 attigit
514 1866 540 1887 V.
557 1868 605 1887 Cei.
623 1868 728 1894 Kempcr.
750 1869 836 1890 l’roeve
855 1874 912 1890 over
929 1870 973 1890 den
991 1867 1084 1890 invloed
1106 1867 1249 1890 der‘stntk.
1267 1867 1405 1889 Gebtunen.
1421 1872 1452 1888 etr
1471 1867 1512 1888 der
1529 1866 1617 1888 Gonni:
1633 1871 1661 1887 en
1676 1863 1754 1891 wijsm

243 1901 369 1930 §egrippen
391 1911 423 1932 op
440 1905 467 1926 d‘:
491 1913 550 1928 wife
571 1909 705 1935 vetut-ming
724 1915 765 1930 etc.
790 1916 809 1936 p.
827 1910 864 1931 68.

273 1943 326 1971 (3)
348 1945 398 1967 Vld.
421 1948 515 1969 omnino
539 1951 563 1970 V.
583 1950 632 1971 (Tel.
656 1950 741 1975 Borger
762 1949 866 1976 dispum-
887 1951 915 1972 de
934 1950 1090 1975 Myutcismo,
1111 1955 1168 1977 quae
1189 1948 1311 1976 praemium
1333 1949 1402 1971 instit.
1419 1950 1482 1975 Ttyl.
1507 1947 1632 1972 reportavit
1649 1944 1710 1967 1818.
1735 1944 1757 1967 in

240 1981 346 2050 ἑῐυῐθὲἓ-
370 1993 391 2012 l’·
407 1988 428 2010 ⁶·
453 1994 475 2009 et
494 1989 550 2016 Cap.
566 1992 584 2013 l.
606 1992 665 2013 sect.
680 1991 697 2013 1.
716 1990 736 2018 S.
753 1997 772 2014 ι.
794 1999 815 2019 p.
829 1993 870 2018 αθ,
885 1997 919 2020 29.
941 1997 989 2013 not.
1005 1997 1027 2014 v·
1047 1998 1072 2020 p.
1084 1996 1118 2018 μ.
1138 1991 1216 2018 ibique
1234 1991 1258 2012 in
1275 1996 1323 2013 ιιοι.
1336 1996 1357 2013 ι
1381 1996 1403 2013 et
1416 1994 1493 2014 Auen.
1513 1989 1544 2012 ibi
1556 1988 1633 2010 lunda.
1657 1988 1716 2010 sect.
1731 1985 1762 2011 1¹.

282 2029 302 2046 ι.
323 2032 346 2052 p.
360 2030 397 2051 51.

1902 1283 1913 1343 *31:-
1903 1246 1913 1277 πῖ
1902 1172 1913 1240 :ff-u-
1911 1151 1913 1155 .

1902 1369 1909 1383 α
