1913 2417
270 203 313 244 54
431 231 434 233 Α
541 207 775 249 JAcosst
835 209 1146 240 HERMAN1
1203 208 1515 240 Pultltpsr:

281 290 370 320 iidem
401 296 541 321 tueantur
562 291 654 326 bona,
685 300 719 319 nc
746 292 967 331 dilapidentur:
993 301 1020 323 et
1050 302 1117 323 sane
1147 294 1251 322 nemini
1281 294 1371 330 magis
1405 292 1613 322 adminis‘ratio
1645 291 1792 321 bonorum

289 342 370 371 cordi
395 351 458 371 esse
483 343 580 377 solet,
610 337 694 377 qnam
722 343 771 377 qui
793 344 899 379 justam
925 353 1004 380 spem
1028 344 1178 380 concipere
1201 344 1316 380 possit,
1341 345 1402 372 iore
1426 344 1599 379 aliquando,
1631 351 1661 370 ut
1683 343 1792 371 domini

291 393 355 431 jure
381 393 417 421 iis
442 393 579 428 potiatur.
619 392 696 421 Hinc
719 401 837 428 quoque
858 402 916 423 non
941 401 1049 423 tantum
1071 395 1106 423 iis
1128 395 1199 424 hanc
1221 402 1435 430 possesswncm
1459 395 1666 422 concedendam
1693 393 1791 422 existi-

291 444 401 479 mavit,
423 443 472 479 qui
497 443 618 471 Absenti
643 443 758 472 heredes
783 445 818 472 ab
842 444 979 474 intestato
1004 454 1067 474 esse
1091 445 1290 482 colliguntur,
1318 446 1369 474 sed
1393 451 1420 472 et
1442 443 1604 480 legatariis,
1634 444 1792 472 similibus-

291 503 346 530 que
357 515 367 529 ,
390 502 479 529 quum
491 514 501 529 ,
518 493 544 521 si
567 492 686 528 reliquis
703 495 832 523 exclusis
849 495 895 523 illi·
910 496 969 525 soli
984 496 1058 524 bona
1076 496 1274 532 possiderent,
1288 496 1445 524 verisimile
1461 503 1533 523 esset
1545 515 1556 529 ,
1577 495 1688 522 eosdem
1700 514 1712 529 ‚
1729 495 1794 530 plu-

291 546 360 574 rima
384 545 443 574 sibi
459 544 538 573 brevi
566 544 642 573 forte
664 538 789 574 ablatum
809 546 842 574 iri
866 538 1082 582 praevidentes,
1110 547 1135 575 si
1156 547 1190 575 de
1210 546 1292 575 obitu
1313 546 1450 574 Absentis
1472 546 1541 581 quid
1561 547 1628 574 certi
1652 545 1801 573 innotuis-

290 602 353 630 set,
374 603 432 623 non
458 603 515 622 eam
540 595 714 631 diligentiam
738 596 767 624 in
789 597 1013 626 administrando
1036 597 1173 626 Absentis
1196 596 1370 632 patrimonio
1393 596 1593 631 adhibituros,
1623 604 1706 631 quam
1733 597 1795 633 ejus

293 647 442 675 commoda
458 645 650 682 efflagitarent.
692 647 805 676 Eodem*
823 656 941 684 quoque
963 648 1088 677 consilio
1111 648 1232 683 aliquam
1264 647 1409 676 fructuum
1431 654 1537 683 partem
1563 646 1797 675 administratori·

289 696 347 726 bus
371 697 536 733 concessit;
564 705 648 732 nam,
677 697 744 725 licet
765 704 792 726 et
817 707 937 734 aequum
960 699 1114 735 legislatori
1143 699 1237 727 visum
1263 699 1320 734 sit,
1343 698 1616 727 administrationem
1642 699 1713 726 hanc
1736 706 1795 727 non

292 756 415 785 prorsus
441 748 592 783 gratuitam
617 756 700 783 esse,
731 757 847 785 verum,
871 750 921 785 qui
943 750 1065 787 alicujus
1083 751 1121 778 rei
1137 758 1220 778 onera
1237 749 1372 784 subierit,
1402 750 1519 778 eundem
1545 757 1661 785 quoque
1688 749 1798 777 emolu·

294 804 389 829 menta
411 799 577 835 percipere,
602 799 710 828 idcirco
733 805 830 828 tamen
852 800 882 828 in
906 800 1006 836 primis
1036 801 1187 829 maximam
1206 799 1353 829 fructuum
1380 806 1489 836 partem
1520 799 1798 832 administratoribus

292 849 461 884 concessit,
488 858 524 878 ne
559 851 702 880 bonorum
726 851 940 886 possessionem
963 850 1157 887 repudiarent,
1184 857 1212 879 et
1236 850 1277 878 sic
1301 851 1441 879 Absentis
1466 851 1670 886 patrimonium
1699 850 1796 879 def-:u-

292 908 360 929 sore
390 906 417 928 et
447 905 577 930 curatore
600 907 713 930 careret,
761 901 826 930 lmov
844 909 858 929 e
881 901 1020 930 facultate
1041 902 1250 930 continuandae
1273 900 1485 930 communionis
1509 901 1627 938 conjugi
1649 901 1798 938 superstiti

291 958 429 980 concessa
448 951 564 987 (morte
586 952 658 979 enim
682 953 868 987 communio,
891 952 933 980 uti
957 952 1097 987 quaelibet
1121 952 1266 986 societas,
1289 951 1478 986 dissolvitur,
1501 958 1562 980 art.
1586 953 1692 989 ¹441&
1712 960 1799 988 appa·

291 1007 352 1035 ret,
373 1009 431 1029 non
454 1001 516 1029 sola
539 1001 640 1029 mortis
660 1003 835 1038 cogitatione
859 1003 931 1031 hanc
957 1002 1115 1031 doctrinam
1138 1002 1192 1030 niti
1219 1011 1323 1038 posse3
1346 1011 1411 1030 cum
1440 1002 1570 1038 profecto
1594 1003 1671 1031 valde
1693 1002 1797 1030 absur-

291 1051 358 1079 dum
391 1050 485 1085 foret,
516 1058 633 1086 propter
659 1052 769 1080 diversa
799 1053 918 1081 remedia
947 1052 1093 1088 adhibita,
1124 1053 1191 1080 licet
1221 1060 1309 1088 aeque
1334 1052 1439 1080 incerta
1463 1052 1553 1080 sitin
1577 1059 1702 1088 utroque
1731 1060 1800 1081 casu

285 1101 416 1138 ejusdem
439 1101 565 1129 hominis
590 1101 741 1137 conditio,
767 1102 923 1131 Absentem
952 1108 1124 1139 mortuum,
1146 1110 1195 1131 aut
1214 1102 1312 1132 vivum
1337 1103 1448 1131 haberi:
1471 1111 1487 1131 a
1511 1111 1571 1139 quo
1593 1109 1686 1131 tamen
1706 1110 1801 1131 errore

290 1159 352 1183 non
377 1159 475 1181 omnes
491 1160 580 1187 aeque
595 1160 754 1189 caverunt;
776 1154 911 1182 nonnulli
937 1153 1031 1188 enim,
1053 1153 1134 1190 iique
1158 1153 1320 1183 doctissimi
1344 1154 1530 1190 interpretes,
1551 1154 1714 1182 adseverare
1737 1161 1804 1183 non.

290 1202 444 1238 dubitant,
465 1203 632 1233 continuata
654 1203 858 1233 communione
880 1204 1040 1237 Absentem
1062 1205 1161 1234 vivum
1183 1205 1356 1240 existimari,
1385 1205 1530 1241 repudiata
1551 1212 1620 1233 vero
1643 1211 1801 1233 mortuum.

290 1253 381 1290 Quod
403 1253 492 1290 igitur
512 1255 629 1292 conjugi
651 1255 800 1291 superstiti
825 1255 892 1284 haec
911 1263 1028 1292 quoque
1051 1263 1192 1285 reservata
1215 1263 1259 1285 est
1287 1255 1436 1290 facultas,
1452 1255 1553 1292 potius
1576 1255 1676 1284 eadem.
1694 1255 1804 1286 ratione

292 1304 350 1332 niti
372 1304 500 1339 videtur3
531 1305 610 1341 quod
633 1305 766 1333 nimirum
795 1305 821 1333 is
846 1306 956 1340 optime
978 1314 1022 1334 res
1045 1307 1242 1335 administrare
1269 1306 1428 1336 censean
1459 1307 1518 1341 sit,
1548 1306 1598 1341 qui
1623 1305 1748 1342 quodvis
1768 1313 1803 1334 ex

292 1353 346 1382 hac
374 1354 619 1382 administratione
639 1356 867 1383 emolumentum,
881 1362 997 1391 speret:
1012 1356 1060 1383 cui
1077 1357 1205 1391 accedit,
1228 1357 1309 1391 quod
1324 1357 1395 1384 satis
1413 1356 1545 1392 iniquum
1572 1355 1666 1389 foret,
1687 1355 1800 1384 socium

293 1403 329 1431 ab
353 1403 506 1432 heredibus
527 1405 644 1433 alterius
669 1405 742 1434 socii
765 1405 833 1441 cogi
858 1406 892 1433 ad
918 1406 1084 1434 societatem
1109 1407 1345 1442 dissolvendam,
1373 1414 1445 1442 quae
1474 1413 1566 1434 morte
1591 1412 1700 1439 tantum
1727 1406 1804 1435 finiri

296 1453 464 1488 debuisset,
494 1462 559 1484 cum
584 1456 617 1483 de
639 1455 692 1484 hac
715 1462 791 1484 certa
812 1456 940 1484 nondum
957 1457 1036 1485 allata
1057 1457 1117 1485 sint
1134 1457 1238 1485 indicia
1259 1457 1338 1493 (3).
1380 1457 1455 1486 Haec
1480 1457 1568 1493 igitur
1591 1455 1615 1483 si
1638 1463 1804 1492 teneamus,

278 1498 326 1533 'in
352 1504 526 1539 explicandis
553 1512 653 1533 natura
678 1512 705 1533 et
726 1505 876 1534 effectibus
895 1507 981 1543 hujus
998 1508 1191 1542 possessionis
1222 1507 1317 1536 tutius
1343 1507 1496 1544 procedere
1519 1506 1636 1543 licebit,
1657 1514 1684 1535 et
1701 1507 1802 1537 melius

296 1554 471 1592 dijudicate,
499 1554 569 1592 quid
591 1554 621 1583 in
646 1556 748 1592 quavis
772 1564 806 1586 re.
821 1556 995 1594 legislatoris
1021 1558 1108 1587 menti
1133 1557 1299 1588 conveniat..

1004 1636 1036 1672 ς.
1076 1644 1105 1666 2·-

335 1709 488 1738 Possessio
512 1709 578 1746 illa,
600 1719 683 1747 quam
699 1714 893 1751 provisoriam
912 1720 1034 1749 vocant,
1056 1713 1084 1742 in
1107 1719 1169 1743 art.
1189 1719 1252 1749 125.
1271 1713 1404 1750 deposito
1420 1711 1616 1749 adsimilatum
1639 1713 1721 1750 qnod
1736 1721 1806 1749 pos-

296 1761 402 1788 sessuri
429 1767 539 1789 tantum
566 1761 708 1790 bonorum
737 1763 1012 1792 administrationem
1038 1765 1192 1800 concedit,
1215 1773 1338 1800 eumque
1354 1765 1492 1793 rationum
1510 1765 1711 1792 reddendarum
1728 1763 1803 1792 obli-

297 1809 414 1846 gatione
437 1811 606 1848 adstringit,
628 1814 744 1848 quando
769 1814 884 1843 Absens
903 1814 967 1842 dein
988 1814 1122 1850 redierit,
1146 1823 1195 1843 aut
1218 1815 1286 1843 certi
1312 1814 1381 1850 quid
1404 1815 1438 1842 de
1459 1823 1492 1842 eo
1520 1814 1687 1843 innotuerit.
1728 1815 1809 1843 Dico·

299 1867 360 1887 earn
387 1861 519 1896 deposito
542 1862 731 1899 adsimilari,
757 1865 823 1893 licet
846 1871 908 1894 att.
932 1872 995 1900 125.
1021 1873 1080 1893 eam
1099 1874 1190 1894 rex-era
1209 1865 1340 1901 deposito
1361 1866 1559 1902 aequiparare
1581 1866 1607 1892 vi
1620 1868 1727 1893 icatur:
1749 1864 1800 1894 sed

297 1917 363 1938 curn
389 1910 419 1939 in
443 1911 542 1940 multis
566 1922 582 1941 a
605 1915 739 1950 deposito
763 1914 894 1950 differat,
924 1916 1003 1950 quod
1034 1916 1185 1952 utriusque
1216 1922 1345 1944 naturam
1380 1915 1540 1943 adtendenti
1568 1915 1606 1944 ita
1636 1916 1666 1945 in
1697 1915 1801 1944 oculos

1763 1964 1808 1994 in·

294 2022 296 2024 ’
327 2021 382 2050 (2)
400 2024 468 2049 conr.
489 2027 564 2050 iocum
582 2025 678 2057 Lura,
691 2034 758 2057 :upra
777 2029 820 2054 eir.
841 2037 865 2059 p.
878 2035 1029 2060 ⁴27·4³¹·3
1049 2031 1099 2054 add.
1124 2029 1198 2059 um,
1213 2037 1237 2060 p.
1253 2029 1393 2058 suo—285,
1407 2033 1462 2057 ⁴⁸¹,
1479 2035 1530 2056 ⁴2⁴·
