1913 2417
291 194 310 224 ὃ
751 191 863 222 J.T.
917 188 1305 229 PLUsCttKE,

293 303 335 324 na
363 302 468 324 rerum
497 291 709 322 humanarum
746 288 955 321 conformatio
990 289 1123 333 ejusque
1155 299 1267 321 causae
1301 299 1448 332 magnam
1484 297 1604 333 partem
1642 291 1681 323 ab
1719 293 1759 324 iis

292 351 393 392 repeti
419 346 569 379 debeant!

339 405 391 437 Ad
419 415 509 435 casus
533 404 559 434 si
587 408 724 433 mentem
758 402 993 440 convertimus,
1024 413 1152 445 quaqua
1187 401 1506 445 circumspiciamus,
1541 403 1645 435 nullas
1666 404 1760 436 vicis·

294 461 449 493 situdiues
479 467 542 490 tam
575 458 691 489 faustas
711 481 720 495 ,
753 465 816 489 tam
840 458 1010 497 adversas,
1043 465 1106 489 tam
1140 458 1310 496 mirificas,
1344 466 1407 490 tam
1444 459 1643 491 incredibiles
1677 459 1762 491 ullus

294 518 375 549 liber
402 526 544 558 unquam
566 521 715 557 expertus
740 520 807 553 est,
832 526 873 545 ne
898 514 1163 546 celebratissimus
1188 515 1335 558 quidem,
1366 523 1402 546 ut
1428 515 1467 546 ab
1494 518 1549 548 hae
1577 523 1664 560 parte
1687 528 1761 559 pro·

296 576 368 616 pius
400 571 526 603 accedat
557 571 596 601 ad
625 570 778 602 Codicem
810 581 951 609 sacrum,
982 571 1074 614 cujus
1098 572 1218 614 quippe
1244 572 1382 614 origines
1414 579 1444 604 et
1476 573 1635 616 pangendi
1664 574 1761 604 ratio·

295 640 389 667 nem,
417 627 468 659 vel
495 628 688 658 incrementa
720 633 752 658 et
778 627 977 670 propagandi
1014 627 1146 658 modum
1165 650 1174 666 ,
1206 627 1257 658 vel
1293 629 1510 660 auctoritatem
1541 636 1572 660 et
1605 629 1761 660 conditio-

296 695 372 721 nes,
397 683 446 715 vel
464 684 734 725 peregrinationes
750 690 780 714 et
796 684 1032 723 translationes,
1054 673 1104 715 {tel
1129 682 1344 716 infestationes
1365 691 1396 715 et
1417 684 1588 723 vindicias,
1614 695 1760 717 omnem-

294 752 358 785 que
381 740 603 783 jactationem,
628 738 749 781 quibus
774 739 826 771 ille
851 751 906 783 per
928 740 1039 772 orbem
1065 747 1219 772 terrarum
1245 741 1455 772 circumactus
1477 748 1545 782 est,
1568 742 1595 772 si
1613 741 1685 785 quis
1706 751 1762 772 co·

295 800 383 841 piose
416 806 562 828 enarrare
590 795 683 827 vellet
712 802 743 827 et
772 795 873 828 solide
899 805 1070 841 exacteque
1093 803 1217 841 posset,
1249 795 1347 828 finem
1375 797 1501 829 dicendi
1527 798 1644 841 pariter
1666 808 1702 829 ac
1725 796 1764 828 fi-

295 854 367 885 dem
392 854 445 885 vix
467 854 633 885 inveniret.

339 909 424 949 Quid
455 909 558 941 dicam
586 909 625 939 de
651 907 834 949 effectibus,
868 912 926 953 qui
952 912 1013 953 ipsi
1048 911 1218 942 maximam
1253 917 1376 954 partem
1407 912 1447 943 ab
1484 911 1523 943 iis
1548 910 1674 943 casibus
1706 920 1764 954 pe·

298 965 495 1009 penderuut,
525 976 599 996 cum
628 966 666 996 iis
690 966 857 1008 conjuncti
889 966 1042 1004 fuerunt,
1075 973 1106 998 et
1137 967 1187 998 vel
1218 967 1285 998 sola
1318 968 1523 1010 conjectura,
1553 967 1665 1011 quanti
1695 965 1765 998 fue·

298 1024 384 1060 rint,
408 1033 447 1053 ex
470 1022 509 1052 iis
534 1023 692 1053 aestimari
722 1022 880 1064 possunt?
912 1022 991 1065 quid
1019 1022 1059 1054 de
1088 1022 1291 1062 efficacitate,
1323 1035 1420 1067 quam
1446 1023 1499 1055 ille
1526 1024 1560 1055 in
1596 1023 1768 1054 homiuum

299 1078 588 1109 diversissimorum
619 1079 735 1108 animis
767 1078 1013 1109 diversissimam
1049 1080 1248 1111 exseruerit?
1278 1080 1358 1122 quid
1381 1079 1421 1111 de
1447 1078 1659 1116 commercio,
1677 1076 1767 1120 quod

303 1134 380 1165 huic
407 1134 491 1165 libro
513 1145 587 1165 cum
613 1136 703 1166 omni
735 1133 898 1165 literarum
922 1141 954 1165 et
982 1135 1099 1166 artium
1128 1135 1252 1178 origine
1280 1142 1312 1167 et
1340 1135 1567 1176 incrementis,
1595 1143 1670 1165 cum
1696 1133 1769 1164 uni-

304 1201 397 1223 verso
424 1191 587 1221 doctrinae
611 1197 642 1221 et
666 1189 855 1221 eruditionis
885 1197 1038 1234 apparatu
1067 1191 1308 1224 intercesserit?
1352 1194 1442 1233 Quae
1474 1192 1501 1223 si
1527 1191 1600 1234 quis
1632 1189 1714 1221 levia
1737 1194 1769 1221 et

300 1247 409 1278 tenuia
431 1252 538 1289 putet,
560 1247 586 1277 is
615 1247 739 1285 omnia,
772 1257 854 1288 quae
884 1247 918 1277 in
945 1246 1130 1279 mortalium
1164 1259 1268 1291 genus
1299 1248 1444 1286 cadunt,
1477 1247 1571 1279 nihili
1599 1245 1769 1285 facere,‘et

301 1305 532 1336 humanitatem
560 1313 675 1334 exuere
697 1301 798 1333 videri
828 1302 930 1334 debet.
977 1303 1082 1336 Immo
1110 1303 1161 1334 vel
1185 1315 1224 1335 ex
1251 1304 1302 1336 his
1332 1305 1463 1347 paucis,
1488 1314 1569 1347 quae
1597 1302 1699 1345 magis
1722 1307 1771 1335 at·,'

300 1361 375 1403 tigi,
397 1370 494 1404 quam
520 1360 676 1404 exposui,
709 1359 784 1391 satis
810 1370 970 1402 superque
1001 1359 1126 1397 elucet,
1150 1370 1247 1403 quam
1270 1359 1345 1391 felix
1370 1362 1412 1392 sit
1439 1358 1648 1403 praedicanda
1668 1357 1771 1389 socie-

303 1423 367 1455 tas,
391 1427 472 1458 quae
496 1423 559 1448 tam
580 1417 742 1459 egregium
770 1416 968 1458 antiquitatis
994 1423 1261 1455 monumentum,
1284 1423 1347 1448 tam
1372 1414 1583 1448 invidendum
1611 1425 1687 1446 suae
1709 1424 1768 1446 no-

303 1472 433 1503 bilitatis
463 1473 580 1515 pignus
612 1472 771 1516 possidet,
803 1479 835 1504 et
867 1473 991 1516 generis
1028 1474 1078 1504 sui
1113 1472 1286 1505 claritatem
1320 1473 1370 1506 vel
1397 1484 1436 1504 ex
1466 1483 1505 1504 eo
1531 1470 1767 1504 evidentissime

301 1528 519 1560 demonstrare
540 1529 633 1562 valet.

346 1587 484 1618 Tametsi
509 1597 585 1618 vero
603 1588 801 1630 antiquitatis
824 1588 955 1633 aliquod
975 1595 1222 1621 monumentum
1247 1588 1287 1620 ab
1308 1588 1376 1631 ipsa
1395 1593 1551 1620 vetustate
1570 1596 1645 1624 sua,
1668 1581 1772 1616 aucto}

304 1653 339 1675 re
365 1642 556 1686 casibusque
587 1654 736 1687 magnam
761 1646 1071 1678 commendationem
1110 1646 1200 1677 ducit
1226 1646 1544 1687 aestimationemque
1572 1643 1634 1674 sibi
1664 1640 1772 1674 vindi-

303 1706 370 1736 cat,
405 1707 509 1730 tamen
544 1701 578 1730 in
605 1711 644 1730 eo
674 1701 742 1732 solo
775 1703 908 1733 minime
937 1703 1044 1733 omnis
1075 1701 1213 1744 dignitas
1236 1709 1269 1733 et
1295 1702 1483 1746 praestantia
1509 1704 1567 1733 sita
1594 1705 1660 1737 est;
1691 1697 1773 1740 quin

305 1755 383 1786 adeo
408 1757 529 1798 jactura
556 1759 702 1787 omnium
731 1759 929 1800 antiquitatis
963 1765 1249 1789 monumentorum
1279 1769 1346 1788 non
1375 1757 1488 1799 iniquo
1509 1756 1618 1787 animo
1645 1751 1774 1785 ferenda

305 1818 404 1850 esset,
426 1814 453 1843 si
477 1823 512 1843 ea
535 1819 659 1844 tantum
685 1813 753 1855 lege
774 1824 809 1844 ac
833 1813 1018 1846 conditione
1039 1815 1170 1846 retineri
1193 1819 1347 1857 possent,
1378 1819 1415 1842 ut
1445 1812 1541 1841 vitam
1568 1816 1599 1841 et
1616 1808 1771 1845 salutem,

306 1866 482 1899 libertatem
507 1876 538 1900 et
564 1870 780 1908 honestatem,
806 1870 1017 1913 perderemus,
1070 1871 1117 1903 Ita
1157 1868 1365 1914 quantumvis
1402 1869 1577 1908 pretiosum
1606 1864 1769 1896 cimelium

305 1921 413 1953 Codex
437 1933 521 1953 sacer-
554 1935 659 1965 esset,
692 1928 719 1957 si
754 1934 875 1968 praeter
905 1927 1091 1970 adspectum
1126 1933 1159 1959 et
1195 1924 1393 1969 antiquitatis
1420 1923 1662 1954 admirationem
1697 1920 1771 1953 nul-

308 1978 375 2009 lum
405 1979 499 2010 nobis
533 1990 627 2011 usum
667 1987 860 2024 praestaret,
898 1992 973 2013 sane
1015 1983 1170 2024 dignitate
1203 1993 1260 2014 sua
1294 1981 1496 2013 vehementer
1529 1979 1771 2011 diminueretur.

1708 2034 1775 2065 Hoc
