1913 2417
246 99 525 134 RESPONslo
553 111 604 133 AD
633 100 1008 141 QUAESTJONEM
1038 103 1491 136 HYDROSTATICAM.
1590 114 1624 143 23

154 189 198 223 5⁰-
227 186 306 223 Quia
337 186 424 214 situla
447 194 521 222 aqua
543 186 626 221 plena
649 185 738 214 levior
768 192 810 213 est
837 186 910 214 intra
934 194 1055 222 aquam,
1086 195 1169 222 quam
1194 194 1289 221 extra,
1317 195 1369 216 nec
1394 189 1460 222 plus
1486 188 1626 223 ponderat

119 237 202 274 plena
227 238 300 266 intra
322 246 444 273 aquam,
475 245 558 273 quam
582 245 669 266 vacua
693 243 771 265 extra
797 245 872 271 cam,
902 237 960 266 imo
986 234 1100 274 min'us‚
1131 244 1249 274 propter
1279 246 1394 267 causam
1420 239 1475 275 jam
1501 239 1624 274 dictam;

113 297 181 325 crgo
205 297 278 324 aqua
298 288 418 324 situlae,
442 289 510 325 quia
531 288 603 316 intra
620 296 722 323 aquam
744 294 806 323 est,
829 297 888 317 non
909 285 1048 325 gravitat3
1069 289 1195 326 adeoque
1214 297 1265 317 nec
1288 289 1424 325 situlam,
1445 298 1497 318 nec
1518 298 1622 326 aquam

113 339 218 368 situlae
241 339 418 377 subjectam,
439 340 571 368 deorsum
596 338 709 374 premit.

153 390 225 419 Non
247 399 369 426 possum
388 399 447 419 non
468 390 584 425 afferre,
607 398 680 425 quae
703 389 843 418 Scliottus
859 398 946 426 porro
963 391 1038 419 addit
1062 391 1147 429 (1):
1179 412 1202 427 υ
1225 391 1374 428 colligitur
1394 391 1509 427 hinc‚”
1533 393 1630 425 (sunt

115 441 211 477 ipsius
231 441 343 478 verba)
370 462 388 477 „
404 442 520 477 quando
542 440 727 470 Archimedes
741 441 847 477 aliique
865 441 981 476 dicunt,
1002 449 1102 470 ornnes
1124 451 1214 478 aquae
1234 450 1346 478 partes,
1367 442 1433 470 dum
1459 451 1489 471 ca
1516 443 1546 472 in
1571 443 1631 471 situ

114 492 253 521 consistit
275 493 421 528 naturali,
443 493 598 528 aequaliter
620 492 730 529 premi,
753 501 812 521 non
832 501 895 521 esse
912 493 1128 521 sermoncm'de
1149 494 1253 522 actuali
1268 479 1434 529 riressionQ
1455 494 1505 522 sed
1531 495 1627 522 solum

117 543 152 572 de
174 544 373 579 aptitudinali.
411 544 504 574 Premi
537 552 625 573 unum
653 543 689 572 ab
719 544 778 572 alio
805 543 1053 580 aptitudinaliter‚
1082 551 1144 579 est,
1175 544 1276 573 halt-ere
1298 553 1384 581 supra
1406 553 1436 573 se
1469 553 1554 581 grave
1572 552 1632 573 uon

115 600 331 631 sustentatum,
360 602 392 625 ut
411 596 507 625 ablato
529 596 732 631 impedimento
753 596 852 624 cedere
880 602 1001 631 cogatur
1024 596 1139 632 corpori
1165 596 1362 632 incumbenti3
1392 603 1419 624 et
1447 596 1504 624 nisi
1530 596 1635 632 cedat,

114 645 334 680 comprimatur.
373 645 429 674 Vel
451 646 602 675 dicendum
628 653 690 682 est,
720 648 809 683 premi
836 646 949 682 quidem
977 653 1071 682 partes
1092 647 1202 675 humidi
1222 646 1372 676 inferiores
1398 656 1412 675 a
1435 646 1634 682 superioribus

116 695 174 724 sibi
197 695 541 733 superincumbentibus,
569 704 597 727 at
617 706 675 727 non
701 697 865 734 comprimi.
907 698 1005 726 Solum
1034 705 1102 734 ergo
1135 704 1228 733 partes
1253 697 1419 733 superiores
1447 706 1537 733 aquae
1568 702 1634 725 actu

114 753 250 782 premunt
271 747 441 785 inferiores,
465 750 582 784 quando
601 749 645 778 vel
669 749 704 777 ab
726 750 783 777 alio
808 753 979 784 premuntur
1002 749 1184 784 superiores,
1205 748 1250 777 vei
1276 748 1392 784 quando
1418 756 1487 777 sunt
1511 749 1631 777 altiores

114 797 180 825 aliis
204 798 355 833 particulis
382 799 528 836 contiguis
551 801 580 829 in
601 801 698 828 eodem
722 808 807 834 vase,
839 805 887 827 aut
911 799 940 827 in
962 799 1078 828 duobus
1103 799 1219 828 vasibus
1241 799 1317 828 inter
1337 807 1368 827 se
1389 798 1630 827 communicanti-

117 847 191 885 bus;
221 850 268 877 vel
289 849 413 886 denique
435 851 550 886 quando
574 851 648 880 infra
672 859 702 879 se
728 851 833 890 habent
855 849 1004 879 inferiores
1029 850 1189 878 immediate
1212 857 1321 886 corpus
1342 849 1434 878 levius
1456 858 1487 878 se
1509 849 1539 878 in
1565 856 1631 884 spe-

116 899 180 935 cie,
201 908 229 930 v.
253 909 286 937 g.
309 903 424 938 aetem,
444 908 492 930 aut
517 902 720 931 tenuissimum
742 901 880 930 fluidum:
911 900 942 929 in
963 900 1100 929 omnibus
1124 900 1200 928 enim
1225 900 1306 928 hisce
1333 900 1456 929 casibus
1480 906 1575 937 partes
1595 899 1639 928 in-

118 948 238 979 feriores
261 952 369 981 cedunt
391 953 506 988 quidem
530 953 748 989 superioribus,
770 959 798 981 et
820 952 936 981 minime
962 952 996 980 ab
1016 951 1077 979 illis
1091 951 1335 986 comprimuntur.
1378 950 1455 980 Hinc
1473 958 1535 987 est,
1557 950 1636 986 quod

116 1010 190 1037 aqua
215 1002 308 1030 effluat
330 1010 345 1029 e
371 1002 510 1032 foramine
533 1003 561 1031 in
585 1003 679 1032 fundo
708 1010 757 1032 aut
777 1004 863 1031 latere
887 1003 975 1032 vasis.
1019 1001 1095 1030 Hinc
1121 1002 1202 1030 etiam
1228 1009 1288 1036 est,
1311 1003 1390 1037 quod
1409 1002 1531 1031 fundum
1552 1007 1637 1030 tenue

107 1052 194 1081 *vasis
215 1052 382 1081 incurvetur
403 1061 436 1082 ac
460 1055 573 1083 tandem
592 1054 752 1091 frangatur.
794 1054 871 1083 Hinc
893 1053 1016 1089 denique
1037 1059 1102 1088 est,
1132 1053 1229 1088 quod,
1260 1053 1327 1081 dum
1353 1059 1448 1089 partes
1471 1052 1636 1089 superiores

119 1110 309 1140 premuntur,
330 1110 358 1132 et
381 1111 477 1141 partes
500 1105 649 1134 inferiores
667 1114 726 1134 non
751 1105 857 1134 habent
873 1105 1029 1142 effugium,
1050 1111 1098 1132 aut
1122 1103 1197 1132 infra
1216 1110 1266 1133 aut
1291 1113 1305 1133 e
1327 1105 1411 1134 latere
1433 1105 1512 1134 vasis
1525 1124 1536 1140 ,
1557 1112 1640 1132 rum·

117 1161 205 1193 patur
222 1156 323 1192 potius
347 1165 419 1192 vas,
440 1166 524 1193 quam
550 1162 646 1194 partes
670 1157 819 1186 inferiores
844 1157 1071 1192 comprimantur
1091 1154 1202 1192 (2).⁷’

151 1206 230 1236 Haec
255 1207 370 1243 quidem
394 1208 423 1236 in
438 1208 609 1238 Mechanica
625 1209 786 1244 protulerat
801 1214 977 1245 argumenta.
1021 1209 1057 1235 In
1074 1215 1124 1235 sua
1144 1214 1213 1235 vero
1235 1205 1334 1243 Magia
1357 1204 1525 1235 Universali
1540 1203 1581 1241 (3
1595 1202 1635 1239 >2

117 1264 204 1293 quam
220 1258 309 1287 edidit
330 1258 501 1297 Bambergae
529 1261 624 1296 1675,
647 1260 788 1288 Schottus
815 1269 901 1289 unam
919 1260 1071 1288 alteramve
1091 1257 1183 1286 adhuc
1210 1257 1288 1286 addit
1310 1257 1472 1291 rationem,
1493 1255 1530 1284 ob
1548 1261 1637 1291 quam?

103 1316 188 1344 -aqua
210 1309 241 1338 in
258 1318 336 1346 -aqua
360 1319 420 1340 non
440 1312 580 1348 gravitate
602 1310 763 1341 videbatur.
805 1311 880 1340 Sunt
903 1317 1000 1339 autem
1026 1309 1091 1338 illae
1113 1308 1238 1338 rationes
1260 1313 1432 1344 sequentes:

151 1357 238 1392 Aqua
261 1361 293 1385 in
313 1361 376 1390 suis
397 1363 471 1391 locis
493 1372 552 1392 non
575 1364 715 1400 gravitat:

155 1406 198 1437 6⁰.
228 1405 306 1444 Quia
327 1407 421 1435 crines
441 1415 600 1442 equorum,
629 1414 680 1443 qut
703 1414 829 1445 ejusdem
857 1412 1005 1446 gravitatis
1029 1419 1094 1438 curn
1124 1418 1197 1445 aqua
1221 1417 1283 1438 esse
1306 1409 1481 1442 creduntur,
1510 1413 1626 1436 servant

117 1465 322 1496 quemcunque
343 1457 440 1485 locum
463 1458 495 1487 in
520 1467 594 1494 aqua
617 1459 733 1495 datum,
755 1468 807 1488 nec
828 1460 960 1488 deorsum
979 1461 1178 1496 deprimuntur
1195 1460 1230 1488 ab
1254 1468 1326 1495 aqua
1350 1458 1634 1495 superincumbente.

157 1508 200 1548 7⁰.
229 1508 305 1546 Quia
330 1508 460 1545 alioquin
486 1517 585 1538 omnes
607 1518 697 1546 aquae
717 1517 812 1547 partes
844 1510 996 1540 inferiores
1017 1518 1113 1540 essent
1135 1512 1165 1540 in
1190 1517 1331 1548 perpetuo
1358 1515 1463 1545 motu,
1491 1516 1518 1538 et
1538 1517 1638 1546 perpe-

118 1567 171 1591 tuo
190 1569 205 1590 a
231 1559 431 1597 superioribus
455 1561 671 1596 expellerentur.

156 1610 332 1645 Rationem,
359 1618 412 1639 eur
435 1611 464 1639 in
489 1619 562 1647 aqua
591 1612 766 1641 consistenti
796 1618 890 1648 partes
925 1612 1087 1649 superiores
1118 1619 1186 1641 actu
1218 1620 1278 1642 non
1309 1614 1436 1645 premant
1465 1607 1637 1644 inferiores,

110 1662 201 1692 >etiam
226 1671 242 1691 a
264 1662 355 1698 priori
383 1661 503 1690 inveniri
527 1671 615 1699 posse
639 1663 730 1692 credit
753 1663 895 1692 Schottus
919 1671 957 1693 ex
979 1672 1032 1700 eo,
1065 1664 1144 1698 quod
1175 1670 1218 1690 res
1243 1669 1302 1690 non
1334 1660 1446 1690 dicatur
1474 1659 1636 1697 gravitate,

118 1714 176 1744 nisi
200 1719 342 1749 quatenus
365 1711 450 1741 habet
472 1713 546 1742 infra
569 1723 598 1742 se
621 1723 729 1751 corpus
755 1715 848 1743 levius
868 1722 911 1744 sc.

159 1764 233 1794 Suae
261 1764 345 1793 etiam
375 1765 529 1794 sententiae
558 1764 652 1795 favere
678 1765 860 1795 Archimedis
893 1765 1061 1794 sententiam
1089 1763 1205 1801 colligit
1235 1761 1377 1792 Schottus
1399 1768 1434 1790 ex
1463 1760 1542 1790 illius
1571 1761 1642 1791 loco·

1563 1820 1639 1848 quo·

148 1866 198 1895 (ι)
218 1868 243 1889 ln
261 1867 376 1890 Porlsmn.
395 1869 422 1890 ad
441 1868 499 1890 hanc
516 1869 584 1896 Prop.
599 1874 623 1896 5.

148 1906 201 1936 (ι)
222 1908 290 1931 conf.
305 1914 362 1935 quae
381 1915 451 1936 porro
472 1907 526 1932 dixit
545 1910 602 1932 ibid.
623 1911 681 1934 Part.
695 1909 726 1933 11.
748 1907 815 1933 clais.
828 1909 848 1933 1.
871 1907 974 1932 Macrin,
989 1907 1012 1930 6.
1034 1914 1060 1937 ρ.
1073 1910 1123 1936 2945

150 1947 204 1977 (a)
223 1949 275 1972 via.
295 1950 353 1972 rm.
366 1950 404 1973 ιιι,
423 1952 449 1973 1.
463 1952 492 1974 v.
505 1945 613 1974 'usonem
630 1957 653 1976 s·
