1913 2417
667 167 1055 199 ORATIO.
1167 159 1172 162 “
1579 178 1615 211 31

136 265 273 306 magnus
302 260 503 293 Moshemius.
551 262 594 292 Ea
621 261 751 292 materia
776 262 896 292 mirum
929 267 996 298 est,
1019 265 1099 302 quot
1127 259 1275 302 spinosas
1303 259 1534 304 disputationes
1561 273 1616 304 pe=

136 319 279 363 pererit,
311 325 392 360 quot
425 318 616 361 opinionum
653 324 800 361 portenta
834 317 1059 360 procreaverit.
1112 317 1257 356 Leviter,
1289 317 1317 348 si
1353 320 1433 350 ratio
1462 319 1618 360 temporis

140 375 173 407 id
204 381 364 418 pateretur
389 375 468 406 mihi
504 374 544 406 ad
575 373 747 405 dicendum
775 374 938 412 concessi,
969 374 1214 416 perstringerem
1243 381 1338 418 atque
1368 375 1616 419 perlustrarem,

138 432 219 475 quid
241 431 426 474 philosophi
455 431 652 463 Graecorum
669 454 679 470 ,
702 433 943 468 Romanorum,
969 431 1226 473 Aegyptiorum,
1246 434 1410 463 Persarum
1426 455 1436 471 ,
1459 432 1616 463 Indorum

138 488 199 520 hac
220 487 260 519 de
285 499 321 519 re
344 488 501 519 senserint
527 494 557 519 et
583 488 871 531 pronuntiaverint.
918 488 998 518 Satis
1020 494 1067 518 est
1091 487 1126 518 in
1148 499 1317 531 praesens,
1343 488 1482 520 breviter
1508 495 1617 520 osten·

139 545 239 583 disse,
263 555 360 586 quam
392 544 488 586 longe
515 555 532 575 a
559 545 782 588 perspicuitate
804 551 835 576 et
858 544 1059 587 simplicitate
1083 544 1221 576 docendi
1256 544 1433 583 abfuerint,
1457 552 1488 577 et
1517 556 1618 588 quam

137 601 343 633 vehementer
377 608 512 638 erraret,
543 601 600 644 qui
628 612 741 632 eorum
776 601 890 645 placita
917 604 1082 632 communi
1120 602 1228 633 sensui
1257 608 1363 644 patere
1393 601 1613 634 arbitraretur.

138 660 286 699 Quorum
312 657 431 688 scilicet
457 668 531 689 cum
560 657 712 700 permulti
739 658 778 689 de
804 657 927 689 mundo
959 664 1002 688 ita
1033 664 1233 696 statuerent,
1269 665 1306 689 ut
1335 669 1410 690 eum
1435 659 1486 690 vel
1508 661 1616 702 ipsum

137 716 243 746 Deum
273 725 461 757 supremum
488 714 537 745 vel
561 715 619 745 Dei
645 715 821 746 animatum
850 714 980 753 filium,
1012 714 1063 745 vel
1099 715 1158 745 Dei
1183 714 1347 758 quoddam
1381 716 1472 758 quasi
1497 727 1616 759 corpus

137 777 308 814 putarent,
339 770 410 801 fieri
433 781 500 801 non
533 773 664 812 potnit,
694 772 773 814 quin
803 771 843 802 de
870 781 978 801 rerum
1007 771 1155 801 omnium
1184 771 1308 813 origine
1336 771 1556 814 disputantes,
1581 773 1616 803 in

135 827 276 859 diversas
309 828 479 870 opiniones
511 827 716 865 inciderent,
749 839 831 870 quae
863 829 890 858 si
923 837 1036 858 omnes
1072 827 1168 858 simul
1201 827 1384 859 verissimae
1417 835 1540 865 essent,
1574 827 1616 859 ab

134 884 293 915 evidentia
317 890 402 916 certe
430 890 462 915 et
492 885 658 915 communi
685 885 894 927 intelligentia
921 885 1061 915 nimium
1092 890 1249 926 quantum
1275 884 1495 917 abborrerent.
1542 885 1608 924 Qui

135 941 222 971 enim
251 948 399 972 naturam
433 952 500 972 esse
531 941 694 984 quandam
728 940 951 972 existimabant
988 940 1152 980 stabilem,
1183 951 1357 983 perennem
1382 947 1414 971 et
1436 941 1616 973 immutabi-

135 996 216 1037 lem,
240 997 287 1028 illi
318 997 402 1029 nihil
439 997 655 1035 dubitabant,
686 999 766 1040 quin
786 997 838 1028 ‘ex
869 997 927 1028 hac
960 998 1069 1028 omnia
1095 997 1224 1034 fierent,
1248 1007 1330 1039 quae
1352 999 1547 1039 gignuntur,
1572 1001 1615 1029 ita

136 1053 297 1095 quidem,
336 1063 372 1086 ut
404 1055 474 1098 ipsa
507 1054 584 1085 haec
618 1060 730 1084 natura
759 1054 842 1084 nihil
871 1054 1055 1085 detrimenti
1086 1059 1232 1096 caperet,
1264 1053 1319 1084 sed
1344 1054 1553 1096 quantumvis
1579 1055 1618 1085 iu

136 1111 240 1140 varias
261 1108 379 1142 formas
408 1117 439 1142 et
459 1110 579 1152 figuras
604 1120 717 1148 versa,
755 1120 818 1140 una
849 1121 974 1152 semper
1004 1110 1179 1153 eademque
1210 1117 1370 1142 maneret:
1402 1117 1532 1149 contra,
1557 1111 1618 1154 qui2

137 1172 294 1208 perpetuo
321 1166 414 1198 fluxu
437 1173 468 1197 et
497 1172 622 1196 aeterna
645 1166 857 1197 inconstantia
886 1167 995 1197 omnia
1025 1165 1101 1197 ferri
1127 1177 1235 1197 secum
1268 1165 1467 1205 statuebant,
1491 1168 1522 1198 hi
1546 1179 1614 1199 non

137 1229 303 1265 poteraut,
328 1224 408 1266 quin
434 1223 665 1267 decernerent,
704 1233 772 1253 non
804 1222 925 1254 formas
954 1229 1081 1253 tantum
1109 1229 1140 1253 et
1167 1221 1296 1253 habitus
1329 1233 1438 1254 rerum
1464 1230 1617 1256 externos

136 1279 275 1315 mutari,
299 1290 403 1321 quum
432 1280 617 1321 gigneretur
638 1279 780 1322 aliquid,
803 1278 859 1310 sed
885 1281 986 1322 ipsam
1012 1289 1144 1322 quoque
1171 1279 1356 1310 interiorem
1380 1282 1529 1312 materiae
1558 1291 1612 1311 na.

138 1340 245 1365 turam
268 1336 411 1367 converti
435 1343 467 1366 et
490 1335 725 1368 transformari.
768 1335 982 1366 Orientalium
1007 1335 1138 1378 quidem
1166 1335 1435 1379 philosophorum
1463 1335 1516 1366 alii
1539 1347 1613 1379 per.

138 1390 317 1428 bibebant,
346 1398 506 1423 aeternam
534 1392 734 1424 mundorum
761 1392 823 1423 sibi
849 1395 963 1423 seriem
987 1391 1170 1430 succedere3
1195 1393 1264 1428 alii,
1298 1392 1491 1422 creationem
1518 1400 1610 1424 natu·

138 1458 192 1479 rae
218 1449 346 1479 divinae
371 1448 655 1492 amplificationem
683 1451 773 1487 rati,
803 1451 908 1480 Deum
945 1447 1094 1478 dicebant
1128 1458 1236 1478 rerum
1269 1449 1417 1479 omnium
1445 1451 1611 1481 materiam

136 1514 175 1534 ex
210 1507 278 1544 ipsa
309 1507 444 1537 essentia
475 1516 532 1536 sua
558 1506 730 1537 extraxisse
759 1504 847 1536 haud
874 1515 965 1536 secus
991 1511 1087 1546 atque
1117 1514 1230 1534 aranea
1259 1514 1299 1534 ex
1329 1511 1437 1535 ventre
1471 1516 1530 1536 suo
1554 1505 1612 1537 fita

133 1559 255 1593 educit:
280 1563 333 1592 alii
357 1561 533 1600 docebant,
555 1564 658 1592 Deum
688 1568 894 1603 semetipsum
926 1563 1069 1603 primum
1102 1561 1136 1591 in
1161 1570 1258 1590 ovum
1285 1561 1449 1603 quoddam
1475 1572 1610 1593 conver.

134 1617 228 1655 usse,
263 1625 293 1648 et
323 1629 363 1648 ex
399 1618 462 1649 hoc
495 1628 559 1648 ovo
593 1625 703 1660 postea
735 1617 887 1653 coelum,
919 1623 1063 1657 terram,
1095 1616 1203 1647 omnia
1235 1616 1375 1649 fluxisse.
1423 1618 1460 1648 In
1488 1619 1608 1661 quibus

134 1672 407 1716 disputationibus
441 1676 501 1704 etsi
537 1673 625 1704 baud
655 1676 810 1717 gravatim
844 1673 966 1715 ingenii
1004 1673 1137 1703 humani
1173 1673 1332 1704 solertiam
1364 1685 1552 1717 agnoscam,
1577 1682 1610 1708 et

136 1729 304 1761 absurdius
320 1741 374 1761 eos
393 1730 668 1773 pronunfiavisse,
688 1741 786 1773 quam
809 1731 997 1772 cogitavisse
1021 1729 1150 1767 malim,
1174 1733 1432 1773 quotusquisque
1459 1732 1603 1772 taudem,

134 1796 271 1829 quaeso,
296 1787 452 1830 intelligat
479 1788 537 1818 ista
561 1786 859 1829 philosophemata?
890 1793 921 1817 et
945 1787 1017 1829 quis
1055 1786 1130 1817 inde
1154 1786 1193 1817 ad
1216 1797 1266 1817 res
1296 1787 1422 1818 divinas
1443 1787 1608 1822 discendas

136 1842 277 1872 multum
299 1841 466 1885 proficiat?

178 1901 341 1938 Quantum
367 1899 407 1930 ab
433 1900 496 1931 iilis
527 1900 667 1937 distant,
698 1910 780 1943 quae
815 1900 848 1931 in
877 1899 967 1931 libris
1001 1899 1099 1931 sacris
1129 1899 1170 1931 de
1200 1900 1328 1943 origine
1355 1900 1469 1932 mundi
1500 1908 1531 1933 et
1555 1913 1608 1945 ge*

134 1965 220 1987 neris
249 1955 382 1987 humaui
412 1956 622 1989 enarrantur!
670 1957 808 1989 'tametsi
844 1960 935 1989 enim
967 1957 1152 2000 augustiora
1189 1965 1266 1989 suut
1303 1957 1487 1989 mortalium
1519 1959 1607 2001 inge-

1534 2024 1605 2055 nia,
