1913 2417
312 206 331 236 4
647 195 1483 246 P,J.UYLENBR0EK

319 278 564 314 revocaverimus,
584 278 761 315 pressionem
780 277 893 307 nullum
912 278 1014 308 habere
1034 279 1152 314 locum,
1176 278 1289 315 quando
1313 277 1437 314 gravitas
1462 277 1593 312 tollitur,
1622 283 1709 313 atque
1732 277 1821 312 hinc,

321 330 511 367 gravitatione
533 329 612 357 fluidi
647 329 675 357 in
703 331 768 358 loco
797 337 851 358 suo
876 330 998 358 naturali
1020 336 1142 366 negata,
1169 329 1264 365 negari
1287 329 1411 365 ejusdem
1437 329 1465 356 in
1496 328 1591 356 eodem
1616 328 1681 356 loco
1703 328 1826 363 pressio-

323 390 397 411 nem.
438 380 613 409 Aretissitno
636 381 709 409 enim
739 380 858 409 vinculo
884 381 936 408 hae
954 381 1025 409 duae
1055 388 1152 409 secum
1183 380 1305 409 invicem
1330 385 1397 408 sunt
1419 379 1608 414 conjunctae,
1637 378 1676 406 ita
1697 384 1750 413 ut,
1777 377 1827 413 qui

327 433 356 461 in
381 432 555 468 pressionem
583 431 728 467 inquirat,
751 437 838 467 ponat
858 431 956 460 adesse
981 431 1158 468 gravitatem.
1199 430 1264 459 Nos
1289 431 1385 465 itaque
1408 429 1437 457 in
1457 435 1559 458 nostro
1582 437 1722 465 responso
1745 436 1831 464 quae-

324 483 429 511 stionis
453 483 636 511 enunciatum
658 482 768 518 secuti,
799 482 920 518 primum
946 482 1030 510 tacite
1054 482 1133 510 illam
1164 482 1379 518 gravitationem
1408 481 1577 516 posuimus,
1604 481 1688 509 unice
1714 478 1834 508 solliciti

327 535 361 572 de
383 534 491 569 aequali
512 534 556 562 vel
578 533 719 569 inaequali
741 533 891 569 pressione
911 541 1018 569 aquae3
1040 532 1106 560 dein
1130 540 1197 561 vero
1215 532 1398 567 inquisituri,
1420 538 1515 560 utrum
1536 532 1678 568 judicium
1701 536 1832 560 nostrum

328 586 362 613 de
386 585 463 614 dicta
488 584 637 621 pressione
663 590 757 613 stante
782 585 826 613 vel
852 584 968 612 cadente
989 583 1148 620 hypothesi
1174 589 1292 618 nostra,
1314 583 1439 611 validum
1467 583 1525 618 sit,
1545 591 1596 611 nec
1617 591 1662 611 ne.

368 636 470 673 Itaque
491 636 520 665 in
537 638 634 674 primo
658 636 747 673 hujus
773 634 972 672 responsionis
994 634 1087 670 capite
1110 634 1269 663 secundum
1295 635 1370 670 leges
1394 633 1604 669 hydrostaticas
1627 632 1781 669 hypothesi
1804 632 1838 660 de

330 687 519 726 gravitatione
543 687 697 715 fluidorum
723 687 753 715 in
782 686 907 722 propriis
932 685 1006 714 locis
1033 685 1168 721 innixas,
1199 684 1415 721 indagavimus,
1437 691 1534 712 utrum
1561 683 1673 719 pressio
1696 690 1786 718 aquae
1807 682 1838 710 in

330 739 452 778 parietes
469 738 597 766 internos
622 738 701 766 vasis
719 737 830 772 nostri,
853 742 940 772 prout
965 735 1090 764 foramen
1114 736 1244 764 clausum
1268 736 1305 763 sit
1325 735 1368 763 vel
1388 741 1537 771 apertum,
1562 741 1705 769 mutetur,
1726 741 1777 762 nec
1794 740 1839 761 ne.

365 791 518 825 Reliquam
541 788 739 823 responsionis
761 793 867 824 partem
900 786 1107 815 destinavimus
1131 786 1334 821 inquisitioni,
1365 792 1460 814 utrum
1487 793 1586 814 nostra
1617 784 1787 822 hypothesis
1809 784 1839 812 in

330 844 424 880 capite
444 844 469 870 l.
501 839 648 873 adsumta,
676 847 741 867 vera
766 838 805 866 sit
828 846 862 866 an
894 836 984 872 falsa,
1013 837 1041 864 id
1064 843 1130 871 est,
1158 837 1236 865 litem
1258 836 1332 864 inter
1354 836 1457 865 doctos
1483 837 1625 872 quondam
1651 837 1783 873 agitatam
1808 835 1842 863 de

337 891 524 931 gravitatione
555 889 706 918 fluidorum
738 889 769 917 in
793 888 920 924 proprIis
948 887 1041 922 locis,
1070 888 1200 916 dirimere
1225 888 1319 916 conati
1347 888 1475 923 fuimusg,
1507 888 1585 922 quod
1609 893 1640 915 ut
1671 887 1723 915 rite
1746 894 1848 922 proce-

336 946 433 979 deret,
462 942 548 977 hujus
567 940 647 974 litis,
677 946 709 967 ut
734 940 764 967 in
790 939 892 974 quavis
916 938 968 967 alia
989 939 1143 967 dirimenda
1168 939 1286 967 omnino
1306 946 1440 974 oportet,
1468 944 1626 966 accuratam
1657 936 1743 965 nobis
1764 945 1844 965 com-

337 1001 434 1032 parare
456 991 649 1028 cognitionem
675 990 858 1018 studuimus:
887 991 971 1025 cujus
1001 990 1092 1018 studii
1120 990 1349 1024 qualemcunque
1380 989 1508 1017 fructum
1540 989 1574 1017 ad
1599 993 1687 1024 caput
1717 986 1843 1014 alterum

336 1044 506 1074 retulimus:
537 1049 595 1077 quo
624 1041 712 1077 igitur
742 1041 771 1068 in
803 1040 895 1076 capite
931 1040 1051 1068 historia
1086 1040 1172 1076 hujus
1202 1039 1261 1067 litis
1285 1039 1423 1075 traditur,
1453 1039 1633 1068 succinctum
1662 1045 1690 1066 et
1710 1037 1844 1072 brevem,

337 1101 476 1132 quantum
502 1100 546 1121 res
570 1091 633 1127 ipsa
658 1090 850 1125 concedebat,
879 1081 1017 1119 exhibens
1045 1095 1236 1126 conspectum
1267 1089 1438 1126 multiplicis
1469 1090 1617 1118 dissensus
1643 1088 1848 1118 sententiarum

336 1149 370 1176 de
396 1144 582 1183 gravitatione
605 1141 760 1170 fluidorum
786 1141 817 1169 in
840 1141 968 1177 propriis
991 1141 1078 1170 locis.

377 1198 426 1226 Ex
445 1196 490 1224 his
511 1193 623 1222 tandem
646 1192 731 1221 variis
757 1192 906 1220 sententiis
930 1192 961 1220 in
984 1192 1078 1228 capite
1097 1192 1184 1220 tertio
1210 1198 1342 1221 nostrum
1366 1190 1400 1220 de
1425 1200 1456 1220 ea
1475 1191 1633 1228 hypothesi
1655 1190 1783 1228 proferre
1804 1189 1852 1227 ju-

341 1249 448 1279 dicium
472 1245 535 1274 ausi
561 1252 675 1273 sumus.
726 1243 814 1280 Quod
840 1242 981 1280 judicium
1006 1243 1036 1271 in
1063 1251 1096 1271 eo
1119 1249 1268 1278 versatur,
1299 1250 1352 1279 ut,
1380 1243 1618 1278 quemadmodum
1652 1241 1781 1278 quaestio
1806 1248 1854 1282 pe-

343 1301 402 1334 tit,
431 1296 560 1326 exhibeat
593 1295 716 1324 rationes
735 1315 746 1330 ,
775 1295 876 1323 modos
911 1300 938 1322 et
972 1293 1137 1323 discrimina
1156 1315 1167 1330 ,
1195 1294 1302 1330 quibus
1333 1294 1482 1323 dissensus
1513 1299 1686 1322 memoratus
1717 1290 1854 1328 componi

339 1347 444 1387 pbssit.

380 1399 496 1428 Ultimo
518 1396 605 1433 igitur
627 1397 682 1424 hoc
715 1395 808 1432 capite
840 1402 889 1424 aut
921 1395 1035 1424 fermari
1065 1396 1187 1431 debent,
1221 1404 1292 1431 quae
1326 1396 1481 1424 secundum
1518 1395 1592 1431 leges
1625 1392 1854 1429 hydrostaticas‚

345 1458 464 1486 quatum
497 1447 713 1476 fundamentum
738 1453 780 1474 est
806 1447 833 1474 in
859 1447 1038 1482 hypothesi,
1065 1447 1149 1475 fluida
1178 1447 1205 1475 in
1238 1447 1361 1482 propriis
1395 1447 1469 1474 locis
1505 1446 1664 1480 gravitate,
1692 1442 1855 1471 ratiocinati

348 1508 467 1534 sumus,
489 1498 629 1533 siquidem
655 1498 722 1525 haec
747 1497 919 1533 hypothesis
945 1497 1057 1525 stabilis
1080 1497 1140 1535 sit,
1168 1503 1217 1524 aut
1238 1496 1344 1530 everti,
1367 1496 1391 1523 si
1415 1495 1514 1529 cadat,
1544 1502 1571 1522 et
1590 1500 1757 1522 memoratas
1778 1495 1856 1530 leges

344 1553 371 1581 in
395 1551 490 1579 ruinae
514 1548 679 1577 societatem
701 1555 798 1575 secum
825 1548 927 1576 trahat.
1124 1579 1126 1581 ,

383 1602 439 1629 Ilis
471 1600 585 1635 quidem
624 1605 723 1626 nostra
759 1598 936 1633 quaestionis
969 1597 1135 1633 propositae
1171 1596 1383 1633 qualiscunque
1422 1596 1573 1633 responsio
1602 1596 1792 1630 continetur-3
1823 1593 1853 1622 in

350 1661 406 1688 qua
430 1649 609 1687 dijudicanda
629 1649 722 1677 sciant
742 1648 864 1677 velimus
888 1648 951 1676 Viri
975 1647 1157 1682 Clarissimi,
1181 1656 1210 1676 se
1237 1648 1392 1685 dijudicare
1416 1647 1730 1686 opusculumjtironis,
1752 1645 1855 1675 virium

349 1710 464 1732 suatum
489 1698 717 1734 imbecillitatis,
740 1699 764 1727 si
793 1700 860 1735 quis
882 1700 975 1734 alius,
998 1699 1117 1729 maxime
1140 1699 1263 1728 conscii.

1785 2066 1861 2098 CA-
