1913 2417
285 189 324 221 16
783 186 1250 219 MEMORIA

282 288 366 320 tam,
400 288 435 312 ut
459 280 516 324 qui
541 281 745 312 Anatomicus
777 286 842 311 erat
867 286 921 310 aut
950 279 1113 318 Medicus,
1147 281 1182 312 in
1208 279 1351 312 secandis
1383 285 1438 311 aut
1465 280 1648 312 scindendis
1679 283 1760 314 ossi·

283 337 344 369 bus
369 344 472 374 totus,
506 349 594 368 nunc
621 337 708 368 velut
742 343 861 380 partem
891 347 1151 380 unamquamque
1185 337 1328 379 corporis
1357 337 1490 369 humani
1516 338 1757 377 conciliantem,

282 394 454 425 arctissime
488 394 576 436 juxta
607 399 753 424 naturam
787 392 1037 435 conjungentem
1060 417 1068 433 ‚
1105 395 1303 437 eximiaeque
1339 401 1435 425 notae
1467 395 1621 437 pictorem
1653 395 1759 437 ipsum

283 449 412 482 diceres.
442 451 545 489 *Quin
572 456 603 480 et
636 459 753 492 paucos
775 448 842 479 dies
869 456 959 491 post,
981 461 1056 481 cum
1081 450 1163 482 idem
1190 450 1270 482 illud
1299 461 1417 482 munus
1445 453 1480 482 iu
1499 451 1658 482 auditorio
1675 451 1758 493 phy-

284 507 350 538 sico
376 506 414 537 ad
439 506 529 537 illum
556 505 616 536 fuit
642 505 803 542 delatum,
833 506 983 536 utilitates
1009 517 1166 544 summas,
1198 520 1216 538 e
1247 507 1352 539 studio
1376 508 1519 550 physices
1551 508 1754 549 experimen-

286 562 354 594 talz's
377 561 545 599 oriundas,
578 568 640 592 tam
669 561 810 599 erudite,
842 561 957 592 diserte
980 569 1011 592 et
1036 563 1170 594 facunde
1198 565 1375 602 enarravit,
1409 570 1446 594 ut
1473 564 1530 606 qui
1564 564 1757 598 anatomiam

284 629 375 650 suam
406 618 445 649 ad
474 618 585 649 intima
613 625 745 649 naturae
776 617 871 660 adyta
903 619 1131 661 perscrutanda
1152 620 1365 663 applicuerat,
1397 630 1485 650 nunc
1515 625 1643 662 repente
1666 620 1758 663 quasi

284 675 361 706 alter
383 685 634 707 swmnartus
657 675 803 706 existeret
828 677 874 712 (4
892 680 912 716 ).

327 732 473 774 Denique
505 731 589 762 idem
627 730 681 762 illc
719 742 896 763 Bou-mus
927 732 1064 775 priscam
1098 731 1330 776 permultisque
1364 731 1546 763 honoribus
1586 738 1756 764 mactatam

286 788 494 820 Academiam
519 788 616 830 hujus
647 788 782 818 civitatis
810 787 995 830 graphicam
1024 789 1155 820 adsidue
1185 799 1252 819 non
1281 788 1494 832 frequentavit
1528 795 1670 827 tantum,
1702 788 1758 820 sed

288 851 323 876 et
352 846 496 883 ornavit,
527 844 608 886 quin
640 850 671 875 et
705 845 769 875 otia
802 845 902 875 musis
937 845 1106 882 tribuens,
1136 844 1309 887 discipulos
1345 847 1379 877 in
1405 844 1595 876 delineando
1625 855 1759 887 corpore

284 902 428 933 humano
449 900 488 932 ad
509 899 645 932 formam
673 901 748 931 artis
771 901 982 932 anatomicam
1007 902 1127 944 optime
1153 901 1292 940 erudiit,
1324 908 1393 932 tum
1422 908 1453 933 et
1476 900 1599 940 sceleti,
1622 911 1639 931 a
1662 911 1760 932 csM-

281 968 389 989 :t‘zno
420 956 550 996 donati,
580 956 718 999 fig'uram
749 956 1008 989 artificiosissime
1034 959 1241 1000 compositam
1274 959 1317 988 ita
1342 958 1508 1001 exposuit,
1541 963 1577 988 ut
1604 957 1760 988 doctrinis

289 1015 508 1046 instructiores
534 1012 622 1044 velut
651 1009 726 1044 artis
752 1013 896 1056 magistri
924 1015 1108 1056 pingerent,
1129 1021 1224 1057 atque
1249 1014 1325 1045 haec
1342 1014 1521 1045 suavissimi
1538 1013 1636 1044 studii
1651 1012 1758 1044 officia

287 1072 384 1102 etiam
408 1069 580 1102 Academia
610 1070 678 1111 ipsa
700 1075 789 1100 tanto
820 1070 854 1099 iu
885 1069 1007 1100 honore
1040 1070 1173 1108 habuit,
1197 1077 1233 1101 ut
1260 1081 1432 1107 nummos,
1465 1077 1534 1100 tum
1557 1075 1762 1112 argenteum,

289 1132 360 1158 tum
391 1136 540 1162 aureum,
571 1131 741 1168 postquam
769 1136 826 1167 per
857 1125 1002 1167 quinque
1035 1132 1066 1156 et
1101 1122 1222 1168 vigenti
1249 1136 1351 1156 annos
1383 1132 1448 1156 tota
1473 1132 1578 1156 mente
1607 1125 1762 1166 omnique

269 1216 271 1220 Α
293 1182 392 1214 animi
422 1184 543 1224 impetu
580 1181 614 1212 in
645 1181 727 1212 hanc
752 1181 891 1212 scholam
923 1181 1139 1219 incubuisset,
1165 1193 1223 1225 pro
1250 1189 1296 1213 tot
1324 1183 1484 1224 tantisque
1501 1182 1646 1219 meritis,
1670 1180 1760 1212 velut

292 1238 483 1282 praeclaram
509 1248 545 1269 ac
566 1237 708 1268 debitam
735 1238 867 1280 gratiam
902 1236 950 1268 illi
975 1238 1177 1279 persolveret.
1617 1230 1623 1232 -

337 1293 487 1326 Eundem
513 1296 594 1337 quin
623 1295 736 1337 majori
763 1294 868 1325 adhuc
893 1304 966 1324 cum
1001 1294 1092 1325 laude
1124 1295 1153 1325 ei
1184 1293 1316 1325 donavit
1346 1294 1481 1324 Societas
1513 1293 1565 1324 illa
1590 1293 1687 1335 hujus
1712 1303 1766 1323 ur-

293 1349 344 1383 bis
369 1351 652 1393 praestantissima,
675 1362 757 1394 quae
782 1357 904 1382 enectos
933 1353 1024 1393 aqut&
1047 1353 1174 1394 patriae
1197 1353 1320 1393 sm‘s-yzee
1336 1350 1465 1381 reddere
1483 1349 1655 1388 desiderat,
1678 1355 1767 1392 post·

292 1416 391 1449 quam
416 1406 468 1437 ille
499 1407 583 1450 ipse,
604 1409 662 1451 qui
691 1419 822 1440 omnem
853 1408 888 1438 in
914 1406 1048 1438 salutem
1077 1407 1159 1439 hauc
1186 1409 1388 1445 universam,
1411 1413 1472 1437 tam
1498 1406 1645 1448 privatim
1664 1414 1763 1447 quam

293 1462 439 1506 publice,
464 1464 642 1495 contulerat
665 1475 813 1508 operam,
835 1464 950 1506 viginti
973 1473 1135 1495 annorum
1167 1463 1229 1494 fata
1253 1463 1333 1495 festo
1363 1469 1394 1493 et
1415 1462 1559 1493 oratione
1582 1460 1760 1494 celebrave«

294 1525 359 1557 rat,
392 1530 499 1551 nouus
521 1525 553 1552 et
575 1522 837 1564 septuagenarius
858 1520 1021 1552 sodalibus
1047 1521 1117 1564 ejus
1146 1519 1247 1552 fuerat
1273 1518 1449 1562 adscriptus
1481 1517 1568 1560 (5).

338 1576 412 1606 Post
433 1581 481 1606 tot
504 1582 669 1620 tantasque
695 1578 801 1620 operis
825 1577 931 1608 omnis
963 1577 1078 1608 medici
1107 1576 1312 1608 adsiduitates
1340 1575 1551 1617 laborumque
1575 1585 1687 1613 curas,
1720 1573 1761 1605 ad

294 1631 463 1662 utilitatem
500 1633 659 1674 publicam
687 1633 805 1665 delatas
827 1633 917 1676 (6),
950 1644 1045 1665 nemo
1071 1640 1215 1665 vestrum
1239 1635 1274 1664 A.
1303 1634 1342 1665 A.
1368 1631 1553 1669 mirabitur,
1575 1641 1767 1663 nouatum:

298 1693 361 1718 tam
386 1688 582 1720 nostratibus
610 1700 707 1733 quam
738 1691 893 1721 extraneis
924 1689 1002 1721 adeo
1036 1689 1206 1732 probatum
1234 1699 1270 1719 ac
1296 1688 1556 1719 commendatum
1584 1687 1705 1724 fuisse,
1730 1693 1767 1719 ut

296 1754 409 1774 omnes
432 1743 495 1775 sere
515 1755 569 1787 per
592 1753 690 1776 totam
713 1746 873 1788 Europam
896 1745 1058 1777 literarum
1083 1746 1246 1776 societates
1271 1745 1526 1776 consiliariorum
1552 1753 1587 1774 ac
1606 1741 1765 1774 sodalium

300 1810 438 1830 numero
462 1800 605 1832 lubenter
635 1803 724 1832 illum
750 1802 975 1833 adscriberent.
1033 1802 1082 1832 Sic
1115 1803 1148 1832 in
1180 1802 1279 1844 patria
1309 1808 1416 1832 nostra
1443 1800 1672 1843 Vlesst'ngana‚
1704 1800 1765 1829 Ro-

299 1854 538 1891 terodamensts.
570 1859 753 1897 Tmfectt'na
784 1857 832 1888 acl
856 1858 1002 1889 Rhenum
1019 1881 1027 1895 ‚
1061 1858 1299 1895 Hallemens1'53
1328 1864 1514 1895 extraneae,
1544 1854 1768 1895 Londinenst‘s,

299 1912 564 1953 Edmburgensis‚
589 1916 841 1956 Antverpiensss,
869 1914 1096 1952 Bruxellenst's,
1128 1915 1283 1952 lenensis,
1316 1913 1534 1955 Ellatzgensc's,
1559 1912 1767 1943 Monachien-

300 1970 355 2005 sis,
387 1975 522 2009 ceterae,
552 1968 768 2002 doctrinarum
800 1972 931 2003 nomine
961 1977 993 2003 et
1027 1971 1148 2003 honore
1188 1970 1348 2013 inclytae,
1385 1969 1425 2002 ad
1457 1968 1639 2001 sodalitium
1673 1974 1768 2010 atque

1679 2034 1771 2056 aun·
