1913 2417
299 188 320 224 6'
637 193 672 224 P.
746 191 1475 231 J.UYLENBROEK

306 276 368 306 dem
393 275 428 305 ab
451 282 539 312 aquae
564 276 767 305 circumdantis
788 276 940 314 superficie
962 276 1123 305 distantiam
1150 285 1280 312 manere,
1302 277 1331 306 id
1355 278 1434 313 quod
1456 277 1518 313 ipsa
1539 276 1669 313 quaestio
1686 277 1816 314 equidem

306 334 365 356 non
391 335 486 364 aperte
512 327 603 362 dixit,
626 329 673 356 sed
695 334 796 356 tamen
820 327 904 356 tacite
929 328 1065 363 posuisse
1089 328 1174 357 nobis
1201 329 1334 363 vidett1r;
1366 328 1502 364 quoniam
1527 335 1671 365 ceterum,
1699 336 1731 358 ut
1750 337 1818 359 mox

306 378 436 415 patebit,
459 380 488 407 iu
515 377 591 407 varia
613 378 783 414 altitudine,
807 372 890 407 etiam
916 379 1007 407 varias
1031 388 1080 408 vas
1101 380 1276 415 experiretur
1299 380 1477 416 pressiones.

353 429 427 457 Dein
448 428 524 457 vasis
547 429 690 457 materiem
713 438 775 458 esse
797 431 878 458 talem
904 429 1060 466 ponimus,
1090 439 1162 466 quae
1186 439 1306 466 prorsus
1330 431 1481 466 utriusque
1505 430 1664 467 pressionis
1681 435 1710 459 et
1729 438 1817 466 aquae

308 480 450 509 interioris
474 486 500 507 et
522 489 611 515 aquae
631 480 798 516 exterioris,
826 481 864 509 sit
889 481 1022 516 patiens,
1044 481 1106 510 sine
1120 490 1154 509 eo
1168 482 1246 517 quod
1262 481 1324 519 ejus
1340 481 1449 517 figura,
1473 481 1533 510 sive
1551 482 1649 517 potius
1673 480 1817 517 capacitas

310 537 454 565 mutetur3
479 539 550 566 quae
575 531 600 559 si
623 531 747 566 aliquam
773 532 959 561 mutationem
989 531 1118 567 subiret,
1140 532 1185 561 vel
1210 541 1224 560 a
1249 533 1396 569 pressione
1420 532 1565 568 interiori,
1587 533 1631 560 vel
1655 541 1670 560 a
1694 532 1819 568 pressio-

310 589 346 609 ne
371 581 525 617 exteriori,
557 590 605 610 vas
630 581 724 617 primo
751 582 780 610 in
804 590 893 617 casu,
923 590 981 611 non
1009 583 1133 618 amplius
1157 583 1233 612 foret
1259 592 1379 619 prorsus
1409 583 1501 612 mii-„lo
1534 583 1710 618 impletum,
1739 582 1822 618 quod

311 632 444 667 quaestio
466 632 604 669 requirit,
633 639 662 663 et
686 633 716 662 in
741 634 830 663 altero
853 642 944 668 casu,
972 633 1022 662 ubi
1046 626 1170 663 scilicet'
1186 635 1327 670 capacitas
1350 634 1427 663 vasis
1451 634 1647 669 minueretur,
1674 642 1749 669 aqua
1770 642 1818 662 ex-

308 684 396 711 terior
416 691 474 712 non
499 684 534 713 ad
558 685 672 713 eandem
699 693 824 714 maneret
851 685 1053 720 altitudinem,
1075 685 1185 721 quippe
1209 693 1282 721 quae
1301 693 1455 721 occuparet
1479 686 1575 714 locum
1601 691 1683 713 antea
1706 693 1720 713 a
1743 684 1819 713 vasis

309 741 387 769 parte
413 742 598 771 occupatum.
640 735 723 773 Quae
754 735 876 766 altituio
910 735 1058 764 immutata
1086 744 1197 765 manere
1229 736 1341 772 debet,
1370 736 1528 765 secundum
1553 745 1603 772 ea,
1633 743 1705 773 quae
1733 743 1821 772 supra

309 793 473 821 posuimus.

349 837 449 872 Aquae
470 845 556 872 porro
581 845 645 866 cum
672 837 839 872 exterioris,
863 843 925 866 tum
953 837 1097 866 interioris
1119 838 1289 867 densitatem
1318 839 1432 867 eandem
1454 838 1604 875 ponimus.

349 887 478 916 Tandem
509 887 586 916 vasis
618 888 761 916 materIem
792 889 861 917 adeo
885 895 997 917 tenuem
1022 889 1178 924 ponimus,
1211 895 1242 916 ut
1265 890 1313 916 vix
1339 897 1371 917 ac
1392 897 1428 917 ne
1450 890 1498 917 vix
1522 889 1637 925 quidem
1660 888 1725 917 inde
1741 887 1822 917 diffe-

305 937 402 968 <tentia
427 938 534 966 oriatur
557 938 630 967 inter
649 940 825 975 pressionem
847 939 878 968 in
901 939 1016 975 parietis
1038 940 1187 976 cujusdam
1215 939 1395 976 superficiem
1419 939 1602 976 inferiorem,
1625 939 1820 976 superiorem,

310 990 436 1018 dextram
461 995 488 1016 et
511 989 666 1018 sinistram.

349 1039 587 1068 Ceterumevasis
617 1039 707 1075 figura
738 1040 850 1068 nullum
876 1040 964 1069 'nabet
993 1046 1169 1069 momentum
1201 1039 1231 1068 in
1259 1040 1295 1068 iis
1314 1060 1325 1075 ,
1359 1048 1431 1074 quae
1459 1048 1563 1069 sumus
1588 1039 1821 1070 demonstr-ituri.

312 1089 436 1120 Adsumi
461 1090 530 1118 haec
561 1094 657 1124 potest
687 1097 740 1125 pro
768 1090 875 1119 lubitu.
914 1091 1069 1119 Facilitatis
1098 1091 1186 1127 gratia
1205 1098 1255 1119 vas
1276 1090 1411 1118 cubicum
1440 1091 1617 1126 sumsimus,
1640 1099 1698 1127 quo
1720 1090 1823 1119 melius

287 1140 425 1177 ,pressio
450 1139 480 1168 in
503 1140 632 1176 singulas
655 1140 732 1169 vasis
756 1148 850 1177 partes
874 1142 1024 1171 manifesta
1047 1143 1143 1177 fieret,
1174 1143 1293 1178 ejusque
1316 1142 1472 1177 aequalitas
1497 1143 1541 1170 vel
1572 1141 1758 1178 inaequalitas
1788 1141 1823 1170 ab

317 1198 439 1226 utraque
467 1195 548 1226 parte
573 1191 775 1220 innotesceret.
822 1192 918 1222 Causa
941 1193 1100 1229 pressionis
1126 1201 1215 1228 aquae
1244 1201 1303 1221 non
1329 1191 1383 1220 sita
1406 1199 1449 1220 est
1473 1193 1502 1221 in
1527 1193 1618 1230 figura
1647 1192 1781 1230 corporis
1799 1191 1828 1226 ei

315 1240 462 1276 immersi,
483 1241 533 1270 sed
554 1241 584 1270 in
608 1242 670 1278 ipsa
695 1250 787 1278 aqua,
809 1243 856 1271 cui
883 1244 1079 1281 immergitur,
1102 1244 1145 1272 uti
1168 1245 1279 1273 abunde
1301 1252 1337 1273 ex
1360 1243 1550 1280 sequentibus
1570 1243 1694 1281 patebit·

353 1291 409 1321 His
430 1292 613 1328 praemissis,
631 1293 688 1329 J'am
711 1292 791 1329 ipsas
814 1295 996 1330 exploremus
1016 1295 1194 1332 pressiones.

1017 1385 1046 1420 §-
1090 1394 1117 1414 1.

453 1468 608 1507 ,Quaenam
629 1477 669 1500 est
685 1473 795 1510 pressio
815 1481 908 1510 aquae
928 1475 960 1501 in
977 1475 1104 1511 parietes
1124 1475 1252 1501 internos
1272 1474 1366 1507 vasis,
1395 1473 1491 1501 clauso
1505 1471 1684 1508 foramine?

353 1558 498 1596 Quoniam
526 1559 681 1596 posuimus
709 1569 757 1588 vas
780 1566 912 1588 nostrum
942 1568 1003 1589 esse
1026 1560 1154 1596 cubum,
1181 1560 1210 1589 in
1234 1566 1290 1589 tres
1314 1566 1425 1589 tantum
1452 1560 1573 1597 parietes
1601 1560 1711 1597 pressio
1733 1560 1834 1598 explo-

316 1610 401 1637 randa
427 1610 497 1638 erit:
528 1611 558 1639 in
582 1610 703 1639 fundum
730 1611 862 1646 scilicet,
895 1611 923 1639 in
953 1612 1144 1647 operculum,
1174 1618 1202 1640 et
1227 1611 1255 1640 in
1289 1619 1376 1640 unum
1402 1620 1417 1640 e
1441 1619 1565 1647 quatuor
1596 1611 1732 1640 lateribus
1754 1612 1830 1641 hori-

324 1660 506 1697 sontalibu53
532 1662 758 1696 unumquodque
791 1661 865 1689 enim
892 1662 977 1690 trium
1003 1662 1177 1697 reliquorum
1212 1662 1329 1690 laterum
1357 1663 1413 1691 hoc
1447 1663 1476 1691 in
1507 1670 1577 1691 casu
1607 1663 1721 1691 candem
1749 1670 1833 1698 expe-

319 1710 393 1738 ritur
414 1711 590 1746 pressionem
620 1720 652 1740 ac
684 1712 818 1748 primum.
859 1711 1015 1741 Videamus
1048 1713 1136 1749 igitur
1161 1712 1309 1750 sigillatim
1340 1712 1518 1750 pressionem
1543 1713 1572 1741 in
1596 1721 1827 1749 rruamquamque

320 1760 506 1796 superficiem.

362 1809 407 1839 Sit
427 1812 481 1847 jam
508 1811 554 1847 fig.
580 1820 606 1841 1.
635 1812 774 1849 efghiklm
793 1822 842 1842 vas
860 1814 932 1843 illud
948 1814 1064 1851 penitus
1083 1823 1157 1851 aqua
1171 1815 1338 1852 impletum,
1360 1816 1506 1851 eidemque
1521 1814 1628 1843 ABCD
1644 1813 1672 1842 in
1688 1822 1756 1844 vase
1774 1823 1832 1844 ma-

325 1863 382 1899 101·i
407 1862 511 1891 EFCD
533 1871 702 1899 contentae,
723 1873 843 1901 prorsus
868 1866 1054 1901 immersum,
1083 1876 1098 1895 a
1123 1867 1208 1895 latere
1231 1868 1302 1904 fght'
1327 1866 1464 1895 foramine
1489 1875 1507 1894 z
1530 1865 1704 1894 instructum
1719 1885 1730 1901 ,
1751 1864 1830 1901 quod

322 1921 398 1941 nunc
426 1912 549 1949 perfecte
578 1915 706 1945 clausurn
738 1917 885 1953 ponimus.
933 1917 1102 1947 Pressiones
1130 1917 1160 1947 in
1190 1917 1277 1954 hujus
1309 1917 1385 1946 vasis
1417 1916 1539 1954 parietes
1570 1916 1699 1945 internos
1731 1917 1773 1945 sie
1803 1923 1834 1945 se

321 1963 445 1993 habent:

1694 2016 1735 2048 10·
1758 2017 1837 2048 Fun·
