1913 2417
658 169 1046 204 ORATIO.
1555 185 1591 208 21

113 258 199 301 eium
228 265 353 307 exigere
381 273 449 295 non
483 261 667 293 dubitamus
699 272 853 300 asserere,
886 275 968 306 quos
1000 265 1083 295 inter
1111 264 1179 296 Vos
1205 263 1369 296 duumviri
1399 264 1586 299 Clarissimi.

113 333 300 356 nouerim:
332 326 364 352 et
393 330 515 357 ΒΛΚΙ,
550 318 608 361 qui
644 326 778 361 propter
811 326 1004 351 senectutem
1042 321 1313 363 ingravescentem
1356 327 1444 353 tanto
1480 324 1587 361 Viro,

114 379 195 412 rude
227 377 431 409 meritissimo
469 374 607 410 donato,
647 373 790 415 adjuncti
822 374 926 406 fuistis
952 382 983 407 et
1017 377 1035 406 ὲ
1063 376 1182 419 quibus
1207 388 1296 408 nunc
1320 388 1414 408 suum
1435 378 1592 410 damnum

112 428 293 478 reparatum
323 432 362 462 iri
396 430 557 473 postulat,
594 439 655 460 nos
683 440 844 462 recensere
875 442 968 474 posse
1006 433 1181 474 gaudemus
1199 457 1207 470 ,
1241 440 1276 464 ut
1301 434 1346 464 sic
1373 435 1450 476 Ejus
1481 457 1503 471 ‚‚
1525 446 1591 466 me·

114 513 139 531 ,‚
162 492 220 521 rita
247 489 410 531 legantur,
435 497 632 529 quacunque
660 486 831 517 humanior
859 488 978 530 patebit
1010 489 1128 527 Orbis,
1161 490 1201 521 ab
1238 490 1296 528 iis,
1332 491 1389 532 qui
1424 491 1588 533 antiquam

111 568 134 585 ‚‚
154 551 352 578 venustatem
378 545 562 578 retineant,
602 543 723 585 quique
749 543 890 575 fructum
921 545 1000 587 Ejus
1025 546 1198 578 metiantur
1235 546 1402 585 doctrina,
1431 557 1505 577 cum
1528 547 1591 578 ele·

109 624 137 645 „
159 601 273 645 genti,
308 597 578 636 tum.aceurata.’'
614 598 683 640 (d)
1051 592 1059 598 ’

577 729 1131 747 Μ

153 828 265 860 Dolori
293 837 382 859 nunc
407 825 536 859 tandem
568 834 652 859 meta
679 829 720 860 sit
750 828 1039 871 preveniamusque
1066 827 1105 860 ad
1137 827 1282 860 ultimam
1308 828 1404 873 hujus
1422 829 1494 861 Diei
1527 830 1584 860 So-

108 885 304 919 lenuitatem.

151 944 194 974 Ut
220 945 340 973 Omnes
364 941 409 973 sic
431 952 557 973 mecum
588 942 682 973 etiam
721 948 842 973 vestros
869 951 1219 983 PRAECEPTORES,
1252 949 1341 973 tanto
1370 942 1506 974 nomine
1523 941 1587 972 exi·

108 999 219 1036 mins,
250 998 377 1029 luxistis
401 1021 410 1035 ,
442 999 561 1040 egregii
596 997 730 1030 Palladis
763 997 925 1028 Leidensis
956 997 1113 1028 Alumni!
1136 1016 1180 1024 -
1218 999 1279 1030 Cui
1304 998 1411 1029 dolori
1438 997 1582 1039 (ordine

107 1065 220 1092 enim,
255 1064 321 1096 quo
356 1065 526 1085 NATURA
556 1054 757 1096 permiserit,
787 1055 906 1084 Omnes
933 1054 1039 1083 Vestri
1073 1054 1293 1096 praeceptores
1330 1053 1402 1085 illos
1441 1053 1582 1084 secuturi.

107 1110 313 1153 sunt)cu1n
339 1120 406 1141 non
428 1109 514 1140 aliud
545 1109 685 1140 lenimen
718 1110 784 1146 sit,
819 1119 916 1151 quam
949 1114 985 1139 ut
1024 1110 1100 1140 Vos-
1125 1110 1158 1140 in
1189 1110 1299 1141 Studia
1337 1109 1434 1141 simili
1472 1108 1586 1139 ardore

107 1167 301 1199 incumbatis
319 1189 329 1203 ,
365 1177 432 1208 quo
466 1166 500 1196 iu
531 1164 605 1196 lllos
634 1175 673 1196 ex
698 1164 798 1197 Vobis
826 1163 1017 1203 succedant,
1051 1166 1107 1207 qui
1132 1167 1202 1209 pari
1238 1166 1383 1197 doctrina
1407 1165 1581 1204 excellant,

104 1235 171 1267 qua
196 1222 414 1255 excelluerunt
438 1223 634 1253 Decessores.

149 1282 255 1321 Atque
276 1279 310 1309 in
341 1278 400 1308 bac
425 1283 513 1320 parte
543 1288 617 1308 cum
642 1276 823 1308 studiorum
854 1281 886 1307 et
920 1275 1068 1307 laborum
1108 1277 1203 1309 unica
1240 1284 1366 1310 tantum
1394 1278 1476 1309 ratio
1518 1277 1581 1317 sit,

101 1346 160 1368 cur
178 1335 232 1366 hic
258 1333 357 1365 altero
379 1333 480 1376 possit
498 1332 607 1363 haberi
635 1332 897 1375 praecellentior,
927 1333 1010 1363 inter
1041 1335 1106 1364 Vos
1145 1333 1284 1365 adestote
1325 1336 1462 1365 Juvenes
1492 1344 1583 1376 egre-

103 1390 166 1435 gii!
189 1402 228 1423 ex
253 1399 381 1421 nizols
406 1389 508 1420 nostri
538 1387 757 1419 munificentia
775 1412 784 1427 ‚
816 1389 878 1420 hoc
903 1390 1020 1420 iterum
1047 1389 1098 1420 di'e
1113 1412 1124 1428 ,
1158 1392 1278 1421 Laurea
1303 1389 1445 1421 donandi
1470 1388 1582 1432 apolli⁴

106 1449 203 1488 nari,
232 1453 269 1478 ut
289 1445 391 1478 Vobis
418 1452 450 1477 et
474 1445 648 1477 Victoriam
680 1444 821 1488 gratuler
848 1452 880 1478 et
915 1456 976 1489 pro
999 1448 1121 1477 meritis
1150 1446 1283 1478 Corona
1301 1445 1488 1489 triumphali
1514 1446 1585 1478 Vos

106 1514 229 1536 ornem.

146 1614 247 1658 Quod
282 1621 319 1647 ut
346 1615 467 1647 Ordine
497 1614 552 1647 fiat
584 1612 811 1654 convenienti,
852 1613 895 1646 Te
926 1625 1026 1659 rogo,
1057 1616 1111 1649 Cl.
1144 1627 1297 1648 EKAMA
1315 1639 1326 1655 ‚
1355 1616 1413 1658 qui
1450 1616 1573 1646 Actua-

101 1672 164 1710 rii,
210 1671 255 1702 ob
292 1671 441 1703 morbum
493 1682 622 1715 gravem
671 1673 786 1702 Uxoris
829 1673 1062 1704 amantissimae
1114 1673 1284 1716 impediti,
1334 1670 1387 1703 Cl.
1426 1681 1580 1702 nonon-

102 1726 269 1769 11(e)‚
301 1727 362 1759 hoc
399 1738 486 1759 anno
527 1730 608 1761 Acta
660 1728 795 1760 Senatus
838 1730 979 1760 curantis
1001 1752 1012 1769 ,
1055 1729 1136 1761 mihi
1185 1730 1270 1762 vices
1317 1726 1504 1772 supplebis,
1538 1733 1576 1758 ut

1522 1783 1583 1814 Ju-

127 1880 187 1912 (ὖ)
203 1881 263 1906 Sunt
278 1882 347 1907 rethe
363 1883 436 1915 ipsius
448 1890 715 1915 wyri-nnuman,
736 1890 910 1909 ιιπιετυπ
931 1885 1047 1917 lugentis,
1065 1887 1091 1910 in
1110 1886 1164 1912 Vol.
1175 1886 1206 1910 11.
1225 1886 1292 1910 Parte
1307 1885 1338 1909 11.
1357 1893 1381 1918 p·
1398 1886 1450 1913 κίο-
1469 1881 1583 1909 maoch.

96 1925 196 1950 criticae.

128 1970 186 2001 (a)
203 1969 284 1994 Poste«
305 1969 378 1995 eheu!
397 1970 522 1995 ian-iun
539 1976 616 1996 morte
641 1977 665 1997 et
687 1973 759 1998 nobis*
779 1978 803 1997 «t
821 1971 915 1996 Litteris
935 1972 1019 2003 erepti·-

877 2017 949 2059 Ca
