1913 2417
374 166 649 209 RESPONSIO
676 184 726 208 nn
756 166 1125 216 QUAEsTtoNEM
1151 172 1478 204 LtTERAtuAM.
1662 161 1685 212 ie

169 262 264 297 socii,
285 259 321 290 ab
341 261 569 291 Atheniensibus
589 263 724 298 ταχθῆναι
749 261 823 292 κατὰ
843 261 919 291 πόλιν
943 261 1049 293 ἑκάςοις
1076 261 1109 291 τὸ
1130 260 1252 295 μέτριον,
1275 266 1355 294 quo,
1382 258 1406 285 si
1432 257 1466 286 ad
1490 263 1594 285 nexum
1619 253 1679 283 loci

167 310 369 349 attendamus,
392 314 575 348 ostenditur,
597 312 625 342 iti
645 323 660 342 a
678 312 913 342 Lacedaemoniis
937 312 1045 340 factum
1062 320 1121 340 non
1148 310 1251 340 fuisse.
1292 309 1347 337 Sed
1370 309 1437 337 haec
1466 309 1500 336 de
1524 308 1680 343 Spartano·

162 373 230 393 Tum
256 367 386 403 ἡγεμονίᾳ
412 364 574 399 sufficiant3
597 373 674 394 nunc
692 366 862 400 videamuS,
883 364 1058 400 quibusnam
1078 363 1176 392 causis
1200 361 1308 390 factum
1332 361 1392 396 sit,
1414 367 1445 388 ut
1469 360 1503 387 acl
1523 357 1682 387 Athenien-

160 418 215 445 'ses
238 417 422 452 principatus
444 413 657 445 transterretur.
703 405 706 409 Δ

209 464 317 495 Fatum
345 464 498 503 praecipua
522 467 612 496 fuisse
641 467 755 496 videtur
787 467 1008 496 Atheniensium
1039 466 1179 502 potentia.
1229 464 1347 501 Optime
1377 462 1419 491 illi
1451 462 1487 491 de
1508 460 1629 490 Graecia
1647 459 1679 488 in

167 518 257 551 bellis
278 518 401 547 Persicis
423 518 516 547 meriti
543 518 675 554 fuerant3
699 508 899 555 quinetiam,
922 519 978 548 nisi
1000 526 1058 547 tam
1085 517 1198 546 fortiter
1220 525 1252 546 se
1278 517 1479 551 moderateque
1503 512 1681 550 gessissent,

168 571 279 599 nullum
304 570 423 598 dubium
449 576 514 605 est,
534 570 605 606 quin
630 570 734 599 Graeci
762 579 776 598 a
799 570 929 600 Barbaris
957 570 1081 608 subjecti
1104 570 1228 598 fuissent
1250 570 1327 606 (1).
1368 568 1459 595 Porro
1481 572 1618 594 summam
1641 570 1685 591 re-

164 620 228 650 ·bus
251 621 402 651 maritimis
425 630 539 657 operam
566 622 720 658 dederant,
741 623 871 659 ingentes
897 623 1004 650 classes
1028 620 1260 655 aedificaverant,
1290 620 1328 648 ita
1355 625 1388 646 ut
1411 618 1445 647 ad
1469 616 1608 646 Salamina
1628 621 1686 642 tre-

164 680 319 702 'tentatum
353 673 487 709 navium,
517 681 551 702 ex
576 673 682 709 quibus
706 668 881 703 Graecorum
909 674 1012 703 classis
1044 673 1220 707 constabat,
1244 672 1381 700 ducentae
1413 674 1508 698 essent
1532 666 1689 696 Athenien·

161 719 257 754 sium.
299 724 397 761 Quum
420 725 510 763 igitur
533 732 602 762 post
623 733 749 762 pugnam
772 725 966 755 Plataeensem
984 725 1095 754 bellum
1116 733 1175 753 non
1198 723 1322 760 amplius
1348 729 1444 756 terra,
1474 719 1522 748 sed
1547 717 1615 746 mari
1640 724 1687 752 ge-

167 780 298 813 meretur,
331 777 450 806 omnino
478 777 631 805 ridiculum
655 777 743 806 videri
767 777 905 813 debebat,
925 769 1188 811 Lacedaemonios,
1211 776 1261 812 qui
1279 773 1466 811 paucissimas
1491 777 1577 799 naves
1600 769 1685 796 habe-

168 827 259 864 bant,
285 828 439 864 imperare3
469 828 662 857 Athenienses
685 834 809 864 eontra,
840 829 891 864 qui
923 829 1059 864 plurimis
1084 828 1218 862 aderant,
1247 826 1284 854 iis
1309 825 1515 859 obtemperare.
1558 819 1686 848 Accede·

168 877 238 913 bat,
261 878 360 914 quod,
384 885 453 914 post
477 879 618 915 expulsos
642 878 762 914 Persas,
791 880 898 908 multae
922 879 1032 907 insulae
1053 885 1084 908 et
1105 878 1190 907 urbes
1213 876 1369 905 maritimae
1388 875 1418 903 in
1440 873 1616 903 Graecorum
1639 880 1688 900 so-

165 928 299 958 cietatem
319 936 449 965 receptae
469 937 568 966 etant5
592 938 685 965 quae,
707 938 797 965 quum
823 930 1043 959 Atheniensium
1068 930 1201 959 coloniae
1227 934 1344 962 essent,
1376 927 1471 955 multo
1493 925 1583 962 magis
1604 925 1687 960 ipsos

168 981 334 1016 curabant,
367 988 451 1016 quam
490 980 763 1016 Lacedaemonios,
791 981 966 1017 quibuscum
1001 981 1081 1009 nulla
1109 980 1166 1008 sibi
1197 978 1392 1007 intercedebat
1423 976 1616 1006 necessitudo.
1647 991 1686 997 —

168 1032 268 1061 Altera
289 1031 444 1059 translatae
466 1033 612 1068 ἧγεμονίας
638 1040 723 1061 causa
744 1038 788 1061 est
805 1040 973 1069 magnorum
988 1031 1115 1061 virorum
1134 1036 1311 1066 proventus,
1339 1037 1401 1065 quo
1420 1028 1549 1057 Athenae
1572 1033 1633 1055 tum
1652 1025 1684 1055 in

169 1082 272 1121 primis
302 1082 475 1112 floruerunt.
526 1084 562 1111 ln
588 1080 633 1111 his
663 1082 800 1112 tresviri
822 1091 916 1112 revera
942 1083 1050 1120 patriae
1085 1090 1156 1111 suae
1189 1080 1414 1118 magnitudinem
1445 1079 1612 1108 condidisse
1636 1078 1680 1106 vi-

170 1134 296 1169 dentur,
323 1133 548 1170 Themistocles,
583 1133 753 1169 Aiisn'dcs,
785 1135 913 1164 Cimon:
943 1135 1054 1170 primus
1091 1133 1272 1168 calliditate,
1309 1133 1379 1160 alter
1404 1130 1519 1168 justitia
1537 1151 1548 1166 ‚
1585 1130 1685 1158 tertius

172 1184 380 1221 temperantia,
401 1192 501 1214 omnes
533 1191 626 1214 autem
652 1185 825 1214 fortitudine
856 1186 1028 1215 eminebant.
1069 1183 1251 1222 Quamquam
1278 1183 1353 1212 haud
1384 1182 1448 1210 scio
1473 1190 1508 1210 an
1531 1181 1687 1217 plurimum

167 1236 370 1265 Themistocles
390 1236 509 1266 civibus·
528 1237 589 1266 suis
615 1236 779 1273 profuerit,
807 1237 894 1274 cujus
918 1245 1004 1273 opera
1020 1245 1109 1265 naves
1133 1234 1314 1270 aedificatae,
1349 1234 1449 1262 Persae
1470 1233 1547 1269 apud
1572 1232 1690 1260 Salami-

169 1294 209 1317 na
238 1287 404 1325 profligati,
439 1287 513 1316 muri
546 1287 699 1323 restituti,
737 1287 828 1316 Piraei·
859 1294 966 1324 portus
997 1287 1176 1316 constitutus
1199 1292 1257 1315 est.
1302 1284 1449 1314 Aristides
1477 1290 1570 1311 autem
1594 1289 1621 1312 et
1645 1283 1693 1312 Ci-

169 1347 237 1368 mon
259 1338 394 1367 victoriis
418 1338 539 1374 patriam
564 1346 643 1366 suam
667 1344 828 1373 auxerunt,
850 1344 898 1374 et,
921 1338 987 1366 licet
1012 1338 1141 1373 exemplo
1167 1345 1222 1365 suo
1237 1335 1458 1365 Atheniensium
1480 1342 1572 1362 mores
1596 1342 1691 1362 emen·

172 1388 237 1417 dare
260 1396 320 1417 non
347 1389 519 1424 potuerint,
546 1388 649 1416 famam
675 1395 769 1417 tamen
795 1389 868 1424 ipsis
891 1388 1019 1425 justitiae
1044 1387 1305 1424 temperantiaeque
1327 1386 1566 1414 conciliaverunt.
1606 1385 1693 1421 Spar-

171 1438 233 1466 tani
266 1445 366 1467 contra
390 1438 420 1467 in
445 1438 571 1467 ducibus
600 1438 662 1467 suis
696 1446 797 1474 magna
829 1437 1000 1467 infelicitate
1034 1437 1079 1467 usi
1107 1444 1184 1467 sunt.
1231 1436 1306 1466 Nam
1339 1435 1544 1473 Eurybiadcs‚
1575 1436 1693 1471 bonus,

174 1495 207 1517 ut
231 1488 360 1524 videtur,
383 1489 472 1518 homo
494 1496 522 1518 et
546 1496 682 1519 strenuus
709 1489 812 1524 miles,
834 1489 952 1518 minime
976 1496 1070 1518 tamen
1095 1490 1120 1518 is
1144 1495 1223 1524 erat,
1245 1487 1295 1525 qui
1317 1495 1382 1516 cum
1409 1487 1593 1516 Themistocle
1615 1496 1694 1516 com·

172 1545 338 1577 pararetur;
361 1534 429 1568 hinc
452 1539 562 1568 factum
588 1547 651 1575 est,
674 1547 706 1568 ut
729 1541 791 1576 ipse
814 1540 923 1576 verbo,
945 1549 973 1568 re
995 1547 1089 1569 autem
1118 1540 1313 1569 Themistocles
1331 1539 1398 1567 belli
1413 1539 1470 1568 dux
1487 1545 1572 1568 esset.
1613 1539 1693 1567 Pau-

173 1592 274 1619 sanias
298 1590 422 1626 primum
443 1591 561 1627 quidem
582 1592 690 1620 virtute
719 1600 771 1620 sua
799 1591 908 1626 eluxit,
936 1599 1037 1628 postea
1062 1599 1129 1620 vero
1160 1590 1277 1620 fortuna
1305 1590 1415 1625 elatus,
1446 1590 1551 1626 maiora
1589 1597 1700 1625 concu,

174 1641 286 1677 piscere
316 1640 431 1677 eoepit,
463 1641 691 1678 turpissimeque
719 1650 752 1671 se
775 1642 876 1679 gessit.
928 1640 999 1671 Non
1023 1643 1125 1671 mirum
1157 1642 1247 1679 igitur
1276 1648 1347 1676 est,
1382 1641 1479 1670 socios
1508 1648 1523 1669 a
1558 1639 1700 1669 Laceda&

176 1691 282 1720 moniis
302 1692 440 1728 paulatim
468 1692 669 1728 abalienatos,
704 1694 739 1722 ad
762 1694 954 1723 Athenienses
984 1702 1016 1723 se
1046 1693 1242 1730 adplicuisse,
1282 1692 1320 1721 ita
1351 1699 1383 1721 ut
1415 1692 1518 1721 horum
1552 1692 1643 1729 major
1665 1691 1696 1720 in

176 1743 237 1772 dies
261 1741 339 1771 fieret
361 1743 529 1774 auctoritas.
570 1743 773 1774 Nihilominus
804 1745 936 1781 Spartani
964 1745 1158 1782 principatum
1194 1743 1261 1772 tuiti
1283 1750 1370 1779 sunt,
1401 1751 1495 1779 usque
1525 1743 1559 1772 ad
1583 1743 1621 1772 A.
1642 1751 1700 1781 470

180 1799 245 1822 ante
264 1793 304 1822 C.
321 1793 385 1828 N„
412 1794 442 1823 id
465 1801 529 1830 est,
550 1795 585 1823 ad
604 1796 746 1824 decimum
769 1804 874 1825 annum
898 1802 965 1832 post
991 1803 1115 1833 pugnam
1140 1794 1217 1832 apud
1241 1793 1379 1823 Plataeas.
1423 1793 1509 1823 Tunc
1533 1802 1601 1822 vero
1625 1794 1699 1822 socii

178 1844 302 1874 navibus
325 1845 449 1881 profecti
478 1852 547 1874 sunt
566 1853 668 1875 contra
694 1847 824 1882 Cyprum
850 1853 879 1875 et
898 1846 1093 1884 Byzantium;
1122 1855 1179 1882 qua
1209 1846 1238 1875 in
1259 1845 1442 1882 expeditione
1473 1853 1506 1873 eo
1531 1844 1700 1873 insolentiae

181 1893 351 1924 Pausanias
370 1896 532 1933 processit,
555 1905 586 1926 ut
606 1896 675 1926 ferri
695 1897 808 1927 diutius
831 1905 891 1928 uon
915 1904 1030 1937 posset.
1073 1918 1092 1937 „
1111 1897 1184 1928 Nou
1212 1898 1287 1928 enim
1306 1904 1401 1928 mores
1424 1896 1533 1934 patrios
1557 1894 1701 1930 solum,”

1635 1952 1704 1977 sum

205 2007 257 2038 (Ι)
277 2009 360 2036 Hm!-
380 2010 432 2039 107.
451 2017 472 2035 e-
489 2016 539 2039 ¹³9·
