1913 2417
701 130 1099 167 ORATIO.
1599 156 1640 187 25

198 228 354 260 Luximus
381 228 606 260 Litteratorum
635 238 674 259 ex
699 227 789 258 omni
825 225 910 257 Orbe
937 223 1064 256 erudito
1088 226 1267 271 Principem
1284 253 1292 269 ‚
1328 232 1510 268 immortale
1540 237 1639 281 hujus

156 283 294 315 Palladis
315 284 433 323 decus;
469 301 511 310 —
547 286 629 316 Eum
669 293 837 326 nunquam
864 292 931 313 non
970 280 1165 323 lugebimus.
1208 287 1392 331 Luctusque
1423 292 1640 327 lenimentum*

156 339 287 371 demum
321 343 399 379 erit3
431 340 458 371 si
473 351 545 383 spes
568 339 722 371 affulserit
750 339 878 370 tandem
904 337 1077 379 aliquando
1105 338 1191 380 fore,
1221 341 1300 373 dum
1334 355 1391 388 per
1418 348 1540 380 labores
1563 352 1636 382 uui.

155 405 195 426 us
218 397 356 438 reparari
381 396 537 427 damnum
571 402 735 440 nequeat,
764 402 800 427 ut
831 392 1029 437 perplurium
1054 397 1144 427 unita
1167 407 1263 440 opera
1296 403 1542 448 conjunctisque
1580 409 1628 438 vi-

151 451 243 483 tibus
267 459 438 495 reparetur.
464 465 509 478 ·—
539 453 586 485 Eo
608 454 773 484 connitare
808 453 969 482 Juvenum
1004 448 1115 482 decus!
1147 469 1191 478 —
1227 456 1338 499 Atque
1373 459 1455 492 illud
1489 468 1624 495 tentasse

151 518 227 539 cum
257 508 350 548 Tibi,
391 515 460 540 tum
485 510 612 542 Litteris
641 509 795 553 proderit.

196 620 247 652 Sic
275 620 402 653 tandem
438 624 511 661 Tu,
539 622 808 654 Praestantissime
844 632 881 653 c„
915 630 1054 652 onor-,N
1083 630 1164 652 van
1203 632 1471 660 PRINSTERER
1489 628 1498 660 i
1519 641 1636 673 agmen

151 675 291 709 claudes.
335 679 447 721 Neque
469 685 574 710 tamen
601 679 725 710 honore
754 679 880 709 minore
903 677 1100 711 mactaberis.
1129 692 1176 700 —
1207 678 1260 710 En
1293 681 1474 716 Praemium
1507 693 1563 718 tuo
1591 688 1636 720 la·-

154 731 231 764 bore
255 740 382 776 partum
409 735 487 777 (8)
510 734 730 766 munificentia
755 744 881 766 annis
903 733 1006 767 nostri
1031 732 1104 763 Tibi
1131 732 1284 768 oblatum.

195 845 321 877 Patrem
351 846 464 885 refers,
486 847 545 890 qui
568 848 715 891 quamvis
739 847 793 880 alii
816 845 997 878 studiorum
1016 846 1125 887 generi
1153 847 1286 880 antehac
1308 851 1342 882 in
1365 852 1537 886 Academia
1556 867 1631 899 ope-

151 910 222 933 ram
244 902 388 935 tribuens
413 915 453 936 ex
472 905 555 935 hene
582 905 716 947 peractis
742 903 857 935 studiis
879 909 912 933 et
941 902 1119 933 mercedem
1147 910 1179 934 et
1206 902 1363 938 honorem
1404 909 1490 942 tulit.
1535 912 1632 943 illum

148 967 281 1001 sequere
313 967 360 998 et,
398 960 594 992 continuatis
626 959 733 992 labore
757 967 790 992 et
815 958 923 991 studio
940 979 953 997 ,
993 959 1089 991 novis
1124 959 1304 994 honoribus
1345 965 1503 998 honorem
1538 967 1633 1000 hodie

149 1016 302 1048 meritum
329 1014 464 1059 augeto!

197 1114 291 1147 Salve
315 1115 373 1147 Vir
395 1114 591 1147 doctissime!
621 1115 822 1149 Praesentem
843 1114 898 1145 hic
925 1115 970 1144 Te
1003 1113 1097 1145 video
1129 1116 1236 1158 Teque
1269 1117 1324 1150 tali
1356 1130 1470 1153 sensus
1503 1122 1630 1165 paterni,

149 1178 260 1203 amore
283 1173 319 1204 in
345 1171 460 1203 Filium
489 1171 551 1203 hoc
575 1171 626 1203 die
649 1170 745 1203 adfici
765 1172 889 1210 sentio,
910 1169 998 1213 quali
1022 1181 1073 1201 me
1106 1178 1198 1202 antea
1234 1173 1393 1207 adfectum
1417 1179 1523 1217 sensi,
1551 1190 1631 1211 cum

128 1227 266 1259 ⁴eodem
291 1231 326 1260 in
356 1227 428 1259 loco
457 1238 564 1259 meum
592 1228 729 1266 Filium,
762 1229 910 1260 Honores
934 1236 1079 1257 summos
1114 1227 1148 1258 in
1182 1229 1255 1260 Jure
1294 1231 1422 1273 publice
1460 1244 1631 1277 capessen·-

148 1289 214 1315 tem
236 1284 390 1318 viderem.
418 1301 462 1309 —
493 1284 675 1321 Honorem,
706 1284 764 1327 qui
783 1294 824 1315 ex
849 1281 1028 1323 conscripta
1055 1282 1283 1317 Dissertatione
1323 1287 1417 1320 docta
1450 1296 1508 1322 tuo
1545 1291 1633 1323 Filio·

143 1343 241 1379 hodie
262 1342 438 1386 contingit,
465 1339 539 1373 Tibi
562 1338 705 1382 gratulor
728 1341 927 1382 majoresque
957 1337 1030 1370 Tibi
1060 1339 1272 1382 imposterum
1295 1353 1450 1387 auguror.

831 1446 945 1459 —-.

188 1529 242 1561 Sic
281 1528 381 1571 igitur
415 1527 516 1560 finem
545 1528 696 1561 hodierni
726 1531 870 1562 muneris
896 1531 1009 1574 attigi!
1049 1534 1227 1564 Lucentem
1262 1530 1403 1562 vidimus
1434 1530 1632 1566 Academiae·

142 1585 230 1618 'diem
252 1584 409 1616 natalem:
439 1602 486 1611 —
514 1584 710 1617 relucentem
738 1595 1020 1631 renascentemque
1044 1584 1224 1619 videamus!
1262 1586 1399 1618 Videant
1428 1587 1520 1619 illum
1548 1591 1623 1624 Posq

146 1641 216 1674 teri!
252 1641 343 1684 sique
366 1647 440 1673 vota
464 1647 530 1671 rata
553 1642 637 1680 sint,
668 1653 724 1685 per
744 1643 871 1675 soecula
894 1643 996 1676 luceat
1017 1651 1049 1676 et
1069 1655 1157 1681 non,
1192 1643 1256 1673 nisi
1281 1653 1355 1673 cum
1387 1644 1511 1676 Mundo
1525 1668 1536 1683 ,
1567 1657 1625 1678 ru.-

141 1704 176 1732 at
199 1707 427 1730 annuntia
458 1699 867 1732 Lucnuuo-BATAVA!
890 1719 932 1727 —
957 1701 1004 1732 Ita
1029 1700 1108 1732 faxit
1136 1700 1331 1742 supremum
1349 1699 1489 1732 Numen!

763 1799 995 1833 DIXI.

163 1895 216 1925 (8)
231 1895 368 1929 Conscripta
402 1897 571 1922 Dissertatione
604 1906 675 1930 super
707 1897 751 1920 hae
775 1898 895 1930 proposita
923 1899 1084 1928 Quaestionet
1114 1899 1191 1930 Quum
1216 1899 1240 1920 in
1265 1899 1367 1922 Historia
1404 1900 1514 1925 Graeciae
1538 1902 1634 1932 praecid-

131 1945 204 1969 puum
228 1947 369 1964 momentum
392 1942 495 1965 habuerit
515 1944 653 1973 principatus
669 1945 681 1970 ζ
695 1944 812 1974 flymena)
840 1943 1013 1966 Atheniensium
1026 1960 1034 1970 ,
1059 1945 1172 1974 quaeritur
1201 1950 1258 1973 qnae
1276 1943 1346 1971 fiteric
1359 1947 1418 1968 mtio
1449 1946 1633 1975 necessitudinis„

130 1990 202 2012 quae.
220 1983 271 2006 mdo
288 1984 304 2006 ἁ
321 1993 400 2015 pugna
424 1986 542 2009 Pfacaenst
557 1994 625 2017 usque
646 1985 679 2008 ad
693 1987 784 2008 inuium
802 1986 862 2009 Belli
882 1987 1083 2016 Peloponnesiaci,
1110 1986 1284 2009 Atheniensibus
1309 1996 1361 2010 cnm
1383 1990 1521 2014 civitatibus
1546 1991 1636 2020 sudio„

127 2028 175 2050 ιίω
186 2026 272 2057 abens,
285 2031 335 2053 eive
346 2029 439 2054 subdam
455 2032 546 2056 intereos
554 2032 583 2056 m
594 2045 601 2058 ‚
617 2029 774 2059 judiciorum,
791 2029 923 2056 tributorum
933 2046 948 2061 ⁷·
960 2031 1058 2057 militiae
1067 2047 1075 2059 ,
1090 2033 1209 2062 omm'sque
1226 2032 1434 2058 adnmziscramms
1447 2032 1464 2063 Ρ,
