1913 2417
237 126 519 160 RESPONSIO
550 135 599 158 AD
628 98 993 167 QUAEbTIONEbl
1021 127 1474 159 HYDROSTATICAM.
1579 135 1615 167 39

605 213 628 257 ἓ.

99 241 194 269 iumen
215 247 252 266 =
271 246 307 276 4:
338 243 397 266 tum
424 237 475 265 erit
496 237 522 266 D
543 246 580 264 =
649 246 684 264 z
703 244 732 265 2.
782 238 815 265 In
841 236 928 264 altero
959 246 1028 266 casu
1045 259 1055 273 ,
1085 237 1134 265 ubi
1161 237 1257 273 lagena
1288 238 1363 274 aqud
1395 243 1439 265 est
1465 235 1605 271 impleta,

95 304 223 332 densitas
248 303 308 340 eJ‘us
330 310 452 337 prorsus
474 307 518 329 est
543 307 661 329 mutata.
701 300 800 328 Massa
824 306 868 328 est
891 301 1001 334 eadem,
1025 301 1094 337 (vel
1109 300 1180 337 fele
1203 300 1316 336 eadem,
1341 300 1390 329 ubi
1413 306 1493 329 antea
1518 299 1608 327 aerem

96 354 287 391 continuit);
318 353 423 381 vitrum
449 360 515 380 vero
533 352 589 388 jam
621 352 715 380 solum
749 352 885 380 volumen
916 353 1083 381 constituit.
1130 352 1296 387 ponamus,
1327 352 1513 388 quantitatem
1545 350 1613 379 vitri

94 406 240 441 aequalem
269 412 332 432 esse
360 403 410 432 uni
434 403 534 439 pollici
560 403 683 438 cubico,
709 411 773 431 nam
797 411 889 438 aqua,
916 412 989 438 quae
1014 404 1139 439 lagen-im
1167 403 1289 438 implet,
1319 403 1355 431 ael
1377 411 1435 431 eam
1460 411 1519 431 non
1551 409 1614 437 per-

99 457 188 491 tinet,
218 455 352 491 quoniam
376 455 406 482 in
435 455 531 482 eodem
556 454 665 488 fluido,
693 453 722 482 iu
747 462 820 489 aqua
837 475 846 489 ‚
876 455 1071 490 ponieratur,
1098 462 1186 489 aeque
1219 463 1250 483 ae
1278 456 1325 483 aei·
1349 454 1378 483 in
1404 456 1502 491 lagena
1529 460 1610 490 aper-

98 513 147 543 ta,
175 508 210 535 ad
244 507 316 534 hane
345 513 404 534 non
425 505 559 541 peitinet.
608 505 707 540 Itaque
736 505 871 534 volumen
901 512 943 534 est
974 505 1126 542 insigniter
1149 512 1304 533 mutatum.
1353 504 1431 534 Hinc
1463 512 1490 534 et
1522 503 1618 532 densi-

95 573 141 599 'tas
163 570 245 599 valde
271 575 376 598 mutata
400 575 464 604 est,
491 575 518 598 et
545 568 658 605 quidem
688 569 827 606 increvit,
856 578 920 598 nam
943 576 988 598 est
1008 568 1029 597 d
1046 579 1082 596 z
1103 553 1134 620 ⁷}
1152 579 1189 598 Ξ
1209 546 1229 624 {³⁴
1254 579 1291 596 Ξ
1306 570 1331 600 8.
1373 569 1449 598 Hinc
1465 569 1491 597 D
1511 576 1521 597 t
1543 567 1566 596 d
1582 577 1618 596 Ξ

97 641 115 662 2
136 642 144 662 ε
168 634 182 662 8
204 644 241 661 =
263 642 276 661 1
302 643 310 662 ε
332 642 362 670 4.

138 684 207 712 Duo
231 684 329 720 itaque
362 691 483 720 corpora
513 684 686 713 densitatum
713 686 794 713 valde
825 684 1000 713 diversarum
1026 686 1230 721 ponderantur.
1272 685 1312 713 Et
1342 685 1410 713 haec
1436 684 1549 719 quidem
1577 682 1620 712 di-

96 735 218 764 versitas
243 735 418 764 densitatum
451 744 536 764 causi
570 742 614 763 est
639 736 817 764 diversorum
851 736 1014 764 ess'ecruum.
1054 736 1131 764 Nam
1161 737 1280 772 lagena,
1311 736 1359 763 ubi
1392 736 1480 764 aGrem
1507 741 1615 762 tantum

99 786 247 820 continet,
275 794 350 821 aqua
377 787 470 815 adhuc
495 793 540 815 est
562 787 696 822 densior,
727 787 793 814 hinc
822 787 944 822 gravior.
999 787 1131 815 Excessu
1161 787 1257 822 itaque
1283 786 1430 823 gravitatis
1463 794 1528 814 suae
1555 792 1624 821 prae

101 836 241 873 gravitate
267 844 357 872 aquae
386 837 552 873 descendit,
582 844 609 865 et
634 838 719 875 huJ'us
744 838 881 866 excessus
905 838 1018 874 pondus
1045 837 1074 866 in
1103 837 1188 866 altera
1213 838 1293 865 lance
1325 837 1524 872 deponendum
1548 836 1621 871 erit,

100 888 137 916 ad
158 887 360 923 aequilibrium
388 889 608 918 restituendum.
650 888 706 917 Sed
730 889 780 916 ubi
807 889 906 926 lagena
934 897 1035 924 aquam
1070 889 1220 924 continet,
1249 897 1308 917 non
1332 888 1457 924 amplius
1490 887 1624 920 conside-

100 939 184 968 randa
209 945 252 967 est
274 939 372 975 lagena
394 947 450 975 qua
470 940 556 975 talis,
586 940 635 968 sed
657 946 769 967 tantum
793 940 921 974 vitrum,
951 940 1036 976 cujus
1059 939 1205 974 densitas,
1234 945 1262 967 et
1288 938 1395 967 idcirco
1419 939 1501 966 etiam
1527 937 1622 974 gravi-

101 995 147 1019 tas
169 989 304 1025 specifica
328 990 422 1018 multo
447 997 489 1018 est
511 993 613 1028 maJor.
654 990 731 1018 Hinc
760 990 886 1025 vitrum,
918 991 977 1018 sive
1000 990 1136 1025 materia,
1167 998 1222 1025 qua
1249 990 1346 1025 lagena
1370 996 1503 1024 constat,
1535 997 1565 1017 ea
1589 987 1620 1017 vi

101 1049 152 1076 per
174 1049 277 1075 aquam
305 1042 471 1076 descendit,
502 1050 559 1076 qua
581 1041 688 1070 vitrum
717 1049 818 1076 aquam
843 1041 980 1077 gravitate
999 1040 1100 1070 vincit.
1142 1040 1235 1076 Atqui
1258 1048 1325 1068 cum
1345 1040 1474 1075 vitrum,
1497 1048 1555 1076 qua
1578 1045 1622 1068 ta·

100 1091 146 1127 le,
177 1093 271 1120 multo
295 1091 413 1120 densius
444 1098 487 1120 est
512 1100 605 1127 aqua,
635 1100 721 1128 quam
753 1092 852 1128 lagena
883 1092 1000 1120 densior
1021 1097 1064 1119 est
1096 1093 1189 1126 aquil,
1222 1091 1289 1120 hinc
1315 1098 1342 1120 et
1370 1091 1474 1120 vitrum
1498 1091 1528 1119 in
1549 1098 1624 1126 aqua

97 1143 189 1179 magis
220 1142 402 1179 ponderabit.
450 1141 639 1172 Manifestum
670 1144 735 1172 inde
763 1150 806 1171 est
824 1164 834 1179 ‚
868 1150 1050 1179 augmentum
1090 1141 1227 1178 ponderis
1258 1150 1318 1171 non
1346 1150 1408 1171 esse
1439 1142 1624 1171 tribuendum

101 1201 192 1229 aquae
217 1194 353 1229 intranti,
374 1194 425 1223 sed
448 1194 533 1222 unice
560 1195 737 1223 incremento
761 1194 922 1223 densitatis.

139 1244 230 1273 Porro
251 1253 313 1273 esse
334 1250 444 1273 tantum
470 1245 616 1273 materiam
641 1245 774 1281 lagenae,
805 1253 898 1279 neque
920 1244 1011 1280 ipsam
1035 1245 1185 1281 lagenam,
1211 1252 1284 1280 quae
1317 1243 1346 1272 in
1379 1252 1453 1279 aqua
1485 1243 1625 1280 pondera-

105 1300 175 1329 tur,
197 1294 301 1330 probat
322 1294 527 1332 Hesselingius
552 1296 746 1332 experimento
776 1304 841 1324 cum
872 1296 970 1332 lagena
1005 1297 1050 1324 vel
1080 1296 1168 1324 situla
1198 1303 1232 1324 ex
1265 1295 1331 1324 cera
1360 1294 1504 1324 confecta.
1548 1293 1626 1323 Haec

100 1345 200 1382 Iagena
225 1353 259 1374 ex
289 1345 396 1375 bilanci
423 1354 583 1383 suspensa,
617 1355 672 1383 ope
696 1347 857 1376 additorum
887 1346 1136 1383 pondusculorum
1177 1346 1206 1376 in
1239 1355 1341 1383 aquam
1373 1346 1564 1380 immittatur,
1596 1351 1625 1372 et

103 1395 291 1433 aequilibrum
316 1397 524 1426 constituatur.
565 1398 640 1427 Dein
658 1399 755 1435 lagena
773 1406 959 1434 compressa,
982 1398 1021 1426 ita
1048 1404 1079 1426 ut
1096 1398 1190 1427 omnis
1212 1406 1285 1434 aqua
1309 1398 1374 1427 inde
1396 1402 1497 1431 exeat,
1516 1393 1624 1431 patebit

106 1447 309 1484 aequilibrium
335 1455 394 1476 non
419 1456 481 1476 esse
511 1449 700 1479 destructum.
740 1449 817 1478 Hinc
843 1449 994 1478 concludit
1022 1449 1244 1486 IIesseHngffls,
1274 1456 1375 1484 aquam
1400 1448 1430 1475 in
1459 1447 1557 1482 lagena
1582 1444 1629 1473 ni-

103 1497 146 1526 hil
171 1497 301 1527 conferre
327 1499 362 1526 ad
393 1499 454 1535 ejus
485 1501 624 1536 pondus,
655 1501 706 1528 sed
737 1508 801 1529 esse
835 1506 950 1528 tantum
980 1498 1040 1537 ejus
1070 1499 1215 1528 materiam
1234 1519 1245 1534 ‚
1275 1506 1347 1534 quae
1381 1497 1411 1526 in
1444 1504 1518 1532 aqua
1552 1503 1628 1532 pona

103 1549 228 1578 deratur.

145 1600 192 1628 Ex
217 1600 311 1628 eadem
337 1600 448 1628 tandem
475 1608 562 1630 causa
589 1600 714 1636 epocat
744 1602 973 1631 observationem
995 1601 1244 1638 vulgatissimam,
1273 1599 1388 1636 pondus
1423 1597 1534 1627 scilicet
1556 1596 1632 1626 situ⁹

104 1651 167 1686 lae,
196 1657 270 1685 aqua
295 1650 449 1684 impletae,
479 1657 506 1678 et
533 1659 548 1678 e
570 1651 640 1680 fune
663 1660 841 1687 suspensae,
871 1651 1008 1688 quamdiu
1037 1652 1112 1680 infra
1141 1660 1244 1688 aquam
1271 1657 1315 1679 est
1333 1671 1343 1686 9
1369 1650 1418 1679 vix
1444 1649 1555 1678 sentiri,
1596 1648 1628 1676 Si

108 1702 180 1731 enim
205 1708 301 1736 aqua,
325 1699 365 1727 ait
389 1699 613 1737 flesse-lingitis,
646 1702 674 1730 in
698 1703 784 1732 situla
806 1703 946 1740 gravitet,
973 1709 1000 1731 et
1027 1703 1141 1739 quidem
1169 1709 1201 1731 ut
1221 1702 1368 1739 Boerus,
1397 1700 1554 1735 Nolletus,
1584 1705 1630 1726 ce-

106 1752 216 1788 terique
239 1756 360 1788 putant,
389 1752 486 1779 eodem
513 1753 598 1781 modo
627 1762 659 1781 ac
683 1754 805 1790 gravitat
831 1754 859 1782 in
883 1753 1022 1782 bilancem
1049 1753 1077 1782 in
1100 1755 1188 1789 aere,
1218 1761 1352 1790 magnum
1381 1751 1527 1781 observari
1544 1749 1628 1778 debe-

108 1809 150 1832 tet
167 1803 293 1840 pondus.
335 1802 429 1838 Atqui
453 1803 509 1831 lioc
543 1811 602 1832 non
630 1805 817 1841 observatur,
847 1806 897 1834 sed
920 1811 1031 1834 tantum
1062 1813 1180 1841 parvum
1207 1805 1343 1841 pondus,
1373 1802 1451 1839 quod
1476 1802 1567 1830 oritur
1595 1807 1629 1828 ex

111 1854 260 1891 gravitatis
284 1853 386 1881 situlae
411 1861 532 1882 excessu
555 1862 622 1890 prae
645 1855 690 1884 illa
714 1864 803 1892 aquae
818 1876 828 1891 ‚
857 1856 992 1892 quoniam
1025 1856 1167 1892 ejusmodi
1201 1856 1288 1884 situla
1320 1855 1492 1891 plerumque
1514 1851 1631 1881 annulis

113 1904 209 1933 ferreis
239 1904 399 1939 instructa,
428 1905 518 1940 paulo
548 1906 662 1941 gravior
692 1913 736 1935 est
763 1915 847 1942 aqua.
895 1906 925 1935 Si
954 1907 1057 1935 situlae
1085 1907 1210 1944 gravitas
1239 1906 1370 1943 aequalis·
1400 1911 1476 1933 esset
1501 1901 1632 1941 gravitati

111 1962 216 1990 aquae,
238 1954 309 1982 nihil
330 1955 516 1990 ponderaret,
537 1956 648 1984 etiamsi
671 1958 747 1992 aqua
772 1964 846 1986 esset
869 1957 994 1993 impleta.

143 2004 193 2035 Ex
210 2004 260 2034 hac
280 2004 497 2036 ratiocinatione
518 2005 722 2045 Hesselingius
743 2008 870 2045 derivat,
892 2008 1070 2045 antiquiores
1096 2009 1188 2047 magis
1203 2029 1214 2046 ,
1247 2015 1336 2046 quam
1359 2006 1532 2038 recentiores
1555 2003 1642 2039 Phy‘

1594 2063 1634 2087 Sl·
