1913 2417
293 192 685 232 «εοΜΜΕΝΤΑΤῙο
711 196 761 223 ω
790 187 1479 230 ρυΑΕεΤιοΝΕΜ-1ῑυκιωοΑΜ,
1596 187 1643 228 es

440 499 820 538 ‘SECTI'O
915 494 1313 534 TER-''rtm

183 644 240 669 ‘nn
265 643 443 668 NATURA
472 641 769 665 POSSESSIONIS
800 638 1106 677 Flnucmtunn,
1134 638 1206 659 οτι
1234 638 1284 659 ET
1311 638 1362 661 DJ:
1388 637 1570 669 sumnus

419 696 557 724 A'rQuu.
587 693 953 716 OB-LIGATIONI‘BUS
982 694 1084 715 mun
1113 692 1342 715 εηιιιωιυιει

108 779 260 841 Omnia
282 816 400 844 autem,
426 816 501 845 quae
520 808 580 836 huc
604 806 768 843 pertinent,
792 814 858 835 cum
891 806 987 834 eodem
1011 805 1199 835 fundamento
1223 806 1378 841 insistant,
1407 810 1435 834 et
1459 812 1562 842 sponte
1586 798 1638 836 de-

119 862 251 891 riventur
273 870 306 890 ex
329 861 500 898 principiis,
524 859 631 895 quibus
657 859 806 895 legislator
827 864 916 886 totam
940 858 1012 886 hanc
1035 857 1195 886 doctrinam
1220 856 1434 893 superstruxit,
1455 865 1514 886 non
1535 857 1587 886 abs
1606 865 1637 887 re

107 913 256 950 videtur,
281 914 349 942 haec
371 912 471 950 paucis
494 911 525 940 in
550 916 672 940 mentem
689 916 842 945 revocare,
866 916 898 938 ut
921 915 1013 939 cetera
1035 909 1135 940 ordine
1153 909 1277 947 quodam
1293 899 1469 946 procedant,
1488 915 1516 939 et
1537 910 1641 939 melius

116 963 158 994 de
179 963 244 1002 ipsa
268 964 357 1003 huJus
384 962 588 1002 possessionis
613 967 714 991 natura
740 967 865 990 constet.

828 1039 857 1074 §0
899 1045 926 1067 1.

157 1117 326 1153 Nimirum,
353 1122 389 1146 ut
412 1116 527 1153 saepius
545 1115 735 1150 monuimus,
763 1114 793 1142 in
817 1113 897 1143 omni
919 1113 970 1141 hac
993 1112 1124 1142 doctrina
1143 1113 1221 1142 vitae
1241 1117 1268 1140 et
1290 1112 1389 1142 mortis
1414 1118 1552 1148 personae
1576 1105 1640 1140 Ab*-

120 1169 216 1200 sentis
242 1177 331 1204 aequa
354 1167 474 1197 habetur
498 1167 590 1202 ratio,
612 1175 704 1202 neque
728 1165 893 1194 alterutrius
917 1165 1057 1201 cogitatio
1081 1165 1166 1193 unice
1188 1164 1330 1200 praevalet
1353 1172 1387 1192 ex
1409 1169 1503 1193 mente
1523 1162 1639 1200 legisla-

120 1220 220 1248 toris:
247 1219 314 1248 hinc
336 1226 475 1255 quoque,
495 1226 685 1254 quaecunque
704 1211 740 1246 'in
762 1219 815 1245 hac
839 1218 925 1244 altera
948 1215 1103 1244 Absentiae
1127 1215 1245 1251 periodo
1269 1216 1303 1244 de
1323 1215 1453 1244 Absente
1475 1214 1640 1244 constituta

120 1270 286 1300 invenimus
320 1270 383 1300 sola
405 1271 510 1299 mortis
533 1270 745 1305 praesumtione
768 1270 823 1298 niti
858 1278 919 1298 non
945 1275 1091 1305 possunt,
1118 1268 1161 1297 uti
1183 1269 1291 1304 passim
1309 1268 1493 1298 contendunt
1516 1267 1639 1297 Delvin-

106 1312 234 1350 ‘curtius
261 1328 289 1350 et
307 1321 519 1359 Proudhomcs‚·
539 1330 603 1350 cum
626 1321 759 1358 profecto
785 1320 913 1356 diligenti
939 1319 1163 1357 investigatione
1187 1327 1286 1349 eorum
1308 1328 1368 1349 non
1385 1328 1459 1356 opus
1482 1320 1539 1355 sit,
1563 1326 1635 1354 quae

107 1372 347 1409 disceptationes
368 1380 395 1401 et
420 1364 563 1403 orationes
579 1374 613 1402 de
632 1362 688 1402 hoc
709 1361 830 1402 Codicis
852 1373 939 1401 titulo
959 1371 1071 1400 habitae
1093 1371 1192 1407 (quae
1208 1376 1341 1406 quantam
1360 1377 1506 1407 praestent
1526 1370 1637 1404 utilita-

107 1414 176 1452 ''t‘em
195 1425 232 1453 ad
245 1433 337 1454 veram
355 1425 526 1462 legislatoris
551 1433 675 1455 mentem
700 1425 930 1463 cognoscendam
947 1431 1032 1453 nemo
1049 1422 1188 1460 ignorat)
1206 1422 1291 1452 nobis
1307 1421 1461 1458 exhibent,
1482 1426 1517 1450 ut
1532 1422 1566 1450 de
1582 1422 1635 1450 hac

119 1475 240 1504 veritate
272 1476 358 1505 nobis
388 1485 556 1513 persuasum
574 1478 612 1506 sit
631 1478 645 1512 (
660 1485 671 1506 1
685 1478 712 1514 >.
760 1478 800 1505 At
822 1483 985 1513 praeterea,
1006 1475 1031 1503 si
1049 1473 1225 1511 diligentiori
1254 1474 1376 1502 examini
1400 1472 1568 1502 submittere
1588 1480 1636 1501 ve-

118 1525 210 1554 limus
232 1535 330 1555 omnes
355 1527 490 1563 effectus,
512 1528 562 1563 qui
587 1536 621 1557 ex
648 1529 699 1556 hac
727 1527 865 1565 missione
889 1529 919 1556 in
945 1525 1160 1562 possessionem
1190 1525 1342 1560 oriuntur,
1363 1525 1452 1553 hosce
1476 1524 1506 1552 in
1530 1523 1633 1558 primis

115 1583 153 1605 eo
172 1577 283 1605 tendere
303 1577 468 1613 apparebit,
491 1585 523 1607 ut
540 1578 686 1614 Absenti,
707 1579 851 1614 siquando
876 1582 1059 1611 revertatur,
1080 1574 1181 1611 ‘quoad
1196 1574 1257 1612 ejus
1275 1575 1335 1604 fieri
1351 1575 1467 1611 possit,
1490 1570 1568 1603 bona
1591 1574 1635 1603 in-

113 1634 255 1663 corrupta
271 1634 420 1656 serventur
445 1629 485 1665 (2
498 1629 523 1665 ).
566 1629 662 1663 Nam,
683 1629 750 1657 licet
767 1634 884 1665 propter
899 1628 1063 1656 diuturnam
1081 1626 1249 1655 Absentiam
1267 1627 1369 1654 mortis
1394 1625 1568 1662 praesumtio
1585 1626 1628 1655 vi·

115 1685 162 1706 res
186 1678 393 1715 acquisiverit,
416 1685 443 1707 et
467 1680 602 1715 aequitati
627 1688 744 1715 quoque
764 1685 987 1708 consentaneum
1011 1678 1159 1714 videatur,
1186 1677 1274 1718 illos,
1304 1677 1355 1712 qui
1385 1677 1511 1713 legitima
1534 1678 1628 1706 bono-

105 1728 179 1759 'rum
208 1731 424 1766 exspectatione
447 1740 478 1767 gt·
484 1732 602 1769 rideant,
630 1739 688 1761 non
718 1737 860 1768 perpetuo
885 1730 938 1758 hac
958 1736 1010 1764 spe
1035 1728 1186 1765 frustrari,
1206 1737 1265 1758 non
1294 1716 1363 1757 adeo
1385 1723 1459 1757 hanc
1484 1728 1522 1757 ob
1546 1736 1630 1757 caus—

119 1788 178 1810 sam
202 1781 353 1810 heredibus
373 1782 587 1817 possessionem
610 1782 752 1811 bonorum
779 1780 927 1810 concessit
944 1780 1112 1816 legislator,
1136 1788 1240 1817 quam,
1263 1780 1342 1817 quod
1359 1780 1436 1809 illam
1454 1780 1548 1817 ipsius
1564 1780 1628 1809 Ab·

114 1832 206 1871 §entis
227 1833 422 1862 emolumento
447 1842 590 1862 cessuram
612 1834 759 1862 credebat:
788 1833 873 1869 idque
899 1831 1031 1868 prudenti
1054 1831 1200 1868 con's'ili03
1229 1840 1355 1861 summae
1380 1832 1445 1861 scil.
1468 1831 1626 1871 providem

110 1883 174 1912 elac
196 1889 255 1920 est,
278 1885 319 1913 uti
341 1885 380 1913 ait
402 1885 566 1924 Uli-ianus,
587 1885 617 1914 in
640 1885 662 1913 Ι.
685 1893 710 1914 ι».
732 1893 782 1923 pr.
803 1883 838 1921 ff.
858 1883 891 1912 de
906 1884 1006 1922 Legit.
1030 1883 1120 1920 Tam,
1142 1889 1176 1913 ut
1200 1885 1251 1922 qui
1275 1869 1624 1923 sperentwsucceuionem',

127 1930 129 1936 ⁴
208 1936 211 1940 ’
912 1935 916 1939 ’
1020 1933 1027 1943 ‘
1588 1936 1628 1963 ii.

145 1999 198 2028 (ι)
221 2001 284 2028 Quae
305 2002 350 2026 hue
369 2004 484 2033 pertinent
502 2005 698 2031 occurruttapud
712 2002 828 2029 lucrium,
848 2008 871 2029 p.
885 1999 1018 2027 376—380.
1027 2006 1036 2026 ς
1051 2002 1103 2024 add.
1118 2001 1251 2030 Confirmet
1272 2000 1625 2031 fluenda,'1·om.1.p.312‚

109 2039 160 2066 Μ·
173 2040 196 2063 ¹¹²
212 2042 230 2065 s·
245 2048 268 2064 θ(
284 2049 333 2070 327-
457 2047 514 2076 (ι)
529 2036 598 2071 νίεὶἀ.
618 2051 708 2074 quoque
728 2043 811 2072 Motis
821 2059 828 2072 ‚
844 2043 918 2067 'roms
925 2043 953 2065 1}
973 2047 1071 2071 12.179‚
1080 2043 1132 2069 init.

927 2083 952 2113 L
975 2092 992 2112 2
