1913 2417
229 134 271 188 4'2‘
591 144 1383 178 G.c.ss.sUR1-NGAR

230 232 371 270 quoribus
389 229 478 267 fiat):
502 237 630 267 superest
645 236 736 258 autem
751 249 761 264 ,
783 235 816 257 ut
838 228 1016 265 indicemus,
1034 230 1105 258 hanc
1121 229 1257 258 foliorum
1275 226 1489 264 absorptionem
1508 234 1558 255 sua
1572 231 1695 263 sponte,
1716 233 1755 258 ut

231 285 274 313 ita
296 283 406 318 dicam,
429 281 563 316 institui,
586 282 603 310 i.
623 290 646 310 e.
669 281 760 309 multa
778 280 809 309 in
827 280 904 308 foliis
928 288 1118 315 concurrere,
1140 281 1174 309 ad
1191 280 1406 316 absorptionem
1432 278 1542 307 facilem
1561 280 1751 316 reddendam,

236 333 381 364 facientia.
423 332 578 361 Videamus
595 332 683 367 igitur
706 331 845 366 breviter,
869 339 884 359 e
899 332 1071 367 quibusnam
1089 333 1158 361 haec
1175 338 1332 368 spontanea
1349 331 1498 366 absorptio
1515 330 1681 366 explicanda
1700 329 1751 360 sit,

273 394 301 414 1.
332 384 357 412 E
383 383 443 412 situ
469 382 623 410 foliorum:
651 382 697 409 hic
721 381 795 410 enim
817 390 926 418 semper
950 383 1015 411 talis
1039 390 1103 418 est,
1134 389 1166 411 ut
1197 382 1332 410 inferiora
1355 381 1424 410 folia
1455 389 1538 417 quam
1571 381 1686 409 minime
1709 381 1758 420 inq⁴

237 435 390 470 tercipiant
407 434 552 469 liquores,
570 433 604 461 de
619 439 689 460 terra
706 432 918 468 adscendentes,
935 442 989 469 pro
1003 432 1082 462 foliis
1098 433 1239 469 superiori
1256 433 1347 462 caulis
1364 433 1438 468 parti
1455 432 1647 461 insidentibus
1662 432 1748 470 (29).

277 494 308 515 α.
337 485 414 513 Haec
441 490 597 520 spontanea
622 483 772 519 absorptio
797 484 965 519 explicanda
977 491 1023 513 est
1044 493 1058 512 e
1077 484 1257 521 longitudine
1272 485 1443 522 petiolorum
1460 484 1593 520 diversa,
1613 485 1647 514 ad
1668 493 1757 520 quam

238 545 291 566 nec
314 536 478 570 Bonnam,
499 542 550 563 nec
575 534 649 562 alius
672 534 847 570 quisquam,
877 525 1014 570 quantum
1042 536 1172 571 equidem
1199 536 1290 571 novi,
1311 542 1419 571 praeter
1444 535 1690 572 Bragmanstum,
1715 542 1758 564 at-

239 587 345 615 tendit.
384 585 487 615 Petioli
510 593 630 621 nempe,
657 585 686 613 in
719 585 810 613 caulis
835 586 915 621 apice
943 586 1108 622 breviores,
1139 595 1240 615 versus
1273 585 1406 614 inferiora
1433 586 1579 622 longiores
1611 587 1756 622 evadunt,

238 637 279 666 ita
303 645 356 672 ut,
378 637 404 666 si
431 636 526 673 apices
551 636 687 665 foliorum
709 636 784 665 linea
807 636 930 665 invicem
951 638 1130 675 jungantur,
1158 646 1218 667 non
1239 636 1383 674 cylindri,
1413 638 1462 665 sed
1484 637 1641 673 pyramidis
1664 637 1759 666 forma

239 695 384 719 nascatur.

281 748 310 776 3.
338 739 516 775 Explicanda
539 745 583 767 est
613 747 647 767 ex
677 739 791 776 angulis
820 739 966 775 diversis,
991 748 1066 776 quos
1101 739 1201 777 petioli
1231 747 1296 768 cum
1327 739 1407 767 caule
1431 739 1476 768 vel
1505 740 1591 768 ramis
1611 739 1761 770 formant:

240 790 271 821 hi
296 790 369 819 enim
393 791 426 819 ad
443 790 619 826 superiorem
637 790 748 826 plantae
770 798 877 826 partem
901 791 1011 820 minimi
1031 798 1124 827 sunt,
1148 799 1249 819 versus
1277 791 1399 819 radicem
1423 799 1491 819 vero
1511 790 1696 826 increscunt,
1722 791 1764 823 ita

241 848 276 870 ut
292 842 347 870 hoc
369 841 436 877 ipso
456 841 577 877 petioli,
599 843 729 876 quamvis
749 842 873 879 ejusdem
895 843 1105 879 longitudinis,
1126 851 1227 871 versus
1246 841 1380 870 inferiora
1396 847 1488 870 tamen
1501 862 1512 878 ,
1534 851 1623 878 quum
1641 843 1764 880 majores

241 899 308 922 cum
333 892 415 921 caule
441 893 563 929 angulos
586 892 730 928 forment,
754 900 783 922 et
803 894 838 922 ab
863 901 898 922 eo
921 893 1016 930 magis
1035 894 1186 929 recedant,
1214 893 1359 929 longiores
1383 893 1561 922 reddantur:
1591 894 1658 923 hinc
1686 894 1766 924 idem

243 943 375 979 obtinet,
409 944 489 979 quod
514 944 581 972 loco
607 939 733 974 secundo
755 950 963 981 memoratum,
992 946 1074 981 quod
1093 953 1195 982 nempe
1218 952 1311 974 conus
1334 944 1495 980 formetur,
1518 944 1650 982 apicibus
1675 945 1764 975 folio·

240 1003 305 1025 xum
329 995 403 1023 linea
423 994 546 1031 junctis.

280 1055 311 1082 4.
339 1046 364 1075 E
388 1045 525 1082 singulari
554 1045 770 1084 sensibilitate,
800 1047 1091 1085 (remur-nentem),
1120 1055 1176 1084 qua
1207 1045 1276 1076 folia
1305 1046 1464 1076 naturalem
1493 1045 1580 1075 situm
1613 1045 1772 1082 affectant,

243 1096 265 1127 i.
290 1105 314 1127 e.
340 1097 419 1133 quod
440 1096 511 1126 folia
532 1096 658 1133 patentia
682 1105 742 1126 eam
766 1098 888 1128 habeant
910 1099 992 1136 vim,
1010 1106 1068 1135 ut,
1084 1099 1110 1127 si
1130 1099 1228 1134 aliqua
1249 1098 1279 1128 vi
1300 1106 1315 1127 e
1335 1098 1396 1127 situ
1417 1098 1561 1133 naturali,
1590 1098 1625 1127 ad
1644 1097 1769 1133 absorp-

249 1149 359 1177 tionem
382 1148 518 1184 facienti,
539 1153 728 1186 moveantur,
748 1158 816 1179 mox
838 1150 927 1180 situm
953 1150 1109 1187 pristinum
1134 1156 1326 1187 recuperent,
1344 1155 1372 1179 et
1394 1148 1501 1178 faciem·
1521 1149 1624 1178 iterum
1647 1148 1772 1178 inferio.-

246 1206 305 1228 1em
324 1199 440 1235 telluri,
461 1199 639 1237 superiorem
668 1201 751 1229 coelo
777 1201 951 1238 obvertant,
978 1202 1116 1238 quodque
1138 1201 1209 1232 folia
1231 1208 1345 1236 erecta,
1368 1209 1383 1229 e
1407 1201 1468 1230 situ
1496 1200 1616 1230 naturali
1638 1201 1668 1230 in
1690 1199 1773 1230 hori·

247 1257 365 1279 zontem
389 1251 481 1287 flexa,
502 1259 570 1280 mox
590 1251 694 1280 iterum
722 1251 830 1288 apicem
856 1254 939 1282 coelo
962 1260 990 1282 et
1007 1254 1092 1282 basin
1113 1253 1208 1282 telluri
1231 1253 1393 1283 obvertant.
1434 1252 1505 1281 Non
1527 1260 1685 1289 possumus
1709 1251 1775 1280 sin·

249 1297 325 1336 gula
343 1301 455 1338 egregia
479 1301 670 1337 experimenta
691 1303 777 1340 (30)
801 1303 982 1338 describere,
1003 1312 1076 1339 quae
1098 1303 1145 1332 Cl.
1168 1302 1310 1331 Bonnetus
1334 1303 1483 1339 instituit,
1506 1310 1538 1332 ut
1553 1311 1667 1332 causam
1682 1302 1773 1340 hujus

249 1350 282 1379 in
305 1350 443 1380 foliorum
466 1352 525 1381 situ
549 1352 719 1381 mutationis
746 1361 875 1383 erueret:
897 1354 1020 1382 sufficiat
1049 1363 1138 1390 vero,
1159 1354 1371 1391 conjecturam,
1392 1355 1428 1383 ad
1449 1363 1533 1390 quam
1556 1355 1651 1391 ipsum
1676 1354 1774 1383 inves-

250 1401 405 1437 tIgationes
427 1402 491 1431 illae
512 1403 679 1438 duxerunt,
698 1411 879 1434 memorasse.
919 1405 1037 1433 Scilicet
1067 1413 1128 1433 non
1152 1404 1215 1433 sine
1235 1405 1294 1433 veri
1321 1405 1417 1441 specie
1440 1405 1563 1440 statuit,
1590 1405 1773 1442 superficiem

250 1450 317 1480 folii
342 1453 514 1488 superiorem
538 1448 688 1482 formatam
710 1463 773 1483 esse
803 1455 907 1491 fibris,
934 1464 1008 1492 quas
1035 1455 1110 1484 lucis
1140 1456 1219 1484 calor
1243 1456 1337 1492 possit
1373 1456 1538 1485 contrahere
1562 1465 1612 1486 seu
1638 1457 1771 1486 incurva·

251 1511 300 1537 xe,
323 1502 487 1532 inferiorem
508 1510 601 1533 autem
626 1505 699 1534 alius
727 1506 835 1535 indolis
858 1507 958 1542 fibris,
980 1515 1052 1542 quae
1080 1507 1249 1535 humiditate
1277 1508 1601 1545 contrahantur(31):
1625 1508 1692 1537 hinc
1706 1514 1774 1536 eum

252 1552 319 1582 folii
340 1554 428 1583 situm
455 1557 613 1587 naturalem
650 1565 732 1592 esse,
753 1564 786 1586 nt
805 1557 925 1587 inferior
947 1557 1037 1587 facies
1061 1564 1185 1594 terram,
1205 1558 1314 1594 quippe
1339 1567 1413 1595 quae
1438 1559 1592 1595 plurimum
1618 1559 1776 1588 humidita-

253 1603 291 1631 tis
316 1606 504 1641 suppeditat,
533 1608 684 1644 respiciat;
713 1614 740 1637 et
765 1609 832 1638 hinc
857 1609 887 1639 iu
907 1609 1039 1646 plantis,
1065 1617 1138 1646 quae
1169 1610 1337 1639 sensiliores
1369 1609 1456 1639 fibras
1479 1610 1603 1646 habeut,
1631 1609 1771 1640 foliorum

255 1655 343 1684 situm
369 1665 424 1693 pro
448 1657 507 1685 situ
535 1659 606 1687 solis
632 1659 744 1689 mutari.

297 1706 343 1735 Ex
367 1708 412 1736 his
436 1708 524 1745 igitur
545 1717 679 1746 constat,
701 1710 779 1747 quod
806 1710 878 1740 folia
901 1720 916 1740 a
935 1718 1051 1740 naturae
1071 1712 1202 1741 Auctore
1220 1711 1326 1741 talibus
1351 1712 1576 1748 proprietatibus
1601 1713 1659 1741 sint
1683 1713 1772 1742 dona-

259 1763 310 1791 ta,
334 1764 364 1785 ut
382 1756 515 1787 facillime
532 1760 745 1798 absorptionem
759 1782 768 1797 ‚
790 1762 970 1791 functionem
994 1763 1070 1792 illam
1088 1764 1267 1801 primariam,
1288 1772 1438 1800 peragere,
1463 1770 1491 1792 et
1512 1764 1554 1792 sic
1580 1764 1635 1794 toti
1657 1766 1776 1802 plantae

258 1807 464 1838 nutrimentum
490 1812 679 1847 aptissimum
701 1821 865 1851 comparare
889 1814 1019 1851 possint.

1637 1865 1777 1898 CAPUT

290 1934 356 1963 (29)
376 1937 428 1959 Vl&-
449 1939 506 1960 sect.
522 1940 548 1961 Π.
570 1937 590 1965 §-
607 1944 632 1962 r-

909 1941 976 1972 (a)
999 1941 1050 1967 vid.
1069 1941 1173 1973 nannet,
1194 1942 1303 1968 nemu.
1326 1949 1350 1972 r·
1363 1947 1390 1972 77
1405 1949 1469 1973 ΜΦ

290 1975 356 2004 (3¹)
376 1977 462 1998 Bonna:
480 1979 499 2002 1.-
511 1985 531 2004 e,
552 1986 602 2008 pag,
617 1982 666 2009 ης,
