<?xml version="1.0" encoding="UTF-8"?>
<!DOCTYPE html PUBLIC "-//W3C//DTD XHTML 1.0 Transitional//EN"
    "http://www.w3.org/TR/xhtml1/DTD/xhtml1-transitional.dtd">
<html xmlns="http://www.w3.org/1999/xhtml" xml:lang="en" lang="en">
 <head>
  <title>
</title>
<meta http-equiv="Content-Type" content="text/html;charset=utf-8" />
  <meta name='ocr-system' content='tesseract 3.04.00' />
  <meta name='ocr-capabilities' content='ocr_page ocr_carea ocr_par ocr_line ocrx_word'/>
</head>
<body>
  <div class='ocr_page' id='page_1' title='image "annalesacademiae19rijk_0117.png"; bbox 0 0 1913 2417; ppageno 0'>
   <div class='ocr_carea' id='block_1_1' title="bbox 670 146 1598 208">
    <p class='ocr_par' dir='ltr' id='par_1_1' title="bbox 670 146 1598 208">
     <span class='ocr_line' id='line_1_1' title="bbox 670 146 1598 208; baseline 0.001 -13"><span class='ocrx_word' id='word_1_1' title='bbox 670 146 1059 197; x_wconf 60' lang='lat' dir='ltr'><strong>ORATIOJ</strong></span> <span class='ocrx_word' id='word_1_2' title='bbox 1575 165 1598 208; x_wconf 71' lang='lat'>9·</span> 
     </span>
    </p>
   </div>
   <div class='ocr_carea' id='block_1_2' title="bbox 80 255 1603 1994">
    <p class='ocr_par' dir='ltr' id='par_1_2' title="bbox 119 255 1597 639">
     <span class='ocr_line' id='line_1_2' title="bbox 119 255 1594 301; baseline 0 -12"><span class='ocrx_word' id='word_1_3' title='bbox 119 257 199 289; x_wconf 83' lang='lat' dir='ltr'>dum</span> <span class='ocrx_word' id='word_1_4' title='bbox 224 257 263 289; x_wconf 89' lang='lat' dir='ltr'>ad</span> <span class='ocrx_word' id='word_1_5' title='bbox 290 257 427 301; x_wconf 84' lang='lat' dir='ltr'>aliquam</span> <span class='ocrx_word' id='word_1_6' title='bbox 457 256 728 300; x_wconf 71' lang='lat' dir='ltr'>opportunitatem</span> <span class='ocrx_word' id='word_1_7' title='bbox 763 255 872 287; x_wconf 87' lang='lat' dir='ltr'>referri</span> <span class='ocrx_word' id='word_1_8' title='bbox 900 267 1010 300; x_wconf 84' lang='lat' dir='ltr'>posse3</span> <span class='ocrx_word' id='word_1_9' title='bbox 1044 266 1156 288; x_wconf 85' lang='lat' dir='ltr'>verum</span> <span class='ocrx_word' id='word_1_10' title='bbox 1187 256 1307 299; x_wconf 87' lang='lat' dir='ltr'>optima</span> <span class='ocrx_word' id='word_1_11' title='bbox 1335 256 1502 300; x_wconf 84' lang='lat' dir='ltr'>disciplina</span> <span class='ocrx_word' id='word_1_12' title='bbox 1526 269 1594 290; x_wconf 88' lang='lat' dir='ltr'>non</span> 
     </span>
     <span class='ocr_line' id='line_1_3' title="bbox 127 312 1595 358; baseline 0.001 -13"><span class='ocrx_word' id='word_1_13' title='bbox 127 314 167 345; x_wconf 86' lang='lat' dir='ltr'>ad</span> <span class='ocrx_word' id='word_1_14' title='bbox 204 325 342 357; x_wconf 88' lang='lat' dir='ltr'>paucos,</span> <span class='ocrx_word' id='word_1_15' title='bbox 386 314 440 346; x_wconf 92' lang='lat' dir='ltr'>sed</span> <span class='ocrx_word' id='word_1_16' title='bbox 477 314 516 344; x_wconf 88' lang='lat' dir='ltr'>ad</span> <span class='ocrx_word' id='word_1_17' title='bbox 552 323 664 344; x_wconf 85' lang='lat' dir='ltr'>omnes</span> <span class='ocrx_word' id='word_1_18' title='bbox 699 314 858 356; x_wconf 86' lang='lat' dir='ltr'><strong>pertinet,</strong></span> <span class='ocrx_word' id='word_1_19' title='bbox 898 324 1003 356; x_wconf 89' lang='lat' dir='ltr'>neque</span> <span class='ocrx_word' id='word_1_20' title='bbox 1036 319 1101 344; x_wconf 86' lang='lat' dir='ltr'>tam</span> <span class='ocrx_word' id='word_1_21' title='bbox 1135 312 1262 343; x_wconf 84' lang='lat' dir='ltr'>laudem</span> <span class='ocrx_word' id='word_1_22' title='bbox 1295 312 1466 346; x_wconf 87' lang='lat' dir='ltr'>hominum</span> <span class='ocrx_word' id='word_1_23' title='bbox 1498 325 1595 358; x_wconf 86' lang='lat' dir='ltr'>quam</span> 
     </span>
     <span class='ocr_line' id='line_1_4' title="bbox 127 369 1597 414; baseline 0.001 -12"><span class='ocrx_word' id='word_1_24' title='bbox 127 371 269 414; x_wconf 83' lang='lat' dir='ltr'>ipsarum</span> <span class='ocrx_word' id='word_1_25' title='bbox 308 371 527 402; x_wconf 82' lang='lat' dir='ltr'>doctrinarum</span> <span class='ocrx_word' id='word_1_26' title='bbox 565 370 730 401; x_wconf 81' lang='lat' dir='ltr'>continere</span> <span class='ocrx_word' id='word_1_27' title='bbox 771 369 910 401; x_wconf 84' lang='lat' dir='ltr'>videtur.</span> <span class='ocrx_word' id='word_1_28' title='bbox 977 369 1193 409; x_wconf 82' lang='lat' dir='ltr'>Quamobrem</span> <span class='ocrx_word' id='word_1_29' title='bbox 1235 370 1293 400; x_wconf 87' lang='lat' dir='ltr'>etsi</span> <span class='ocrx_word' id='word_1_30' title='bbox 1325 381 1436 402; x_wconf 87' lang='lat' dir='ltr'>omnes</span> <span class='ocrx_word' id='word_1_31' title='bbox 1466 372 1597 403; x_wconf 81' lang='lat' dir='ltr'>inventa</span> 
     </span>
     <span class='ocr_line' id='line_1_5' title="bbox 128 425 1595 471; baseline 0.001 -13"><span class='ocrx_word' id='word_1_32' title='bbox 128 433 370 466; x_wconf 81' lang='lat' dir='ltr'>consectentur,</span> <span class='ocrx_word' id='word_1_33' title='bbox 407 437 524 469; x_wconf 87' lang='lat' dir='ltr'>eosque</span> <span class='ocrx_word' id='word_1_34' title='bbox 555 425 693 470; x_wconf 90' lang='lat' dir='ltr'>populos</span> <span class='ocrx_word' id='word_1_35' title='bbox 729 425 823 457; x_wconf 82' lang='lat' dir='ltr'>laude</span> <span class='ocrx_word' id='word_1_36' title='bbox 853 426 968 457; x_wconf 83' lang='lat' dir='ltr'>merito</span> <span class='ocrx_word' id='word_1_37' title='bbox 999 425 1159 463; x_wconf 83' lang='lat' dir='ltr'>afficiant,</span> <span class='ocrx_word' id='word_1_38' title='bbox 1194 436 1333 468; x_wconf 87' lang='lat' dir='ltr'>quorum</span> <span class='ocrx_word' id='word_1_39' title='bbox 1361 428 1477 470; x_wconf 84' lang='lat' dir='ltr'>partria</span> <span class='ocrx_word' id='word_1_40' title='bbox 1503 428 1595 471; x_wconf 87' lang='lat' dir='ltr'>plura</span> 
     </span>
     <span class='ocr_line' id='line_1_6' title="bbox 128 482 1596 526; baseline 0.001 -12"><span class='ocrx_word' id='word_1_41' title='bbox 128 489 159 514; x_wconf 83' lang='lat' dir='ltr'>et</span> <span class='ocrx_word' id='word_1_42' title='bbox 201 483 318 526; x_wconf 83' lang='lat' dir='ltr'>majora</span> <span class='ocrx_word' id='word_1_43' title='bbox 357 483 545 526; x_wconf 84' lang='lat' dir='ltr'>protulerit,</span> <span class='ocrx_word' id='word_1_44' title='bbox 584 489 691 514; x_wconf 82' lang='lat' dir='ltr'>tamen</span> <span class='ocrx_word' id='word_1_45' title='bbox 729 483 890 513; x_wconf 79' lang='lat' dir='ltr'>doctrinas</span> <span class='ocrx_word' id='word_1_46' title='bbox 928 483 1011 525; x_wconf 88' lang='lat' dir='ltr'>ipsas</span> <span class='ocrx_word' id='word_1_47' title='bbox 1049 482 1162 513; x_wconf 85' lang='lat' dir='ltr'>florere</span> <span class='ocrx_word' id='word_1_48' title='bbox 1193 482 1324 513; x_wconf 87' lang='lat' dir='ltr'>demum</span> <span class='ocrx_word' id='word_1_49' title='bbox 1356 483 1596 525; x_wconf 87' lang='lat' dir='ltr'>judicabimus,</span> 
     </span>
     <span class='ocr_line' id='line_1_7' title="bbox 125 538 1596 583; baseline 0.002 -12"><span class='ocrx_word' id='word_1_50' title='bbox 125 539 182 572; x_wconf 88' lang='lat' dir='ltr'>ubi</span> <span class='ocrx_word' id='word_1_51' title='bbox 211 546 242 571; x_wconf 88' lang='lat' dir='ltr'>et</span> <span class='ocrx_word' id='word_1_52' title='bbox 267 540 395 571; x_wconf 88' lang='lat' dir='ltr'>inventa</span> <span class='ocrx_word' id='word_1_53' title='bbox 418 540 483 571; x_wconf 89' lang='lat' dir='ltr'>sint</span> <span class='ocrx_word' id='word_1_54' title='bbox 501 539 759 583; x_wconf 87' lang='lat' dir='ltr'>quamplurima,</span> <span class='ocrx_word' id='word_1_55' title='bbox 792 545 823 570; x_wconf 87' lang='lat' dir='ltr'>et</span> <span class='ocrx_word' id='word_1_56' title='bbox 847 538 944 570; x_wconf 88' lang='lat' dir='ltr'>simul</span> <span class='ocrx_word' id='word_1_57' title='bbox 970 538 1023 569; x_wconf 90' lang='lat' dir='ltr'>illa</span> <span class='ocrx_word' id='word_1_58' title='bbox 1050 538 1236 582; x_wconf 78' lang='lat' dir='ltr'>gravissima</span> <span class='ocrx_word' id='word_1_59' title='bbox 1263 540 1401 571; x_wconf 81' lang='lat' dir='ltr'>extiterit</span> <span class='ocrx_word' id='word_1_60' title='bbox 1425 544 1596 574; x_wconf 75' lang='lat' dir='ltr'>auctoritas</span> 
     </span>
     <span class='ocr_line' id='line_1_8' title="bbox 128 594 1526 639; baseline 0.002 -13"><span class='ocrx_word' id='word_1_61' title='bbox 128 595 368 639; x_wconf 82' lang='lat' dir='ltr'>philosophiae,</span> <span class='ocrx_word' id='word_1_62' title='bbox 409 607 491 639; x_wconf 84' lang='lat' dir='ltr'>quae</span> <span class='ocrx_word' id='word_1_63' title='bbox 524 596 633 627; x_wconf 84' lang='lat' dir='ltr'>omnia</span> <span class='ocrx_word' id='word_1_64' title='bbox 663 595 928 639; x_wconf 82' lang='lat' dir='ltr'>comprehendat,</span> <span class='ocrx_word' id='word_1_65' title='bbox 957 602 990 626; x_wconf 87' lang='lat' dir='ltr'>et</span> <span class='ocrx_word' id='word_1_66' title='bbox 1012 596 1143 638; x_wconf 89' lang='lat' dir='ltr'>optimis</span> <span class='ocrx_word' id='word_1_67' title='bbox 1165 594 1306 626; x_wconf 88' lang='lat' dir='ltr'>consiliis</span> <span class='ocrx_word' id='word_1_68' title='bbox 1332 596 1526 631; x_wconf 84' lang='lat' dir='ltr'>moderetur.</span> 
     </span>
    </p>

    <p class='ocr_par' dir='ltr' id='par_1_3' title="bbox 80 651 1600 1088">
     <span class='ocr_line' id='line_1_9' title="bbox 174 651 1597 694; baseline 0.002 -10"><span class='ocrx_word' id='word_1_69' title='bbox 174 653 259 684; x_wconf 84' lang='lat' dir='ltr'>Haec</span> <span class='ocrx_word' id='word_1_70' title='bbox 293 653 471 694; x_wconf 87' lang='lat' dir='ltr'>sententia,</span> <span class='ocrx_word' id='word_1_71' title='bbox 507 651 699 690; x_wconf 80' lang='lat' dir='ltr'>Auditores,</span> <span class='ocrx_word' id='word_1_72' title='bbox 731 652 811 684; x_wconf 88' lang='lat' dir='ltr'>mihi</span> <span class='ocrx_word' id='word_1_73' title='bbox 844 652 1008 694; x_wconf 84' lang='lat' dir='ltr'>permagni</span> <span class='ocrx_word' id='word_1_74' title='bbox 1048 651 1204 681; x_wconf 86' lang='lat' dir='ltr'>momenti</span> <span class='ocrx_word' id='word_1_75' title='bbox 1233 652 1299 682; x_wconf 88' lang='lat' dir='ltr'>visa</span> <span class='ocrx_word' id='word_1_76' title='bbox 1333 659 1403 691; x_wconf 90' lang='lat' dir='ltr'>est,</span> <span class='ocrx_word' id='word_1_77' title='bbox 1441 665 1515 685; x_wconf 91' lang='lat' dir='ltr'>cum</span> <span class='ocrx_word' id='word_1_78' title='bbox 1556 655 1597 687; x_wconf 90' lang='lat' dir='ltr'>ad</span> 
     </span>
     <span class='ocr_line' id='line_1_10' title="bbox 129 706 1596 752; baseline -0.001 -12"><span class='ocrx_word' id='word_1_79' title='bbox 129 719 293 740; x_wconf 85' lang='lat' dir='ltr'>summum</span> <span class='ocrx_word' id='word_1_80' title='bbox 322 709 356 740; x_wconf 93' lang='lat' dir='ltr'>in</span> <span class='ocrx_word' id='word_1_81' title='bbox 391 710 449 740; x_wconf 86' lang='lat' dir='ltr'>hac</span> <span class='ocrx_word' id='word_1_82' title='bbox 473 708 696 752; x_wconf 79' lang='lat' dir='ltr'>philosophiae</span> <span class='ocrx_word' id='word_1_83' title='bbox 723 719 759 739; x_wconf 87' lang='lat' dir='ltr'>ac</span> <span class='ocrx_word' id='word_1_84' title='bbox 790 708 970 739; x_wconf 87' lang='lat' dir='ltr'>litterarum</span> <span class='ocrx_word' id='word_1_85' title='bbox 1005 707 1078 738; x_wconf 88' lang='lat' dir='ltr'>sede</span> <span class='ocrx_word' id='word_1_86' title='bbox 1108 706 1272 748; x_wconf 81' lang='lat' dir='ltr'>dignitatis</span> <span class='ocrx_word' id='word_1_87' title='bbox 1300 707 1457 749; x_wconf 85' lang='lat' dir='ltr'>gradum,</span> <span class='ocrx_word' id='word_1_88' title='bbox 1490 711 1596 744; x_wconf 75' lang='lat' dir='ltr'>aditus</span> 
     </span>
     <span class='ocr_line' id='line_1_11' title="bbox 129 762 1595 807; baseline 0.002 -12"><span class='ocrx_word' id='word_1_89' title='bbox 129 764 228 801; x_wconf 87' lang='lat' dir='ltr'>mihi,</span> <span class='ocrx_word' id='word_1_90' title='bbox 252 775 311 807; x_wconf 83' lang='lat' dir='ltr'>pro</span> <span class='ocrx_word' id='word_1_91' title='bbox 334 763 511 795; x_wconf 85' lang='lat' dir='ltr'>honorifica</span> <span class='ocrx_word' id='word_1_92' title='bbox 537 765 771 795; x_wconf 81' lang='lat' dir='ltr'>existimatione</span> <span class='ocrx_word' id='word_1_93' title='bbox 792 770 1002 807; x_wconf 86' lang='lat' dir='ltr'>patronorum</span> <span class='ocrx_word' id='word_1_94' title='bbox 1018 786 1027 800; x_wconf 93' lang='lat'>,</span> <span class='ocrx_word' id='word_1_95' title='bbox 1062 762 1206 805; x_wconf 85' lang='lat' dir='ltr'>patebat,</span> <span class='ocrx_word' id='word_1_96' title='bbox 1235 772 1309 793; x_wconf 83' lang='lat' dir='ltr'>cum</span> <span class='ocrx_word' id='word_1_97' title='bbox 1342 763 1398 794; x_wconf 88' lang='lat' dir='ltr'>diu</span> <span class='ocrx_word' id='word_1_98' title='bbox 1423 772 1454 796; x_wconf 88' lang='lat' dir='ltr'>et</span> <span class='ocrx_word' id='word_1_99' title='bbox 1482 766 1595 798; x_wconf 86' lang='lat' dir='ltr'>sedulo</span> 
     </span>
     <span class='ocr_line' id='line_1_12' title="bbox 80 819 1598 862; baseline 0.002 -10"><span class='ocrx_word' id='word_1_100' title='bbox 80 826 87 834; x_wconf 96' lang='lat'><strong><em>¹</em></strong></span> <span class='ocrx_word' id='word_1_101' title='bbox 128 831 253 852; x_wconf 90' lang='lat' dir='ltr'>mecum</span> <span class='ocrx_word' id='word_1_102' title='bbox 284 822 320 851; x_wconf 87' lang='lat' dir='ltr'>in</span> <span class='ocrx_word' id='word_1_103' title='bbox 347 821 456 854; x_wconf 84' lang='lat' dir='ltr'>animo</span> <span class='ocrx_word' id='word_1_104' title='bbox 482 819 649 859; x_wconf 77' lang='lat' dir='ltr'>versabar,</span> <span class='ocrx_word' id='word_1_105' title='bbox 682 830 764 862; x_wconf 86' lang='lat' dir='ltr'>quae</span> <span class='ocrx_word' id='word_1_106' title='bbox 793 830 927 851; x_wconf 86' lang='lat' dir='ltr'>munera</span> <span class='ocrx_word' id='word_1_107' title='bbox 960 819 1035 850; x_wconf 85' lang='lat' dir='ltr'>inde</span> <span class='ocrx_word' id='word_1_108' title='bbox 1070 819 1292 861; x_wconf 85' lang='lat' dir='ltr'>susciperem,</span> <span class='ocrx_word' id='word_1_109' title='bbox 1325 821 1426 862; x_wconf 85' lang='lat' dir='ltr'>magis</span> <span class='ocrx_word' id='word_1_110' title='bbox 1464 822 1598 855; x_wconf 84' lang='lat' dir='ltr'>sollicite</span> 
     </span>
     <span class='ocr_line' id='line_1_13' title="bbox 127 873 1600 920; baseline -0.001 -12"><span class='ocrx_word' id='word_1_111' title='bbox 127 876 258 908; x_wconf 79' lang='lat' dir='ltr'>fortasse</span> <span class='ocrx_word' id='word_1_112' title='bbox 283 876 372 920; x_wconf 84' lang='lat' dir='ltr'>quod</span> <span class='ocrx_word' id='word_1_113' title='bbox 405 888 456 908; x_wconf 89' lang='lat' dir='ltr'>me</span> <span class='ocrx_word' id='word_1_114' title='bbox 485 877 519 908; x_wconf 88' lang='lat' dir='ltr'>in</span> <span class='ocrx_word' id='word_1_115' title='bbox 547 887 623 907; x_wconf 88' lang='lat' dir='ltr'>eum</span> <span class='ocrx_word' id='word_1_116' title='bbox 651 876 757 907; x_wconf 88' lang='lat' dir='ltr'>locum</span> <span class='ocrx_word' id='word_1_117' title='bbox 784 883 1015 919; x_wconf 80' lang='lat' dir='ltr'>perventurum</span> <span class='ocrx_word' id='word_1_118' title='bbox 1051 873 1219 912; x_wconf 87' lang='lat' dir='ltr'>videbam,</span> <span class='ocrx_word' id='word_1_119' title='bbox 1245 886 1311 917; x_wconf 91' lang='lat' dir='ltr'>quo</span> <span class='ocrx_word' id='word_1_120' title='bbox 1336 875 1386 907; x_wconf 91' lang='lat' dir='ltr'>his</span> <span class='ocrx_word' id='word_1_121' title='bbox 1412 879 1600 912; x_wconf 73' lang='lat' dir='ltr'>muneribus</span> 
     </span>
     <span class='ocr_line' id='line_1_14' title="bbox 127 930 1599 977; baseline 0 -13"><span class='ocrx_word' id='word_1_122' title='bbox 127 944 196 964; x_wconf 88' lang='lat' dir='ltr'>non</span> <span class='ocrx_word' id='word_1_123' title='bbox 226 932 360 964; x_wconf 89' lang='lat' dir='ltr'>deficere</span> <span class='ocrx_word' id='word_1_124' title='bbox 384 944 528 977; x_wconf 86' lang='lat' dir='ltr'>unquam</span> <span class='ocrx_word' id='word_1_125' title='bbox 551 932 673 976; x_wconf 78' lang='lat' dir='ltr'>aliquid</span> <span class='ocrx_word' id='word_1_126' title='bbox 696 934 926 975; x_wconf 78' lang='lat' dir='ltr'>cognovimus.</span> <span class='ocrx_word' id='word_1_127' title='bbox 981 930 1160 962; x_wconf 77' lang='lat' dir='ltr'>Sentiebam</span> <span class='ocrx_word' id='word_1_128' title='bbox 1189 941 1305 974; x_wconf 79' lang='lat' dir='ltr'>nempe</span> <span class='ocrx_word' id='word_1_129' title='bbox 1332 932 1466 965; x_wconf 83' lang='lat' dir='ltr'>eandem</span> <span class='ocrx_word' id='word_1_130' title='bbox 1496 942 1599 968; x_wconf 78' lang='lat' dir='ltr'>trans·</span> 
     </span>
     <span class='ocr_line' id='line_1_15' title="bbox 129 987 1599 1032; baseline 0.003 -12"><span class='ocrx_word' id='word_1_131' title='bbox 129 988 203 1020; x_wconf 86' lang='lat' dir='ltr'>ferri</span> <span class='ocrx_word' id='word_1_132' title='bbox 233 1000 325 1032; x_wconf 83' lang='lat' dir='ltr'>posse</span> <span class='ocrx_word' id='word_1_133' title='bbox 356 989 395 1020; x_wconf 89' lang='lat' dir='ltr'>ad</span> <span class='ocrx_word' id='word_1_134' title='bbox 421 989 583 1021; x_wconf 77' lang='lat' dir='ltr'>doctrinas</span> <span class='ocrx_word' id='word_1_135' title='bbox 605 996 756 1027; x_wconf 83' lang='lat' dir='ltr'>naturae,</span> <span class='ocrx_word' id='word_1_136' title='bbox 788 996 857 1021; x_wconf 85' lang='lat' dir='ltr'>tum</span> <span class='ocrx_word' id='word_1_137' title='bbox 887 988 1052 1020; x_wconf 82' lang='lat' dir='ltr'>continere</span> <span class='ocrx_word' id='word_1_138' title='bbox 1079 987 1250 1018; x_wconf 80' lang='lat' dir='ltr'>maximam</span> <span class='ocrx_word' id='word_1_139' title='bbox 1281 994 1404 1030; x_wconf 83' lang='lat' dir='ltr'>partem</span> <span class='ocrx_word' id='word_1_140' title='bbox 1431 990 1529 1024; x_wconf 80' lang='lat' dir='ltr'>officii</span> <span class='ocrx_word' id='word_1_141' title='bbox 1545 1005 1599 1025; x_wconf 87' lang='lat' dir='ltr'>eo-</span> 
     </span>
     <span class='ocr_line' id='line_1_16' title="bbox 128 1042 1097 1088; baseline -0.003 -12"><span class='ocrx_word' id='word_1_142' title='bbox 128 1056 224 1083; x_wconf 86' lang='lat' dir='ltr'>rum,</span> <span class='ocrx_word' id='word_1_143' title='bbox 249 1046 306 1088; x_wconf 82' lang='lat' dir='ltr'>qui</span> <span class='ocrx_word' id='word_1_144' title='bbox 330 1057 364 1078; x_wconf 79' lang='lat' dir='ltr'>se</span> <span class='ocrx_word' id='word_1_145' title='bbox 389 1046 428 1077; x_wconf 80' lang='lat' dir='ltr'>ad</span> <span class='ocrx_word' id='word_1_146' title='bbox 451 1057 502 1077; x_wconf 77' lang='lat' dir='ltr'>eas</span> <span class='ocrx_word' id='word_1_147' title='bbox 532 1045 666 1077; x_wconf 84' lang='lat' dir='ltr'>tuendas</span> <span class='ocrx_word' id='word_1_148' title='bbox 694 1045 757 1076; x_wconf 86' lang='lat' dir='ltr'>hoc</span> <span class='ocrx_word' id='word_1_149' title='bbox 780 1052 923 1087; x_wconf 81' lang='lat' dir='ltr'>tempore</span> <span class='ocrx_word' id='word_1_150' title='bbox 946 1042 1097 1074; x_wconf 81' lang='lat' dir='ltr'>offerunt.</span> 
     </span>
    </p>

    <p class='ocr_par' dir='ltr' id='par_1_4' title="bbox 108 1102 1603 1696">
     <span class='ocr_line' id='line_1_17' title="bbox 174 1102 1601 1146; baseline 0.001 -14"><span class='ocrx_word' id='word_1_151' title='bbox 174 1102 300 1132; x_wconf 87' lang='lat' dir='ltr'>Etenim</span> <span class='ocrx_word' id='word_1_152' title='bbox 329 1113 412 1144; x_wconf 84' lang='lat' dir='ltr'>quae</span> <span class='ocrx_word' id='word_1_153' title='bbox 447 1109 530 1134; x_wconf 85' lang='lat' dir='ltr'>aetas</span> <span class='ocrx_word' id='word_1_154' title='bbox 565 1102 605 1133; x_wconf 88' lang='lat' dir='ltr'>de</span> <span class='ocrx_word' id='word_1_155' title='bbox 642 1102 781 1132; x_wconf 80' lang='lat' dir='ltr'>inventis</span> <span class='ocrx_word' id='word_1_156' title='bbox 813 1102 1021 1144; x_wconf 83' lang='lat' dir='ltr'>physicorum</span> <span class='ocrx_word' id='word_1_157' title='bbox 1055 1110 1189 1131; x_wconf 88' lang='lat' dir='ltr'>suorum</span> <span class='ocrx_word' id='word_1_158' title='bbox 1229 1102 1331 1144; x_wconf 88' lang='lat' dir='ltr'>magis</span> <span class='ocrx_word' id='word_1_159' title='bbox 1363 1103 1495 1146; x_wconf 80' lang='lat' dir='ltr'>gloriata</span> <span class='ocrx_word' id='word_1_160' title='bbox 1526 1108 1601 1139; x_wconf 78' lang='lat' dir='ltr'>est?</span> 
     </span>
     <span class='ocr_line' id='line_1_18' title="bbox 128 1157 1599 1202; baseline 0.005 -14"><span class='ocrx_word' id='word_1_161' title='bbox 128 1157 272 1198; x_wconf 82' lang='lat' dir='ltr'>Quando</span> <span class='ocrx_word' id='word_1_162' title='bbox 304 1169 447 1201; x_wconf 85' lang='lat' dir='ltr'>unquam</span> <span class='ocrx_word' id='word_1_163' title='bbox 484 1158 607 1201; x_wconf 81' lang='lat' dir='ltr'>physici</span> <span class='ocrx_word' id='word_1_164' title='bbox 635 1157 855 1191; x_wconf 84' lang='lat' dir='ltr'>excellentiam</span> <span class='ocrx_word' id='word_1_165' title='bbox 890 1166 981 1187; x_wconf 85' lang='lat' dir='ltr'>suam</span> <span class='ocrx_word' id='word_1_166' title='bbox 1011 1167 1086 1198; x_wconf 90' lang='lat' dir='ltr'>prae</span> <span class='ocrx_word' id='word_1_167' title='bbox 1113 1157 1331 1200; x_wconf 83' lang='lat' dir='ltr'>superioribus</span> <span class='ocrx_word' id='word_1_168' title='bbox 1357 1159 1419 1202; x_wconf 89' lang='lat' dir='ltr'>ipsi</span> <span class='ocrx_word' id='word_1_169' title='bbox 1446 1160 1599 1197; x_wconf 83' lang='lat' dir='ltr'>fidentius</span> 
     </span>
     <span class='ocr_line' id='line_1_19' title="bbox 133 1212 1600 1260; baseline 0.002 -16"><span class='ocrx_word' id='word_1_170' title='bbox 133 1214 424 1256; x_wconf 86' lang='lat' dir='ltr'>praedicaverunt?</span> <span class='ocrx_word' id='word_1_171' title='bbox 466 1216 614 1254; x_wconf 88' lang='lat' dir='ltr'>Quorum</span> <span class='ocrx_word' id='word_1_172' title='bbox 655 1215 749 1245; x_wconf 88' lang='lat' dir='ltr'>multi</span> <span class='ocrx_word' id='word_1_173' title='bbox 789 1224 830 1245; x_wconf 91' lang='lat' dir='ltr'>ne</span> <span class='ocrx_word' id='word_1_174' title='bbox 866 1212 1056 1244; x_wconf 82' lang='lat' dir='ltr'>nominandi</span> <span class='ocrx_word' id='word_1_175' title='bbox 1097 1213 1226 1255; x_wconf 89' lang='lat' dir='ltr'>quidem</span> <span class='ocrx_word' id='word_1_176' title='bbox 1266 1221 1387 1247; x_wconf 83' lang='lat' dir='ltr'>veteres</span> <span class='ocrx_word' id='word_1_177' title='bbox 1425 1219 1600 1260; x_wconf 81' lang='lat' dir='ltr'>pristinum</span> 
     </span>
     <span class='ocr_line' id='line_1_20' title="bbox 129 1267 1599 1315; baseline 0.003 -15"><span class='ocrx_word' id='word_1_178' title='bbox 129 1279 253 1300; x_wconf 89' lang='lat' dir='ltr'>morem</span> <span class='ocrx_word' id='word_1_179' title='bbox 278 1270 498 1308; x_wconf 84' lang='lat' dir='ltr'>retinuerunt;</span> <span class='ocrx_word' id='word_1_180' title='bbox 520 1276 576 1307; x_wconf 88' lang='lat' dir='ltr'>ut,</span> <span class='ocrx_word' id='word_1_181' title='bbox 609 1282 684 1302; x_wconf 88' lang='lat' dir='ltr'>cum</span> <span class='ocrx_word' id='word_1_182' title='bbox 716 1281 829 1301; x_wconf 88' lang='lat' dir='ltr'>omnes</span> <span class='ocrx_word' id='word_1_183' title='bbox 855 1270 1059 1300; x_wconf 89' lang='lat' dir='ltr'>immemores</span> <span class='ocrx_word' id='word_1_184' title='bbox 1087 1267 1153 1300; x_wconf 84' lang='lat' dir='ltr'>fere</span> <span class='ocrx_word' id='word_1_185' title='bbox 1177 1270 1278 1302; x_wconf 91' lang='lat' dir='ltr'>simus</span> <span class='ocrx_word' id='word_1_186' title='bbox 1304 1279 1461 1315; x_wconf 87' lang='lat' dir='ltr'>quantum</span> <span class='ocrx_word' id='word_1_187' title='bbox 1487 1287 1599 1309; x_wconf 86' lang='lat' dir='ltr'>eorum</span> 
     </span>
     <span class='ocr_line' id='line_1_21' title="bbox 126 1325 1600 1370; baseline 0.003 -14"><span class='ocrx_word' id='word_1_188' title='bbox 126 1335 252 1357; x_wconf 83' lang='lat' dir='ltr'>errores</span> <span class='ocrx_word' id='word_1_189' title='bbox 276 1326 370 1358; x_wconf 87' lang='lat' dir='ltr'>nobis</span> <span class='ocrx_word' id='word_1_190' title='bbox 397 1325 590 1369; x_wconf 81' lang='lat' dir='ltr'>profuerint,</span> <span class='ocrx_word' id='word_1_191' title='bbox 621 1327 668 1359; x_wconf 89' lang='lat' dir='ltr'>illi</span> <span class='ocrx_word' id='word_1_192' title='bbox 694 1337 768 1359; x_wconf 86' lang='lat' dir='ltr'>vera</span> <span class='ocrx_word' id='word_1_193' title='bbox 799 1325 954 1358; x_wconf 85' lang='lat' dir='ltr'>beneficia</span> <span class='ocrx_word' id='word_1_194' title='bbox 978 1326 1033 1356; x_wconf 82' lang='lat' dir='ltr'>vix</span> <span class='ocrx_word' id='word_1_195' title='bbox 1064 1325 1237 1368; x_wconf 88' lang='lat' dir='ltr'>aliquando</span> <span class='ocrx_word' id='word_1_196' title='bbox 1265 1338 1435 1370; x_wconf 82' lang='lat' dir='ltr'>agnoscere</span> <span class='ocrx_word' id='word_1_197' title='bbox 1468 1333 1600 1366; x_wconf 79' lang='lat' dir='ltr'>videan.</span> 
     </span>
     <span class='ocr_line' id='line_1_22' title="bbox 127 1383 1601 1427; baseline 0.007 -14"><span class='ocrx_word' id='word_1_198' title='bbox 127 1387 195 1415; x_wconf 73' lang='lat' dir='ltr'>tur.</span> <span class='ocrx_word' id='word_1_199' title='bbox 237 1383 339 1414; x_wconf 87' lang='lat' dir='ltr'>Multa</span> <span class='ocrx_word' id='word_1_200' title='bbox 360 1384 490 1427; x_wconf 87' lang='lat' dir='ltr'>quidem</span> <span class='ocrx_word' id='word_1_201' title='bbox 515 1392 548 1416; x_wconf 78' lang='lat' dir='ltr'>et</span> <span class='ocrx_word' id='word_1_202' title='bbox 570 1395 686 1427; x_wconf 83' lang='lat' dir='ltr'>magna</span> <span class='ocrx_word' id='word_1_203' title='bbox 706 1383 838 1416; x_wconf 84' lang='lat' dir='ltr'>fuerunt</span> <span class='ocrx_word' id='word_1_204' title='bbox 869 1383 928 1414; x_wconf 87' lang='lat' dir='ltr'>hac</span> <span class='ocrx_word' id='word_1_205' title='bbox 952 1389 1051 1414; x_wconf 86' lang='lat' dir='ltr'>aetate</span> <span class='ocrx_word' id='word_1_206' title='bbox 1080 1383 1222 1415; x_wconf 85' lang='lat' dir='ltr'>inventa.</span> <span class='ocrx_word' id='word_1_207' title='bbox 1268 1385 1329 1415; x_wconf 86' lang='lat' dir='ltr'>Sed</span> <span class='ocrx_word' id='word_1_208' title='bbox 1350 1396 1392 1416; x_wconf 87' lang='lat' dir='ltr'>an</span> <span class='ocrx_word' id='word_1_209' title='bbox 1418 1398 1454 1418; x_wconf 91' lang='lat' dir='ltr'>ea</span> <span class='ocrx_word' id='word_1_210' title='bbox 1478 1388 1601 1423; x_wconf 85' lang='lat' dir='ltr'>fructus</span> 
     </span>
     <span class='ocr_line' id='line_1_23' title="bbox 127 1438 1600 1487; baseline 0.005 -19"><span class='ocrx_word' id='word_1_211' title='bbox 127 1438 202 1469; x_wconf 79' lang='lat' dir='ltr'>satis</span> <span class='ocrx_word' id='word_1_212' title='bbox 227 1450 360 1482; x_wconf 85' lang='lat' dir='ltr'>magnos</span> <span class='ocrx_word' id='word_1_213' title='bbox 392 1443 427 1472; x_wconf 87' lang='lat' dir='ltr'>in</span> <span class='ocrx_word' id='word_1_214' title='bbox 453 1443 605 1473; x_wconf 86' lang='lat' dir='ltr'>universo</span> <span class='ocrx_word' id='word_1_215' title='bbox 633 1442 742 1474; x_wconf 83' lang='lat' dir='ltr'>studio</span> <span class='ocrx_word' id='word_1_216' title='bbox 768 1446 900 1472; x_wconf 83' lang='lat' dir='ltr'>naturae</span> <span class='ocrx_word' id='word_1_217' title='bbox 938 1438 1106 1470; x_wconf 77' lang='lat' dir='ltr'>tulerunt?</span> <span class='ocrx_word' id='word_1_218' title='bbox 1137 1449 1179 1470; x_wconf 87' lang='lat' dir='ltr'>an</span> <span class='ocrx_word' id='word_1_219' title='bbox 1206 1450 1319 1471; x_wconf 90' lang='lat' dir='ltr'>eorum</span> <span class='ocrx_word' id='word_1_220' title='bbox 1349 1445 1494 1487; x_wconf 82' lang='lat' dir='ltr'>exempla</span> <span class='ocrx_word' id='word_1_221' title='bbox 1525 1449 1600 1479; x_wconf 70' lang='lat' dir='ltr'>satis</span> 
     </span>
     <span class='ocr_line' id='line_1_24' title="bbox 131 1493 1600 1541; baseline 0.003 -17"><span class='ocrx_word' id='word_1_222' title='bbox 131 1493 301 1537; x_wconf 84' lang='lat' dir='ltr'>diligenter</span> <span class='ocrx_word' id='word_1_223' title='bbox 334 1498 582 1540; x_wconf 81' lang='lat' dir='ltr'>perpendimus,</span> <span class='ocrx_word' id='word_1_224' title='bbox 618 1509 700 1541; x_wconf 85' lang='lat' dir='ltr'>quae</span> <span class='ocrx_word' id='word_1_225' title='bbox 731 1497 772 1528; x_wconf 90' lang='lat' dir='ltr'>ad</span> <span class='ocrx_word' id='word_1_226' title='bbox 805 1496 928 1539; x_wconf 85' lang='lat' dir='ltr'>reliqua</span> <span class='ocrx_word' id='word_1_227' title='bbox 964 1494 1158 1526; x_wconf 86' lang='lat' dir='ltr'>invenienda</span> <span class='ocrx_word' id='word_1_228' title='bbox 1190 1500 1419 1538; x_wconf 78' lang='lat' dir='ltr'>sequeremur?</span> <span class='ocrx_word' id='word_1_229' title='bbox 1443 1512 1484 1532; x_wconf 87' lang='lat' dir='ltr'>an</span> <span class='ocrx_word' id='word_1_230' title='bbox 1509 1502 1600 1535; x_wconf 86' lang='lat' dir='ltr'>deni-</span> 
     </span>
     <span class='ocr_line' id='line_1_25' title="bbox 122 1549 1603 1596; baseline 0.009 -17"><span class='ocrx_word' id='word_1_231' title='bbox 122 1559 211 1591; x_wconf 20' lang='lat' dir='ltr'>tque,</span> <span class='ocrx_word' id='word_1_232' title='bbox 233 1552 260 1583; x_wconf 76' lang='lat' dir='ltr'>si</span> <span class='ocrx_word' id='word_1_233' title='bbox 285 1551 473 1595; x_wconf 81' lang='lat' dir='ltr'>disciplinae</span> <span class='ocrx_word' id='word_1_234' title='bbox 496 1555 666 1596; x_wconf 76' lang='lat' dir='ltr'>physicae,</span> <span class='ocrx_word' id='word_1_235' title='bbox 697 1564 762 1584; x_wconf 82' lang='lat' dir='ltr'>non</span> <span class='ocrx_word' id='word_1_236' title='bbox 788 1553 919 1585; x_wconf 66' lang='lat' dir='ltr'>invenus</span> <span class='ocrx_word' id='word_1_237' title='bbox 940 1557 1080 1589; x_wconf 84' lang='lat' dir='ltr'>tantum,</span> <span class='ocrx_word' id='word_1_238' title='bbox 1110 1549 1169 1581; x_wconf 86' lang='lat' dir='ltr'>sed</span> <span class='ocrx_word' id='word_1_239' title='bbox 1197 1554 1320 1583; x_wconf 70' lang='lat' dir='ltr'>ratione</span> <span class='ocrx_word' id='word_1_240' title='bbox 1341 1557 1517 1596; x_wconf 79' lang='lat' dir='ltr'>quaerendi</span> <span class='ocrx_word' id='word_1_241' title='bbox 1533 1563 1603 1591; x_wconf 79' lang='lat' dir='ltr'>ven·</span> 
     </span>
     <span class='ocr_line' id='line_1_26' title="bbox 108 1606 1598 1659; baseline 0.007 -24"><span class='ocrx_word' id='word_1_242' title='bbox 108 1608 345 1658; x_wconf 68' lang='lat' dir='ltr'>¹aestimentur²</span> <span class='ocrx_word' id='word_1_243' title='bbox 370 1608 451 1640; x_wconf 90' lang='lat' dir='ltr'>hauc</span> <span class='ocrx_word' id='word_1_244' title='bbox 474 1616 594 1641; x_wconf 75' lang='lat' dir='ltr'>tamam</span> <span class='ocrx_word' id='word_1_245' title='bbox 617 1608 744 1641; x_wconf 84' lang='lat' dir='ltr'>laudem</span> <span class='ocrx_word' id='word_1_246' title='bbox 771 1609 908 1646; x_wconf 87' lang='lat' dir='ltr'>mereri,</span> <span class='ocrx_word' id='word_1_247' title='bbox 940 1614 972 1638; x_wconf 85' lang='lat' dir='ltr'>et</span> <span class='ocrx_word' id='word_1_248' title='bbox 998 1606 1159 1639; x_wconf 80' lang='lat' dir='ltr'>veteribus</span> <span class='ocrx_word' id='word_1_249' title='bbox 1190 1607 1368 1652; x_wconf 71' lang='lat' dir='ltr'>disciplinis</span> <span class='ocrx_word' id='word_1_250' title='bbox 1402 1612 1480 1645; x_wconf 87' lang='lat' dir='ltr'>adeo</span> <span class='ocrx_word' id='word_1_251' title='bbox 1502 1614 1598 1659; x_wconf 82' lang='lat' dir='ltr'>longe</span> 
     </span>
     <span class='ocr_line' id='line_1_27' title="bbox 122 1662 520 1696; baseline 0.015 -6"><span class='ocrx_word' id='word_1_252' title='bbox 122 1662 316 1694; x_wconf 76' lang='lat' dir='ltr'>antecellere</span> <span class='ocrx_word' id='word_1_253' title='bbox 342 1664 520 1696; x_wconf 80' lang='lat' dir='ltr'>videntur?</span> 
     </span>
    </p>

    <p class='ocr_par' dir='ltr' id='par_1_5' title="bbox 129 1719 1602 1994">
     <span class='ocr_line' id='line_1_28' title="bbox 173 1719 1602 1765; baseline 0.009 -17"><span class='ocrx_word' id='word_1_254' title='bbox 173 1720 277 1757; x_wconf 85' lang='lat' dir='ltr'>Quam</span> <span class='ocrx_word' id='word_1_255' title='bbox 308 1722 527 1762; x_wconf 84' lang='lat' dir='ltr'>quaestionem</span> <span class='ocrx_word' id='word_1_256' title='bbox 576 1723 603 1754; x_wconf 89' lang='lat' dir='ltr'>si</span> <span class='ocrx_word' id='word_1_257' title='bbox 638 1729 745 1755; x_wconf 87' lang='lat' dir='ltr'>vestro</span> <span class='ocrx_word' id='word_1_258' title='bbox 781 1721 905 1765; x_wconf 86' lang='lat' dir='ltr'>judicio</span> <span class='ocrx_word' id='word_1_259' title='bbox 941 1719 1076 1764; x_wconf 83' lang='lat' dir='ltr'>probare</span> <span class='ocrx_word' id='word_1_260' title='bbox 1118 1723 1237 1764; x_wconf 90' lang='lat' dir='ltr'>possim</span> <span class='ocrx_word' id='word_1_261' title='bbox 1255 1746 1265 1762; x_wconf 88' lang='lat'>‚</span> <span class='ocrx_word' id='word_1_262' title='bbox 1297 1731 1333 1756; x_wconf 88' lang='lat' dir='ltr'>ut</span> <span class='ocrx_word' id='word_1_263' title='bbox 1364 1736 1423 1757; x_wconf 86' lang='lat' dir='ltr'>nec</span> <span class='ocrx_word' id='word_1_264' title='bbox 1457 1726 1602 1761; x_wconf 86' lang='lat' dir='ltr'>doctrina</span> 
     </span>
     <span class='ocr_line' id='line_1_29' title="bbox 129 1775 1598 1828; baseline 0.01 -26"><span class='ocrx_word' id='word_1_265' title='bbox 129 1783 258 1814; x_wconf 79' lang='lat' dir='ltr'>prorsus</span> <span class='ocrx_word' id='word_1_266' title='bbox 282 1775 447 1815; x_wconf 83' lang='lat' dir='ltr'>inutilem,</span> <span class='ocrx_word' id='word_1_267' title='bbox 475 1789 533 1809; x_wconf 89' lang='lat' dir='ltr'>nec</span> <span class='ocrx_word' id='word_1_268' title='bbox 561 1779 619 1810; x_wconf 89' lang='lat' dir='ltr'>hac</span> <span class='ocrx_word' id='word_1_269' title='bbox 644 1779 771 1811; x_wconf 69' lang='lat' dir='ltr'>dicendi</span> <span class='ocrx_word' id='word_1_270' title='bbox 797 1779 963 1810; x_wconf 74' lang='lat' dir='ltr'>occasione</span> <span class='ocrx_word' id='word_1_271' title='bbox 989 1776 1126 1808; x_wconf 84' lang='lat' dir='ltr'>alienam</span> <span class='ocrx_word' id='word_1_272' title='bbox 1152 1790 1220 1810; x_wconf 82' lang='lat' dir='ltr'>esse</span> <span class='ocrx_word' id='word_1_273' title='bbox 1243 1781 1482 1820; x_wconf 84' lang='lat' dir='ltr'>existimaretis,</span> <span class='ocrx_word' id='word_1_274' title='bbox 1509 1785 1598 1828; x_wconf 90' lang='lat' dir='ltr'>quod</span> 
     </span>
     <span class='ocr_line' id='line_1_30' title="bbox 130 1828 1602 1877; baseline 0.009 -18"><span class='ocrx_word' id='word_1_275' title='bbox 130 1828 289 1872; x_wconf 87' lang='lat' dir='ltr'>reliquum</span> <span class='ocrx_word' id='word_1_276' title='bbox 316 1838 362 1862; x_wconf 72' lang='lat' dir='ltr'>est</span> <span class='ocrx_word' id='word_1_277' title='bbox 382 1843 399 1863; x_wconf 89' lang='lat' dir='ltr'>a</span> <span class='ocrx_word' id='word_1_278' title='bbox 421 1840 523 1865; x_wconf 85' lang='lat' dir='ltr'>vestra</span> <span class='ocrx_word' id='word_1_279' title='bbox 547 1834 769 1866; x_wconf 83' lang='lat' dir='ltr'>benevolentia</span> <span class='ocrx_word' id='word_1_280' title='bbox 795 1846 846 1866; x_wconf 93' lang='lat' dir='ltr'>me</span> <span class='ocrx_word' id='word_1_281' title='bbox 867 1834 1011 1865; x_wconf 83' lang='lat' dir='ltr'>obtinere</span> <span class='ocrx_word' id='word_1_282' title='bbox 1039 1844 1132 1875; x_wconf 75' lang='lat' dir='ltr'>posse</span> <span class='ocrx_word' id='word_1_283' title='bbox 1157 1846 1224 1866; x_wconf 88' lang='lat' dir='ltr'>non</span> <span class='ocrx_word' id='word_1_284' title='bbox 1253 1836 1418 1877; x_wconf 72' lang='lat' dir='ltr'>diffidam,</span> <span class='ocrx_word' id='word_1_285' title='bbox 1439 1839 1516 1871; x_wconf 87' lang='lat' dir='ltr'>dum</span> <span class='ocrx_word' id='word_1_286' title='bbox 1542 1851 1602 1872; x_wconf 68' lang='grc' dir='ltr'>νας</span> 
     </span>
     <span class='ocr_line' id='line_1_31' title="bbox 130 1887 1601 1936; baseline 0.01 -23"><span class='ocrx_word' id='word_1_287' title='bbox 130 1892 259 1927; x_wconf 82' lang='lat' dir='ltr'>rogatos</span> <span class='ocrx_word' id='word_1_288' title='bbox 282 1887 400 1927; x_wconf 85' lang='lat' dir='ltr'>velim,</span> <span class='ocrx_word' id='word_1_289' title='bbox 436 1896 471 1921; x_wconf 87' lang='lat' dir='ltr'>ut</span> <span class='ocrx_word' id='word_1_290' title='bbox 495 1901 561 1922; x_wconf 81' lang='lat' dir='ltr'>non</span> <span class='ocrx_word' id='word_1_291' title='bbox 590 1891 630 1922; x_wconf 89' lang='lat' dir='ltr'>ad</span> <span class='ocrx_word' id='word_1_292' title='bbox 657 1891 838 1923; x_wconf 76' lang='lat' dir='ltr'>facultatem</span> <span class='ocrx_word' id='word_1_293' title='bbox 863 1900 966 1920; x_wconf 85' lang='lat' dir='ltr'>meam</span> <span class='ocrx_word' id='word_1_294' title='bbox 1000 1888 1148 1929; x_wconf 86' lang='lat' dir='ltr'>dicendi,</span> <span class='ocrx_word' id='word_1_295' title='bbox 1184 1891 1238 1922; x_wconf 87' lang='lat' dir='ltr'>sed</span> <span class='ocrx_word' id='word_1_296' title='bbox 1274 1893 1314 1924; x_wconf 88' lang='lat' dir='ltr'>ad</span> <span class='ocrx_word' id='word_1_297' title='bbox 1339 1893 1525 1936; x_wconf 82' lang='lat' dir='ltr'>dignitatem</span> <span class='ocrx_word' id='word_1_298' title='bbox 1554 1896 1601 1928; x_wconf 88' lang='lat' dir='ltr'>rei</span> 
     </span>
     <span class='ocr_line' id='line_1_32' title="bbox 130 1939 1542 1994; baseline 0.005 -19"><span class='ocrx_word' id='word_1_299' title='bbox 130 1939 214 1973; x_wconf 77' lang='lat' dir='ltr'>hanc</span> <span class='ocrx_word' id='word_1_300' title='bbox 235 1953 337 1974; x_wconf 86' lang='lat' dir='ltr'>meam</span> <span class='ocrx_word' id='word_1_301' title='bbox 365 1944 613 1989; x_wconf 79' lang='lat' dir='ltr'>disputationem</span> <span class='ocrx_word' id='word_1_302' title='bbox 640 1947 858 1991; x_wconf 81' lang='lat' dir='ltr'>perpendatis,</span> <span class='ocrx_word' id='word_1_303' title='bbox 881 1945 1026 1989; x_wconf 86' lang='lat' dir='ltr'>mihique</span> <span class='ocrx_word' id='word_1_304' title='bbox 1050 1953 1187 1979; x_wconf 83' lang='lat' dir='ltr'>attentos</span> <span class='ocrx_word' id='word_1_305' title='bbox 1211 1949 1334 1982; x_wconf 87' lang='lat' dir='ltr'>animos</span> <span class='ocrx_word' id='word_1_306' title='bbox 1358 1951 1542 1994; x_wconf 77' lang='lat' dir='ltr'>praebeatis.</span> 
     </span>
    </p>
   </div>
   <div class='ocr_carea' id='block_1_3' title="bbox 899 2003 1602 2046">
    <p class='ocr_par' dir='ltr' id='par_1_6' title="bbox 899 2003 1602 2046">
     <span class='ocr_line' id='line_1_33' title="bbox 899 2003 1602 2046; baseline -0.001 -7"><span class='ocrx_word' id='word_1_307' title='bbox 899 2003 925 2033; x_wconf 83' lang='lat' dir='ltr'>B</span> <span class='ocrx_word' id='word_1_308' title='bbox 1530 2005 1602 2046; x_wconf 37' lang='lat' dir='ltr'>Prie</span> 
     </span>
    </p>
   </div>
  </div>
 </body>
</html>
