1913 2417
258 164 282 205 Z
556 161 602 194 G.
645 161 674 191 J,
739 162 838 190 van
883 162 976 187 nnn
1019 153 1178 186 BOON
1223 153 1441 193 MESCH,

300 257 413 298 Neque
431 252 613 296 objiciatur,
637 253 683 284 sic
705 251 801 282 nimis
831 248 988 280 subtiliter
1016 248 1050 278 in
1079 247 1290 278 Oeconomiae
1313 247 1427 278 ruralis
1453 251 1598 278 naturam
1623 247 1730 289 inqui-

257 313 300 350 ri,
334 312 448 342 horum
489 311 608 353 quippe
640 308 759 339 nullam
791 307 946 336 rationem
983 303 1091 335 baberi
1119 304 1243 334 solitam
1275 303 1315 334 ab
1342 302 1505 345 agricOIIS,
1538 315 1596 334 nec
1622 310 1729 337 tamen

256 368 363 398 miuus
394 372 477 397 certa
511 365 603 396 nobis
637 374 761 395 manere
796 361 918 392 Cereris
952 371 987 390 ac
1020 360 1100 391 Palis
1136 352 1270 392 munera
1333 362 1387 391 Est
1426 359 1512 390 enim
1549 370 1662 402 magna
1692 360 1731 391 il.

255 423 284 454 la
324 423 447 464 generis
492 421 625 452 humani
667 420 822 455 felicitas,
861 423 898 447 ut·
930 416 1047 446 multae
1082 423 1191 455 artes,
1225 415 1342 459 quibus
1381 415 1420 446 ad
1460 415 1559 446 vitam
1605 423 1731 448 susten·

257 479 383 510 tandam
414 477 559 508 homines
587 487 691 507 carere
717 486 783 505 non
826 473 949 515 possint
1018 471 1225 514 probabiliter
1264 471 1473 509 statuentur,
1512 473 1634 502 etiamsi
1669 473 1729 515 ipsi

256 533 389 565 artifices
434 533 615 563 interiorem
664 530 789 562 illarum
840 535 987 561 naturam
1033 527 1132 570 vulgo
1182 529 1360 570 ignorent,
1404 528 1558 570 omnique
1605 538 1729 559 caussa-

255 600 352 627 rum,
393 587 479 619 unde
515 586 719 624 efficiantur,
769 586 952 628 cognitione
987 584 1079 627 plane
1123 584 1186 614 siut
1223 583 1378 616 destituti.
1444 583 1539 623 Quod
1578 595 1654 615 vero
1687 584 1729 615 ad

255 645 476 687 agriculturam
515 643 627 673 attinet
673 648 762 673 tanto
801 641 956 672 feliciores
995 651 1135 677 sumus,
1178 640 1267 682 quod
1296 640 1384 671 vhaec
1424 651 1491 672 non
1530 639 1627 670 modo
1661 641 1733 682 pri·

254 712 338 732 mam
383 711 472 730 suam
513 701 671 740 originem
715 709 734 729 a
779 704 910 729 naturae
956 696 1225 739 contemplatione
1269 702 1363 739 atque
1407 696 1584 726 imitatione
1628 695 1729 728 duxe-

219 765 225 770 ·
256 758 325 794 rit,
358 755 411 786 sed
446 762 604 798 praeterea
639 757 727 786 vario
770 761 912 796 tempore
945 752 1103 795 ejusmodi
1141 759 1233 783 nacta
1271 754 1312 783 sit
1349 751 1513 789 cultores⁷
1547 753 1603 794 qni
1641 753 1727 784 haud

252 813 344 843 veriti
387 812 450 843 sint
488 822 526 842 ex
563 810 632 842 aliis
668 810 799 842 ortibus<
835 820 872 841 ac
904 808 1089 852 disciplinis
1137 809 1190 840 illa
1238 808 1431 848 desumere,
1472 807 1591 851 quibus
1633 808 1728 840 suam'

252 875 350 899 artem
393 867 583 905 emendare,
623 877 737 910 augere
781 872 837 897 aut
876 876 989 897 ornare
1035 872 1183 908 possent,
1225 863 1313 896 unde
1345 867 1475 903 evenit,
1514 873 1549 896 ut
1586 867 1723 908 agricul-

254 931 348 962 tura,
378 922 503 963 qualem
546 922 645 966 vulgo
690 922 851 965 hodieque
887 921 1106 964 profitentur,
1143 932 1213 952 non
1249 920 1353 951 solnm
1395 921 1504 952 multis
1543 921 1612 952 aliis
1652 924 1726 954 arti·

253 980 314 1012 bus
357 979 552 1023 praecellat,
595 979 650 1010 sed
694 985 854 1021 praeterea
896 989 965 1009 non
1009 979 1079 1008 sine
1116 977 1245 1009 modico
1283 978 1427 1019 rationis¹
1457 989 1516 1008 usu
1557 977 1726 1012 factitetur.

255 1040 343 1076 Quae
371 1036 436 1067 laus
463 1046 659 1078 quamquam
688 1042 772 1066 recte
802 1033 960 1065 tribuatur
989 1034 1161 1065 hodiernae
1196 1034 1430 1076 agriculturae,
1459 1034 1591 1065 minime
1620 1042 1726 1067 tamen

253 1095 288 1124 in
316 1093 474 1135 praesenti
501 1093 570 1133 ejus
593 1098 678 1122 statu
708 1089 951 1123 subsistendum
981 1101 1048 1121 esse
1084 1090 1240 1128 arbitror,
1271 1097 1326 1121 aut
1349 1090 1612 1129 existimandum,
1637 1090 1724 1124 illum

253 1148 374 1184 nullius
407 1148 594 1179 incrementi
631 1158 697 1178 esse
731 1157 886 1190 capacem.
942 1147 1060 1189 Ecquis
1095 1157 1161 1178 non
1196 1145 1284 1177 videt
1305 1147 1533 1177 Oeconomiam
1566 1147 1724 1187 ruralem,

255 1204 400 1247 qumnvis
432 1205 601 1236 recentiori
634 1211 776 1246 ternpore
807 1201 976 1245 magnifice
1013 1208 1158 1238 auctam,
1192 1202 1288 1244 longe
1321 1208 1428 1233 tamen
1462 1201 1570 1233 abesse
1599 1198 1639 1234 al)
1669 1203 1728 1236 illo

258 1261 401 1302 fastigio.
425 1259 464 1290 ad
489 1259 578 1303 quod
597 1267 715 1291 ceteras
744 1259 928 1303 disciplinas
953 1257 1100 1300 Physicas
1131 1257 1276 1289 videmus
1304 1257 1419 1289 elatas?
1447 1259 1512 1288 Nec
1538 1265 1641 1290 tamen
1663 1256 1732 1292 hoc*

256 1318 336 1349 vitio
363 1315 549 1347 vertendum
567 1317 730 1358 agricolis,
754 1316 811 1347 sed
832 1317 941 1358 potius
971 1314 1179 1346 tribuendum
1202 1313 1382 1346 incredibili
1408 1313 1454 1345 illi
1470 1313 1637 1354 celeritati,
1660 1327 1725 1360 qua

257 1372 431 1405 nonnullae
458 1372 675 1415 Philosophiae
700 1372 858 1404 Naturalis
884 1378 988 1415 partes
1013 1372 1055 1402 ita
1083 1377 1222 1402 mutatae
1245 1377 1336 1409 sunt,
1360 1381 1419 1401 nec
1444 1377 1582 1402 mutatae
1608 1373 1725 1412 modo,

256 1439 367 1459 verum
400 1431 492 1460 etiam
524 1435 631 1460 auctae
666 1436 759 1471 atque
788 1427 981 1465 elaboratae,
1012 1434 1049 1459 ut
1079 1428 1196 1471 prioris
1214 1426 1334 1458 formae
1352 1428 1406 1458 vix
1427 1426 1529 1457 ullum
1553 1428 1724 1472 vestigium

257 1486 416 1527 supersit,
445 1492 538 1528 atque
563 1485 708 1516 homiues
727 1485 777 1515 his
792 1485 906 1516 studiis
919 1496 986 1515 non
1003 1483 1101 1515 dediti
1122 1483 1255 1514 illorum.
1271 1483 1544 1514 incrementorum
1565 1487 1724 1526 magnitu-

258 1541 364 1573 dinem
377 1541 541 1584 concipere
559 1541 610 1572 vix
633 1543 764 1584 possint.
795 1540 871 1573 Non
890 1542 946 1572 (liu
965 1542 1062 1583 igitur
1078 1539 1298 1582 quaerendum
1312 1546 1377 1578 est,
1398 1538 1484 1570 uude
1501 1539 1657 1582 proficisci
1670 1541 1725 1573 de-

258 1596 330 1628 beat
357 1597 490 1638 alicujus
509 1598 662 1628 momenti
689 1597 729 1628 ad
756 1597 982 1640 agriculturam
1008 1598 1155 1627 accessio.
1193 1594 1414 1626 Proficiscetur
1439 1596 1478 1626 ab
1504 1597 1574 1639 ipso
1597 1597 1728 1638 eodem,

258 1652 346 1694 quod
384 1652 480 1683 modo
515 1654 668 1696 proposui
703 1660 834 1685 naturae
869 1652 975 1684 studio
1011 1653 1046 1683 in
1077 1661 1283 1683 communem
1316 1653 1399 1683 vitae
1432 1663 1526 1683 usum
1559 1664 1723 1687 converso.

255 1708 389 1739 vulcam
411 1708 508 1739 modo
534 1710 578 1750 ii,
606 1721 745 1753 quornm
774 1721 823 1742 res
845 1711 972 1751 agitur,
1002 1708 1125 1739 oblatos
1161 1718 1204 1737 ne
1236 1707 1398 1749 negligant
1422 1707 1571 1748 fructus,
1607 1711 1721 1743 inven-

256 1764 358 1805 tisque
386 1763 530 1806 frugibus
562 1777 602 1797 ne
627 1774 757 1810 pergant
781 1766 951 1810 glandibus
977 1764 1068 1795 vesei.
1115 1766 1275 1806 Repnteut
1304 1774 1410 1794 secum
1437 1764 1556 1796 nullam
1578 1765 1721 1810 discipli.

260 1829 333 1850 nam
365 1819 534 1851 increscere
557 1832 665 1863 posse,
689 1827 715 1855 si
736 1823 774 1853 :nl
801 1829 941 1853 veterum
964 1821 1077 1864 placita
1095 1827 1190 1863 atque
1213 1819 1369 1851 obsoletas
1391 1821 1514 1861 regulas
1538 1821 1634 1853 nimia
1655 1835 1722 1866 per.

256 1875 369 1905 tinacia
405 1874 651 1910 adhaeres-evam
698 1880 781 1910 Licet
812 1879 899 1909 enim
935 1877 997 1907 illis
1028 1884 1090 1907 tam
1117 1876 1260 1907 felicibus
1284 1886 1351 1907 esse
1372 1883 1555 1918 contingat,
1596 1887 1630 1910 ut
1657 1891 1717 1912 nee

258 1932 349 1973 panis
378 1941 435 1961 nec
461 1931 611 1974 butyrum
637 1937 769 1967 inertem
796 1935 878 1973 hauc
901 1934 1025 1978 sapiant
1050 1933 1231 1977 ignaviam,
1266 1939 1371 1965 tamen
1392 1933 1505 1978 ‚multo
1528 1933 1656 1968 demum
1675 1937 1718 1968 la·

1662 1992 1721 2024 bo·
