1913 2417
252 129 535 160 RESPONSiO
564 138 614 160 AD
645 129 1021 168 QUAESTiONEM
1050 128 1501 162 HYDROSTATICAM.
1600 136 1640 169 35

121 212 189 248 quia
211 221 280 243 sunt
307 214 336 244 in
361 216 428 244 loco
460 223 514 243 suo
540 214 674 242 naturali.
714 213 849 241 Attamen
873 213 928 242 hoc
957 213 987 242 in
1006 222 1073 243 casu
1093 214 1212 243 eundem
1238 221 1301 242 esse
1326 212 1455 242 effectum
1480 222 1511 243 ac
1532 214 1631 251 illurn,

119 266 235 300 quando
265 265 351 295 situla
375 276 390 294 e
412 273 498 302 puteo
519 266 685 294 sustollitur
706 265 782 302 (ι).
825 263 834 267 ’

157 315 292 352 Denique
314 323 346 345 ut
371 317 475 352 probet
499 324 591 344 veram
618 323 752 349 causam,
782 315 860 350 quod
884 316 997 351 pondus
1023 316 1125 345 situlae
1157 324 1248 352 aquae
1279 316 1426 345 immersae
1449 324 1509 345 non
1529 317 1634 346 sentia-

118 372 185 402 tur,
214 376 277 395 esse
303 368 479 403 pressionem
511 368 574 396 sive
608 366 779 394 reactionem
810 374 899 402 aquae
925 368 953 395 in
979 374 1072 402 partes
1105 367 1255 396 inferiores
1287 368 1408 403 situlae,
1433 368 1634 397 animadvertit

117 419 233 454 pondus
259 419 363 454 requiri
390 428 423 447 eo
454 419 547 456 majus
575 419 614 447 ad
645 418 1004 454 sustinendam‘situlam,
1043 427 1103 454 quo
1134 419 1220 447 altius
1254 419 1321 447 haec
1351 426 1428 448 extra
1456 419 1635 455 superficiem

115 478 206 505 aquae
226 459 410 506 extrahatur,
437 471 506 499 adeo
528 476 562 498 ut
585 476 680 498 toturn
711 470 826 505 pondus
859 469 962 498 situlae
988 476 1016 498 et
1039 478 1128 506 aquae
1151 471 1230 499 intus
1254 476 1405 500 contentae
1430 471 1469 500 sit
1489 471 1636 500 sustinen-

116 521 203 556 dum,
226 521 277 549 ubi
301 521 388 550 situla
411 530 531 558 prorsus
555 528 658 556 aquam
682 521 839 556 reliquerit.

157 572 224 609 obj.
247 574 275 603 6.
319 573 409 612 Quod
434 573 485 609 pili
514 572 630 608 equini,
661 571 712 607 qui
736 571 861 609 ejusdem
886 580 948 601 esse
971 578 1125 601 censentur
1145 572 1296 608 gravitatis
1322 581 1388 601 cum
1415 581 1507 608 aqua,
1537 580 1635 608 quem-

111 631 241 659 cumque
270 625 345 661 ipsis
373 626 471 654 datum
503 624 534 653 in
564 632 596 653 ea
622 624 718 652 locum
745 630 879 660 servant,
908 632 960 653 nec
981 633 996 654 a
1018 623 1301 660 superincumbentis
1333 632 1422 660 aquae
1445 624 1569 660 pondere
1588 625 1637 653 de-

113 675 292 711 primuntur.

155 726 245 765 Resp.
285 727 380 756 Facile
403 727 504 756 iterum
532 735 568 755 ex
593 725 744 762 principiis
770 725 832 754 suis
865 725 970 761 positis
1002 726 1156 762 respondet
1178 726 1316 762 Boyleus.
1356 725 1502 755 Nimirum
1526 727 1635 755 nullam

113 784 177 806 esse
200 786 335 813 causam,
357 787 408 807 cur
429 779 508 814 pilus
537 777 681 813 equinus,
711 784 778 805 cum
809 777 934 813 ejusdem
969 777 1007 805 sit
1040 777 1189 806 densitatis
1214 785 1246 805 ac
1273 786 1365 813 aqua,
1400 784 1508 814 premat
1541 779 1634 815 magis

114 828 160 856 vel
185 828 280 857 minus
303 837 397 865 partes
420 830 629 858 circumdantes
652 836 761 864 aquae,
785 835 869 862 quarn
895 827 943 856 illa
966 836 1040 863 aqua
1066 827 1186 863 faceret,
1218 837 1291 864 quae
1312 829 1392 857 illius
1414 829 1515 857 remoti
1536 830 1633 857 locum

113 887 279 915 occuparet.
332 880 424 916 Atqui
450 888 580 916 quaeque
610 879 751 915 particula
782 887 871 914 aquae
902 879 949 914 vi,
981 887 1037 914 qua
1069 879 1207 914 premitur
1237 881 1392 916 deorsum,
1423 889 1438 909 a
1466 880 1632 917 subjacente

111 938 186 966 aqua
207 939 319 959 sursum
344 932 503 968 premitur,
524 931 592 960 hinc
616 930 646 958 in
674 930 769 966 quiete
793 935 896 959 manet.
937 930 984 958 Sic
1009 929 1097 966 igitur
1120 931 1216 960 locum
1235 931 1364 960 obtinere
1386 931 1469 961 debet
1488 940 1552 960 cum
1569 931 1632 967 pilo

111 981 241 1017 equino,
262 988 289 1010 et
313 983 427 1018 quidem
449 982 618 1017 ubicunque
643 980 731 1009 fuerit
753 981 881 1016 positus.

148 1032 228 1061 Haec
256 1033 465 1069 argumentatio
496 1034 579 1061 etiam
610 1032 716 1060 sufficit
740 1031 775 1059 ad
807 1030 987 1060 refellendam
1022 1031 1213 1068 objectionem
1246 1034 1415 1071 septimam,
1446 1034 1527 1069 quod
1550 1033 1633 1062 sciii-
1659 1063 1664 1066 ,

108 1090 156 1113 cet
178 1092 277 1113 omnes
306 1092 396 1120 aquae
419 1090 515 1120 partes
538 1083 689 1113 inferiores
711 1082 740 1111 in
764 1089 905 1118 perpetuo
929 1082 1024 1111 forent
1047 1090 1149 1123 mot-u,
1171 1089 1199 1112 et
1224 1092 1364 1121 perpetuo
1384 1085 1594 1121 expellerentur
1617 1091 1634 1114 a

110 1136 334 1172 superioribus3
366 1136 433 1164 licet
458 1135 581 1172 Boylius
612 1136 698 1171 longe
722 1133 818 1169 absit,
845 1139 878 1161 ut
910 1133 1066 1163 absurdum
1100 1135 1263 1172 existimet,
1293 1136 1427 1166 inferiora
1453 1135 1635 1173 corpuscula*

109 1194 198 1222 aquae
222 1188 251 1216 in
274 1193 414 1223 perpetuo
439 1192 520 1216 motu
546 1195 619 1216 esse.

145 1237 274 1266 Tandem
297 1239 456 1267 addendum
480 1244 542 1272 est,
574 1237 685 1273 Boyleo
709 1244 858 1266 erroneum
881 1235 973 1265 videri
998 1237 1130 1267 ultimum
1164 1245 1362 1276 argumentum
1386 1238 1538 1268 adversarii
1563 1237 1631 1275 sui,

105 1288 218 1318 scilicet
241 1289 382 1317 rationem
407 1297 423 1316 a
447 1287 536 1323 priori
569 1288 656 1325 husus
682 1288 839 1317 sententiae
860 1287 953 1318 videri
977 1296 1059 1325 esse,
1089 1290 1155 1326 quia
1178 1299 1223 1319 res
1258 1299 1318 1319 non
1340 1290 1448 1319 dicitur
1469 1291 1632 1327 gravitate,

104 1339 164 1369 nisi
186 1346 330 1375 quatenus
351 1338 437 1368 habet
459 1338 534 1368 infra
560 1347 591 1368 se
628 1347 736 1376 corpus
767 1339 860 1368 levius
894 1347 925 1368 se
956 1339 986 1369 in
1017 1341 1125 1377 specie.
1174 1342 1337 1371 Erroneum
1372 1342 1443 1371 dicit
1466 1342 1522 1370 hoc
1546 1349 1630 1378 argu·

105 1397 253 1427 mentum,
274 1391 333 1419 imo
357 1398 623 1427 supervacaneum,
653 1391 733 1427 quod
757 1390 923 1426 refellatur,
953 1391 1088 1428 inprimis
1115 1392 1166 1421 ubi
1187 1401 1218 1422 ea
1242 1394 1272 1422 in
1296 1394 1423 1422 animum
1457 1398 1628 1421 revocentur

103 1443 315 1478 experimenta,
339 1450 412 1477 quae
429 1442 608 1477 ostendunt,
629 1450 723 1477 neque
739 1442 860 1477 lapidem
872 1463 882 1477 ,
904 1450 998 1477 neque
1017 1452 1119 1472 aurum
1138 1444 1233 1480 ipsum
1246 1464 1256 1479 ‚
1279 1445 1394 1480 quando
1410 1443 1554 1479 profunde
1571 1442 1626 1470 sub

105 1502 181 1530 aqua
204 1501 272 1522 sunt
296 1493 414 1529 posita,
443 1493 472 1522 in
492 1494 554 1529 ipsa
572 1493 761 1528 descendere,
784 1492 842 1521 nisi
866 1502 942 1529 aqua
961 1494 1094 1530 superior
1112 1515 1122 1530 ,
1154 1503 1226 1531 quae
1252 1495 1282 1523 in
1308 1503 1338 1523 ea
1361 1493 1501 1530 gravitat‚
1522 1494 1556 1522 ad
1581 1493 1630 1523 illa

105 1544 287 1580 deprimenda
308 1544 475 1572 contribuat
499 1545 541 1581 (2
552 1545 579 1580 ).

142 1595 202 1623 Diu
226 1596 362 1630 occupati
383 1595 494 1623 suimus
526 1595 556 1623 in
577 1595 774 1631 proponendis
806 1594 905 1631 Boylei
929 1595 1128 1631 argumentis,
1158 1595 1265 1631 quibus
1292 1603 1371 1624 suam
1399 1595 1568 1625 sententiam
1594 1597 1628 1625 de

104 1645 253 1684 pressione
275 1644 428 1673 fluidorum
455 1646 484 1673 in
504 1646 576 1673 locis
603 1645 729 1681 propriis
753 1646 832 1674 omni
859 1645 1039 1675 dubitatione
1064 1647 1180 1675 liberam
1212 1641 1324 1675 reddere
1353 1654 1484 1677 conatur.
1528 1647 1627 1676 Unum

105 1703 198 1727 tamen
222 1697 313 1725 adhuc
330 1696 425 1731 ipsius
449 1696 730 1725 commemorandum
752 1703 796 1726 est
820 1697 1064 1733 experimentum,
1087 1697 1254 1726 facillimum
1280 1698 1436 1734 institutu,
1458 1707 1510 1728 nec
1532 1705 1624 1728 tamen

105 1748 168 1778 ideo
190 1749 268 1785 parvi
295 1748 441 1777 momenti.
482 1748 597 1778 Docent
614 1748 669 1777 hoc
699 1749 790 1784 bella,
821 1748 904 1777 unice
919 1757 952 1778 ex
974 1748 1024 1777 illo
1048 1749 1241 1785 experimento
1262 1755 1346 1785 orta,
1369 1757 1396 1778 et
1415 1750 1463 1778 diu
1488 1748 1570 1785 dein,
1594 1756 1622 1778 et

104 1799 189 1829 nimis
206 1799 386 1828 vehementer
410 1806 499 1836 gesta.
543 1800 657 1830 Summi
674 1800 772 1838 itaque
796 1807 840 1830 est
855 1800 994 1830 momenti
1019 1800 1075 1829 hoc
1096 1801 1339 1838 experimentum,
1361 1808 1412 1837 per
1425 1801 1620 1830 excellentiam

1561 1853 1626 1883 dein

125 1926 177 1957 (ι)
191 1927 259 1949 eous.
274 1927 340 1949 etlam
359 1928 443 1957 cotes,
464 1929 553 1958 Leqons
573 1931 602 1954 de
623 1930 688 1958 Phys.
711 1930 830 1958 Experim.
850 1935 888 1952 sur
905 1916 1047 1957 1'1-:quuibre'
1061 1931 1102 1954 des
1123 1922 1253 1960 Liqueuis,
1274 1936 1331 1955 sect.
1346 1932 1388 1954 lv.
1414 1937 1438 1958 p.
1453 1935 1492 1959 77·

133 1967 181 1996 (a)
201 1970 269 1993 cons.
290 1969 367 1993 Parad.
384 1969 420 1991 xl.
526 1980 537 1993 ,

879 2012 943 2043 ΕΖ
