1913 2417
423 218 1252 278 RESPONSIO

796 384 872 408 AD

75 518 730 572 QUAESTIONEM
807 516 1586 558 HYDROSTATICAM.

475 871 1180 902 PRAEMONENDA.

76 971 320 1050 Quaestionem
348 1000 574 1038 hydrostaticam
599 1009 615 1030 a
639 1000 835 1030 Nobitissima
862 1001 1009 1031 Facultate
1032 1001 1260 1038 Disciplinarum
1281 1000 1469 1037 Physicarum
1487 1007 1515 1030 et
1529 998 1594 1031 Ma·

66 1054 292 1082 'tliematicarum
322 1052 522 1089 propositam,
554 1052 685 1081 solvendi
716 1053 877 1088 periculum
905 1052 1044 1088 facturis,
1077 1060 1137 1081 non
1166 1051 1269 1081 inutile
1296 1051 1382 1080 nobis
1411 1053 1505 1081 visum
1529 1059 1592 1088 est,

76 1105 216 1142 quaedam
241 1104 274 1132 de
300 1102 362 1139 ipsa
385 1103 573 1138 quaestione,
595 1108 622 1131 et
646 1104 682 1131 de
697 1103 816 1140 ordine,
838 1111 921 1140 quem
948 1104 977 1133 in
993 1112 1023 1133 ea
1043 1103 1191 1133 tractanda
1205 1102 1300 1132 secuti
1316 1110 1439 1140 sumus,
1458 1103 1593 1140 praefati.

113 1155 255 1194 Quaestio
279 1154 324 1183 his
346 1153 515 1182 continetur
537 1153 649 1183 verb1s:

118 1227 137 1243 „
157 1206 279 1236 Ponitur
299 1213 350 1234 vas
369 1213 490 1240 cavum,
511 1214 544 1235 ex
562 1206 677 1234 materia
696 1206 821 1235 densiori
839 1214 924 1243 quam
942 1214 1016 1242 aqua
1030 1204 1195 1235 confectum
1207 1226 1217 1242 ,
1239 1213 1254 1234 a
1272 1206 1360 1235 latere
1377 1204 1518 1234 foramine
1542 1205 1588 1234 in-

76 1277 98 1294 „
119 1264 281 1293 structum,
304 1265 378 1292 aqua
394 1257 510 1293 penitus
531 1256 702 1294 impletum,
723 1258 872 1294 eidemque
888 1266 1010 1294 prorsus
1031 1258 1214 1293 immersum3
1237 1256 1325 1293 hujus
1340 1256 1429 1293 igitur
1446 1257 1523 1285 vasis
1540 1264 1591 1293 pa·

77 1327 98 1346 ,‚
118 1309 202 1337 rietes
230 1308 357 1343 interni,
379 1308 544 1343 quaeritur,
567 1315 664 1337 utrum
681 1309 774 1338 aliam
792 1309 969 1345 pressionem
986 1309 1152 1345 patiantur,
1174 1308 1200 1336 si
1225 1306 1354 1336 foramen
1376 1307 1415 1336 sit
1433 1307 1591 1336 clausum?

78 1379 98 1396 „
118 1360 230 1395 aliam,
251 1360 276 1388 si
294 1360 332 1388 sit
351 1360 511 1397 apertum?
548 1359 736 1395 Postulatur,
760 1366 793 1388 ut
809 1361 961 1396 responsio
978 1360 1017 1388 sit
1032 1359 1145 1396 legibus
1162 1359 1368 1396 hydrostaticis
1383 1358 1500 1394 innixa,
1523 1366 1594 1395 quae

76 1431 97 1447 „
115 1411 203 1439 simul
217 1410 348 1439 exhibeat
371 1410 516 1445 rationes,
539 1410 641 1440 modos
660 1417 688 1439 et
712 1410 897 1446 discrimina,
919 1410 1026 1447 quibus
1050 1411 1086 1439 lis
1116 1411 1191 1440 inter
1217 1412 1322 1440 doctos
1345 1410 1460 1448 saepius
1488 1409 1594 1447 agitata

77 1483 98 1499 „
117 1462 233 1499 penitus
255 1459 350 1489 dirimi
373 1461 484 1495 possit,
510 1471 550 1488 cm
568 1461 665 1497 fluida
686 1464 841 1499 gravitent
864 1463 897 1490 in
916 1463 1048 1501 propriis
1074 1462 1170 1492 locis?
1184 1461 1203 1475 ’²

117 1514 203 1542 Plane
226 1518 254 1540 et
277 1516 375 1540 exacte
398 1511 468 1539 satis
494 1511 628 1546 quaestio
656 1512 742 1540 nobis
772 1512 924 1549 proposita
947 1513 1078 1548 videtur,
1101 1515 1139 1542 ita
1165 1519 1198 1542 ut
1220 1513 1339 1548 statim,
1361 1511 1434 1547 quid
1457 1511 1520 1548 ipsa
1539 1510 1598 1540 sibi

77 1564 168 1598 velit,
190 1562 375 1598 intelligatur.
416 1560 495 1589 Patet
518 1562 592 1589 enim
619 1563 774 1598 praecipue
798 1563 845 1591 hic
869 1563 967 1599 quaeri
996 1564 1030 1591 de
1062 1564 1173 1599 aequali
1195 1564 1241 1593 vel
1276 1564 1420 1600 inaequali
1449 1563 1598 1600 pressione

77 1614 108 1644 in
130 1613 251 1651 parIetes
273 1613 402 1641 internos
421 1612 521 1647 vasis,
550 1620 624 1648 aqua
647 1612 778 1649 impleti,
799 1621 826 1642 et
849 1622 924 1649 aqua
948 1613 1139 1650 circumdati,
1167 1621 1257 1652 prout
1279 1614 1409 1644 foramen
1433 1615 1484 1644 uni
1507 1623 1522 1642 e
1547 1622 1596 1644 va-

77 1665 120 1694 sis
143 1663 278 1692 lateribus
304 1662 467 1698 inflictum,
490 1664 529 1692 sit
553 1664 682 1692 clausum
706 1664 752 1693 vel
775 1671 918 1701 apertum.
1155 1688 1159 1689 γ

97 1715 212 1752 rlgitur
236 1722 267 1743 ut
293 1715 425 1750 quaestio
445 1714 499 1743 rite
520 1714 672 1750 solvatur,
701 1715 854 1751 responsio
885 1715 999 1753 legibus
1023 1716 1232 1753 hydrostaticis
1258 1716 1343 1746 inniti
1367 1717 1461 1748 debet.
1501 1716 1594 1746 SImul

82 1773 150 1795 vero
171 1765 345 1802 requiritur,
377 1772 408 1794 ut
432 1765 468 1793 lis
492 1765 526 1793 de
549 1766 740 1802 gravitatione
774 1765 928 1797 fluidorum
952 1767 983 1795 in
1012 1768 1139 1804 propriis
1169 1768 1243 1797 locis
1274 1769 1435 1797 dirimatur.
1476 1769 1514 1796 Et
1533 1776 1600 1797 sane

78 1825 145 1846 cum
177 1824 276 1849 onmes
302 1817 377 1852 leges
404 1815 625 1852 Hydrostatiees
659 1818 689 1846 in
718 1826 775 1847 una
801 1818 884 1854 quasi
915 1819 977 1856 lege
997 1819 1184 1856 generatiofi,
1214 1820 1244 1848 in
1275 1821 1339 1856 ipsa
1370 1820 1452 1849 fluidi
1475 1827 1596 1857 natura,

79 1867 140 1897 nint
162 1868 315 1903 fundatae,
344 1874 430 1904 atque
458 1868 492 1896 lis
517 1868 564 1897 illa
591 1868 685 1898 dirimi
711 1876 853 1906 nequeat,
884 1870 941 1898 nisi
963 1870 996 1898 ad
1020 1870 1127 1906 primas
1151 1871 1231 1900 fluidi
1266 1871 1454 1907 proprietates
1479 1871 1597 1900 adscen-

78 1919 193 1954 damus,
216 1918 398 1948 manifestum
419 1926 482 1955 est,
504 1920 700 1955 quaestionem
725 1921 759 1949 de
780 1921 930 1957 pressione
947 1922 1057 1950 interna
1074 1922 1155 1950 fluid»
1172 1922 1201 1951 in
1221 1923 1343 1958 parietes
1367 1930 1501 1951 vasorum
1518 1931 1597 1959 egre-

79 1969 152 2006 giam
178 1969 308 2006 praebere
331 1978 448 2006 ansam,
477 1971 614 2007 quaedam
638 1971 672 1999 de
698 1980 727 2000 ea
750 1972 801 2000 lite
825 1972 1000 2007 disserendi,
1028 1981 1166 2008 eamque,
1198 1974 1356 2003 dummodo
1388 1975 1450 2011 ejus
1477 1981 1592 2002 examen

76 2019 203 2057 legitime
225 2019 313 2050 fuerit
336 2021 521 2058 institutum,
551 2022 712 2053 dirimendi.
754 2023 820 2053 Hoc
839 2030 933 2052 autem
954 2023 1044 2060 magis
1074 2025 1158 2054 etiam
1182 2026 1315 2061 patebit,
1338 2025 1387 2053 ubi
1412 2032 1442 2053 in
1465 2024 1590 2052 animum

878 2074 905 2102 A
926 2082 943 2103 2
1559 2082 1601 2102 re-
