1913 2417
680 167 1050 205 ORATIO
1568 175 1609 203 21

131 272 222 314 lum,
251 281 364 306 mutua
388 274 510 305 ratione
533 278 565 304 et
587 261 831 304 necessitudine.
879 271 937 303 Ille
960 268 1092 313 quidem
1115 266 1156 301 ab
1181 267 1274 300 initio
1294 267 1506 300 institutionis
1533 268 1601 312 jus·

133 338 197 362 tam
234 332 451 362 auctoritatem
485 329 650 373 postulat,
678 329 747 360 siue
773 339 837 372 qua
865 328 926 359 sibi
952 321 1039 358 ‘viam
1069 337 1137 357 non
1163 331 1266 369 potest
1294 325 1421 357 munire
1448 324 1489 357 ad
1512 336 1604 357 men·

131 394 195 418 tem
232 387 404 430 discipuli,
445 387 500 418 sed
534 385 648 418 deinde
681 395 811 417 omnem
845 395 975 428 operam
1010 383 1086 422 dat,
1124 389 1161 414 ut
1192 392 1268 413 eum
1295 392 1393 413 sensu
1426 387 1458 413 et
1495 392 1603 414 amore

133 443 254 474 imbuat
287 444 376 484 ejus,
419 443 508 486 quod
538 453 650 474 verum
670 466 680 482 ‚
713 442 911 480 honestum,
943 440 1115 484 pulchrum
1143 445 1210 477 est,
1234 445 1266 469 et
1292 437 1325 470 id
1351 449 1420 470 nou
1443 438 1601 479 doctoris,

133 493 218 531 non*
237 499 385 538 scholae,
427 511 494 530 non
528 499 651 531 externi
688 498 851 530 commodi
883 498 982 541 gratia
1011 496 1198 529 discendum
1223 495 1502 539 expetendumque
1533 506 1605 527 mo-

131 562 232 595 neat,
265 555 320 586 sed
354 562 484 598 propter
515 556 548 587 id
580 557 705 599 ipsum,
744 555 833 599 quod
864 566 996 592 verum,
1025 554 1215 591 honestum,
1246 552 1419 596 pulchrum
1448 552 1500 584 sit.
1553 551 1603 583 Ab

133 612 229 643 altera
257 620 344 655 parte
376 611 468 654 probi
500 612 648 656 discipuli
679 619 748 651 est,
787 612 826 644 ad
853 611 1049 644 audiendum
1079 611 1242 642 doctorem
1266 608 1378 641 afferre
1403 609 1603 652 ignorantiae

132 677 206 700 suae
230 668 461 699 confessionem
494 669 544 700 vel
572 670 699 701 tacitam
731 669 780 700 vel
803 680 983 712 expressam
1004 692 1012 705 ‚
1043 675 1072 699 et
1100 668 1127 699 si
1148 677 1212 712 qua
1233 668 1298 698 sint
1324 668 1360 698 in
1383 666 1606 705 institutione,

134 735 216 767 quae
247 725 308 767 ipsi
340 724 528 768 displiceant
561 733 592 757 et
617 727 700 757 inter
727 736 794 756 sese
815 736 958 768 pugnare
981 725 1173 760 videantur,
1207 732 1276 753 non
1301 725 1392 766 prius
1417 721 1605 765 repudiare,

134 790 232 823 quam
268 786 367 811 totam
397 792 464 812 rem
491 783 712 825 perspexerit,
747 789 778 813 et
804 781 843 812 ad
867 782 942 812 artis
967 780 1127 823 fastigium
1153 779 1347 822 pervenerit.
1407 778 1504 819 Quod
1531 788 1608 809 cum

133 834 252 866 factum
283 834 379 867 fuerit
397 860 407 875 ‚
445 838 539 868 etiam
570 838 733 870 doctorem
768 849 864 869 suum
886 844 1025 880 spectare
1052 843 1083 867 et
1113 835 1288 878 dijudicare
1313 836 1455 879 poterit,
1484 834 1539 865 sed
1565 835 1608 865 ita

134 891 198 923 hoc
221 891 332 931 faciet,
358 899 394 923 ut
417 894 542 936 pietatis
566 902 596 925 et
624 895 704 938 grati
730 895 828 924 animi
852 893 994 924 officium
1023 904 1090 923 non
1117 903 1235 935 susque
1262 891 1366 934 deque
1394 892 1527 932 habeat,
1552 897 1608 922 aut

135 947 214 980 adeo
246 948 328 980 fastu
364 948 465 981 elatus
498 950 589 981 illum
627 962 702 994 prae
731 962 765 982 se
792 957 998 989 contemnat,
1031 949 1087 980 sed
1115 948 1289 980 reverendo
1313 959 1387 980 eum
1416 955 1447 980 et
1469 947 1605 979 colendo

135 1005 284 1037 excedere
315 1005 447 1037 modurn
465 1030 473 1044 ,
508 1018 605 1050 quain
630 1006 766 1038 deficere
790 1008 888 1039 malit.
951 1007 1071 1038 Pariter
1093 1005 1197 1036 divini
1227 1005 1321 1048 legati
1350 1005 1472 1036 tamdiu
1496 1011 1607 1035 aueto-

136 1062 261 1093 ritatem
292 1072 381 1092 suam
411 1062 529 1103 pollere
560 1064 700 1100 volunt,
733 1064 887 1106 quamdiu
920 1074 957 1094 ea
989 1072 1072 1105 opus
1101 1068 1166 1099 est;
1199 1062 1322 1092 nemini
1353 1062 1418 1091 vim
1442 1059 1605 1098 inferunt,

137 1119 259 1149 nemini
292 1129 455 1149 assensum
489 1126 706 1162 extorquent,
748 1126 802 1150 aut
836 1120 869 1150 in
898 1120 1036 1161 ‘regnum
1069 1118 1217 1150 divinum
1252 1118 1369 1148 intrare
1399 1118 1431 1147 vi
1465 1116 1607 1160 compel-

136 1173 231 1213 lunt,
267 1176 364 1218 (quis
396 1175 482 1206 enim
518 1175 579 1206 hoc
607 1185 739 1219 posset,
771 1176 894 1207 etiamsi
921 1175 1070 1216 velletP)
1102 1173 1157 1205 sed
1187 1174 1295 1204 omnia
1328 1180 1486 1216 spectate,
1518 1173 1607 1216 quod

138 1229 262 1261 bonum
293 1238 366 1269 est,
406 1233 542 1262 retinere
566 1232 703 1274 jubent3
742 1239 773 1263 et
801 1242 898 1275 quam
921 1231 960 1262 ab
984 1231 1074 1262 omni
1100 1232 1278 1272 arrogantIa
1300 1229 1394 1260 alieni
1410 1228 1550 1267 fuerint,
1575 1229 1609 1261 id

136 1296 209 1316 cum
235 1296 273 1317 ex
299 1286 386 1324 aliis,
419 1293 488 1317 tum
512 1297 551 1318 ex
582 1287 637 1319 illo
665 1288 781 1319 hhristi
812 1287 908 1319 effato
934 1287 1187 1318 luculentissime
1213 1293 1316 1329 patet:
1348 1293 1519 1330 postquam
1543 1284 1608 1326 spi-

135 1342 236 1380 ritus,
260 1342 328 1373 veri
351 1349 481 1382 auctor,
506 1345 644 1382 venerit,
667 1344 707 1376 ad
729 1345 797 1375 veri
818 1344 1036 1387 cognitionem
1055 1343 1227 1387 perfectam
1250 1354 1308 1374 vos
1326 1343 1486 1386 perducet.
1532 1341 1602 1371 Viri

138 1397 241 1429 divini
270 1397 400 1438 divina,
429 1399 452 1432 i.
477 1410 506 1432 e.
537 1399 665 1432 infinite
696 1400 833 1444 perfecta
859 1400 968 1445 eloqui
994 1407 1178 1443 nequeunt,
1212 1401 1274 1427 nisi
1302 1396 1452 1427 humanis
1479 1396 1603 1435 verbis,

133 1455 157 1487 ἱ.
184 1466 213 1486 e.
235 1454 448 1498 imperfectis,
469 1462 501 1487 et
524 1456 657 1489 luminis
682 1458 827 1489 coelestis
855 1458 986 1489 nonnisi
1012 1457 1117 1485 radios
1141 1460 1172 1484 et
1193 1453 1315 1484 colores
1337 1452 1376 1483 ad
1405 1453 1521 1483 mentis
1545 1452 1608 1482 bu·

138 1519 249 1541 manae
280 1511 390 1543 oculos
421 1512 558 1555 perferre
586 1520 749 1556 possunt,
779 1513 899 1556 quibus
926 1511 1103 1542 necessario
1128 1509 1271 1540 inhaeret
1304 1508 1436 1539 umbra:
1475 1509 1509 1538 in
1537 1509 1607 1550 ipso

136 1565 260 1597 lumine
283 1566 365 1597 vadii
394 1567 580 1611 coloresque
609 1573 728 1600 coeunt
756 1570 929 1612 omnisque
959 1567 1074 1599 umbra
1098 1565 1267 1597 evanescit.
1313 1566 1356 1597 Ut
1379 1565 1435 1595 lux
1459 1574 1535 1594 vero
1556 1566 1605 1595 in-

140 1620 199 1653 dex
224 1629 271 1652 est
293 1628 324 1653 et
350 1623 400 1653 sui
429 1630 460 1654 et
484 1624 636 1663 umbrae,
666 1626 709 1655 ita
739 1634 853 1656 verum
882 1625 978 1655 iudex
1005 1624 1057 1654 sui
1083 1629 1113 1654 et
1141 1621 1222 1653 falsi.

189 1679 278 1717 Quae
309 1688 384 1710 cum
410 1680 452 1710 ita
485 1680 571 1720 sint,
604 1680 678 1722 quis
711 1678 909 1718 diffiteatur,
942 1679 1000 1709 toti
1028 1679 1136 1721 generi
1170 1682 1280 1708 nostro
1317 1676 1350 1709 id
1387 1677 1508 1709 intente
1540 1687 1607 1709 esse

139 1733 315 1776 agendum,
339 1741 375 1765 ut
402 1746 417 1765 a
441 1736 550 1778 probis
576 1736 762 1768 doctoribus
786 1747 822 1768 ea
857 1735 957 1766 discat
985 1739 1017 1763 et
1050 1740 1236 1775 cognoscat,
1272 1735 1400 1776 cognita
1426 1739 1553 1775 augeat,
1574 1739 1607 1765 et

141 1791 172 1820 in
198 1800 293 1821 usum
315 1793 502 1822 convertat?
531 1795 605 1835 quis
630 1804 696 1822 non
725 1792 809 1821 ultro
840 1789 1008 1828 concedat,
1040 1788 1093 1826 id,
1127 1789 1216 1831 quod
1247 1790 1392 1820 Christus
1419 1789 1525 1821 solum
1557 1800 1608 1821 ne·

141 1846 310 1877 cessarium
337 1845 438 1885 dixit,
461 1846 501 1877 ad
533 1857 676 1877 summos
701 1857 767 1877 non
794 1847 894 1888 magis
919 1852 1014 1889 atque
1042 1844 1172 1876 infimos
1203 1846 1381 1887 pertinere,
1411 1845 1607 1889 pauperibus

141 1900 272 1944 perinde
297 1911 332 1932 ac
361 1900 574 1945 locupletibus
602 1903 770 1946 prodesse,
804 1902 983 1944 neglectum
1010 1901 1266 1932 adolescentibus
1289 1912 1390 1945 aeque
1418 1913 1454 1933 ac
1474 1903 1605 1934 senibus

141 1966 273 1996 nocere,
294 1956 424 1992 rudium
448 1961 563 2003 pariter
586 1965 616 1992 et
642 1959 810 1992 doctorum
838 1959 1008 1990 bominum
1044 1958 1219 1989 interesse?
1246 1959 1409 1992 contemni
1430 1970 1448 1991 a
1477 1961 1607 1992 nemine

926 2016 951 2045 C
975 2025 992 2056 3
1539 2024 1612 2056 pos·
