1913 2417
233 165 627 199 COMMENTATIO
658 174 708 196 An
738 162 1114 216 QunEsTloNEM
1135 164 1424 204 JURIDICAM.
1550 173 1584 204 st

70 254 135 280 tum
163 257 226 287 est,
252 256 283 279 et
314 251 395 279 solus
418 249 503 279 frater
527 255 673 286 superstes
708 254 836 285 tempore
858 248 964 279 delatae
993 248 1187 278 successionis
1211 254 1289 277 certo
1316 249 1380 286 iure
1401 247 1522 285 gaudet3
1551 255 1581 277 et

68 305 206 339 quamvis
223 311 256 331 ex
281 308 384 331 eventu
400 302 464 330 dein
488 308 620 337 apparere
642 300 755 336 possit,
777 308 923 336 perperam
948 301 1034 337 hujus
1051 299 1245 329 successionis
1261 299 1424 336 portionem
1445 300 1579 328 coheredi

69 355 162 384 datam
179 353 292 389 fuisse,
305 353 415 382 interim
433 360 526 381 tamen
541 352 609 380 haec
628 350 685 387 ipsi
703 350 788 379 adimi
803 352 923 387 nequit,
934 358 962 380 et
977 353 1028 381 hac
1047 352 1077 380 in
1094 359 1122 379 re
1140 351 1315 380 assimilatur
1331 350 1389 380 illis
1404 351 1555 379 heredibus
1566 371 1577 386 ,

65 405 121 441 qui
138 411 284 441 tempore,
306 413 366 440 quo
381 404 520 434 Absentia
544 411 559 432 a
574 403 673 440 judice
690 403 918 438 pronunciatur,
939 403 1151 439 possessionem
1169 401 1343 430 fiduciariam
1365 401 1507 430 bonorum
1527 402 1580 431 ob-

61 456 181 491 tinent,
201 464 217 484 a
237 455 345 491 quibus
368 455 398 484 in
408 456 564 491 ‘posterum
585 453 728 483 vindicare
744 459 869 490 possunt
885 453 1085 489 hereditatem,
1108 461 1182 490 quos
1204 459 1353 490 tempore,
1381 461 1439 489 quo
1463 453 1576 482 demum

64 514 130 535 vera
152 506 292 535 Absentis
316 506 463 535 successio
490 507 585 536 locum
605 505 741 540 habebit,
764 504 908 542 legitimos
932 505 1054 535 Absenti
1072 513 1256 534 successores
1272 504 1419 533 exstitisse
1439 510 1576 541 apparet,

60 563 128 587 ort.
144 565 231 595 130.;
251 558 319 586 licet
335 557 445 587 ratione
470 557 617 587 fructuum
640 562 841 594 perceptorum
867 556 944 585 aliud
966 556 1115 585 dicendum
1134 557 1193 592 sit,
1217 562 1281 585 art.
1300 564 1366 592 127.
1381 555 1414 589 j.
1435 561 1496 585 art.
1515 556 1579 591 138.

66 608 120 637 hac
145 610 220 638 enim
247 609 277 638 in
303 617 332 638 re
358 609 473 638 meliore
497 609 601 647 gaudet
625 609 688 646 jure
708 608 751 644 is,
773 608 820 637 cui
845 599 1128 637 interim‘successio
1149 609 1212 637 data
1235 613 1299 643 est,
1320 614 1406 643 quam
1430 606 1482 642 qui
1504 606 1582 635 obti-

61 659 130 689 nuit
154 660 318 690 missionem
342 660 371 689 in
396 661 612 698 possessionem
636 660 801 695 bonorum,
830 666 857 687 et
888 659 936 688 hic
970 667 1087 695 quoque
1118 659 1280 688 cautionem
1313 663 1457 694 praestare
1478 657 1582 693 debet,

59 719 139 748 quae
163 721 178 741 a
199 712 338 742 coherede
361 721 421 742 non
443 712 575 749 exigitur.
616 711 677 740 Imo
698 719 732 740 ex
757 717 819 740 art.
850 719 915 747 130.
942 711 996 739 cit.
1023 711 1212 746 perspicuum
1236 715 1301 745 est,
1329 709 1364 738 ab
1388 717 1422 737 eo
1444 716 1584 744 quoque,

58 763 117 799 ‘qui
138 763 198 792 sibi
218 764 266 800 jus
294 772 418 792 asserere
439 763 558 800 cupiat,
582 763 661 799 quod
684 768 801 791 mortuo
816 762 945 790 Absente
969 761 1035 797 ipso
1053 762 1115 798 jure
1137 761 1161 790 ei
1183 759 1346 796 competit,
1371 765 1491 788 mortem
1515 767 1583 795 pro·

56 814 181 843 lbandam
204 823 288 850 esse,
310 820 343 843 ut
365 814 470 844 effectu
492 814 614 852 gaudeat
638 813 762 850 petitio,
791 820 847 848 qua
868 820 917 842 eos
939 812 1121 849 aggreditur,
1151 811 1259 849 quibus
1293 811 1439 849 legislator
1465 809 1579 840 interim

58 865 136 896 bona
155 865 313 895 concessit.

52 933 55 935 -
99 918 163 947 Nec
188 925 256 947 sane
277 917 327 946 diu
350 916 556 953 inquirendum
566 921 610 945 est
633 915 663 945 in
687 915 746 944 vim
767 922 799 943 ac
822 919 995 951 potestatem
1018 913 1172 943 verborum
1197 920 1262 944 art.
1287 913 1376 950 136„
1405 919 1439 941 ut
1464 920 1584 949 persua·

56 976 126 1000 sum
146 969 233 998 nobis
254 969 313 1003 sit,
333 968 524 1004 sententiam,
547 976 632 1004 quam
655 966 866 1008 exposuimus,
887 966 976 995 menti
994 965 1176 1003 {legislatoris
1198 964 1369 994 convenire:
1400 972 1473 1000 quae
1494 963 1580 992 verba

53 1021 87 1051 -si
107 1027 213 1050 attente
239 1020 452 1057 ponderemus,
474 1028 541 1048 mox
550 1019 743 1055 perspicuum
767 1017 834 1054 fiet,
858 1017 1038 1055 disjunctive
1058 1015 1156 1044 vocari
1177 1016 1240 1053 eJ'us
1262 1015 1415 1044 coheredes
1428 1034 1438 1049 ,
1461 1015 1486 1042 si
1504 1021 1580 1049 quos

60 1072 211 1108 habuerit,
232 1077 260 1100 et
282 1079 351 1107 eos,
372 1071 500 1107 quibus,
524 1070 653 1099 Absente
667 1068 834 1103 deficiente,
852 1068 901 1104 Jus
925 1066 1097 1096 succedendi
1122 1065 1332 1102 competiisset.
1374 1064 1442 1094 Nisi
1463 1064 1537 1093 enirn
1562 1072 1579 1092 a

57 1123 210 1153 communi
230 1122 381 1152 verborum
405 1120 616 1158 significatione
632 1121 762 1149 recedere
778 1119 922 1154 velimus,
945 1118 1026 1147 aliter
1048 1116 1134 1146 verba
1155 1116 1287 1145 articuli:
1306 1125 1374 1145 sera
1396 1114 1512 1145 davolue
1533 1123 1582 1144 ex-

56 1175 246 1205 clusivement
265 1174 286 1202 ὰ
308 1182 400 1209 ceux,
422 1189 460 1195 -—
481 1181 515 1200 ou
539 1172 560 1200 ὰ
576 1180 667 1207 ceux,
689 1178 743 1200 etc.
768 1170 927 1207 intelligere
946 1169 1031 1204 licet,
1053 1174 1086 1196 ut
1105 1167 1174 1196 adeo
1198 1175 1232 1197 ex
1259 1167 1326 1203 ipso
1343 1167 1400 1196 hoc
1424 1167 1579 1196 verborum

57 1233 136 1256 nexu
158 1225 236 1254 haud
256 1225 317 1253 leve
340 1230 518 1253 momentum
544 1229 659 1252 nostrae
682 1222 840 1252 sententiae
863 1220 994 1250 accedere
1012 1219 1153 1248 videatur.
1194 1217 1291 1253 Nam,
1313 1216 1338 1246 si
1365 1217 1428 1254 ipsa
1452 1217 1579 1246 articuli

55 1276 145 1306 verba
166 1284 226 1305 non
249 1276 320 1304 satis
342 1275 544 1310 ostenderent,
566 1274 751 1310 coheredem,
773 1281 915 1309 eumque,
947 1269 998 1307 qui
1019 1269 1169 1299 deficiente
1190 1268 1319 1298 Absente
1336 1268 1386 1305 jus
1407 1268 1578 1303 habuisset,

50 1335 118 1359 uon
135 1334 324 1362 concurrere,
346 1327 396 1355 sed
418 1327 586 1355 alterutrum
613 1331 726 1354 tantum
752 1324 885 1359 admitti,
907 1323 1042 1360 majorem
1067 1320 1345 1350 verisimilitudinem
1368 1319 1468 1348 saltem
1490 1324 1578 1347 nacta

50 1377 132 1410 foret
154 1377 429 1408 contrasententium
452 1376 576 1414 opinio,
604 1384 671 1405 cum
699 1376 742 1406 sic
773 1375 802 1406 d.
828 1381 891 1405 art.
912 1373 980 1410 136.
1011 1373 1051 1401 ita
1073 1371 1159 1401 facile
1180 1370 1359 1409 interpretari
1391 1369 1575 1406 potuissent,

52 1436 90 1459 ut
107 1430 224 1459 coheres
247 1437 327 1458 suam
352 1435 459 1465 partem
484 1428 634 1464 retineret,
663 1436 729 1464 pars
753 1435 822 1456 vero
847 1425 989 1456 Absentis
1013 1423 1124 1453 cederet
1148 1423 1209 1460 ejus
1231 1421 1473 1452 descendentibus
1497 1421 1571 1457 (co-

51 1481 171 1511 heredes
196 1480 270 1509 enim
291 1488 370 1508 suam
391 1486 499 1516 partem
522 1480 692 1515 acquirere,
712 1485 739 1507 et
759 1478 846 1506 simul
867 1485 933 1506 cum
958 1474 1196 1505 descendentibus
1219 1473 1380 1502 deficientis
1409 1471 1572 1508 portionem

55 1532 202 1567 dividere,
228 1530 384 1559 absurdum
402 1530 497 1566 foret,
517 1537 545 1559 et
563 1530 641 1567 Juris
664 1529 812 1565 analogiae
832 1527 1027 1562 contrarium;
1050 1534 1139 1561 quum
1157 1525 1187 1553 in
1206 1524 1393 1553 successione
1415 1522 1517 1551 fratres
1541 1527 1569 1549 et

54 1590 173 1614 sorores
196 1580 327 1609 defuncti
354 1589 421 1616 cum
454 1581 580 1618 ejusdem
611 1579 850 1609 descendentibus
883 1586 942 1607 non
975 1582 1170 1612 concurrant,
1199 1583 1298 1604 verum
1324 1574 1355 1603 hi
1378 1573 1493 1609 poriore
1511 1572 1577 1610 J'ure

19 1669 22 1673 ¹
46 1635 216 1673 gaudeant,
237 1637 265 1660 et
288 1639 389 1660 omnes
414 1631 616 1668 excludant):
647 1637 676 1659 at
700 1638 764 1659 cum
794 1631 929 1658 alteruter
957 1634 1068 1657 tantum
1092 1629 1141 1665 jus
1170 1628 1199 1656 in
1230 1633 1321 1655 totam
1355 1625 1572 1654 successionem

55 1685 204 1721 acquirat,
224 1689 276 1711 aut
296 1683 437 1717 coheres,
464 1689 514 1711 aut
540 1683 591 1718 qui
613 1681 740 1711 Absente
768 1680 916 1709 deficiente
936 1680 986 1717 jus
1010 1679 1178 1713 habuisset,
1200 1685 1259 1706 non
1283 1683 1326 1705 est
1347 1676 1425 1711 quod
1445 1675 1495 1703 diu
1520 1675 1575 1703 du-

53 1734 101 1765 bii·
121 1735 288 1764 haereanus.
328 1733 452 1763 Etiamsi
482 1734 557 1762 euim
583 1742 641 1763 non
671 1733 765 1769 primo
791 1732 858 1760 loco
887 1731 916 1760 in
943 1737 1006 1760 art.
1039 1731 1103 1766 136.
1125 1734 1296 1758 vocarentur
1322 1726 1496 1760 coheredes,
1524 1733 1569 1753 se-

55 1787 154 1817 cundo
177 1792 287 1815 tantum
311 1785 450 1815 Absentis
479 1786 699 1820 descendentes,
726 1793 810 1813 nemo
840 1783 924 1811 facile
948 1783 978 1810 in
1004 1782 1105 1810 horum
1134 1779 1260 1808 favorem
1283 1779 1361 1807 litem
1388 1778 1568 1812 decerneret,

28 1857 32 1865 ,
55 1846 124 1869 cum
149 1844 209 1867 tota
231 1837 372 1866 hereditas
395 1837 429 1866 ab
449 1837 584 1866 intestato
606 1836 696 1865 delata
718 1838 806 1874 (nam
832 1836 866 1864 de
892 1843 925 1863 ea
950 1839 1063 1862 tantum
1086 1839 1171 1868 parte
1196 1830 1382 1865 hereditatis,
1414 1836 1486 1865 quae
1507 1828 1572 1857 Ab-

56 1889 132 1919 senti
161 1888 319 1926 competit,
350 1888 379 1917 in
405 1894 467 1918 art.
494 1889 558 1926 136.
591 1897 682 1917 sermo
714 1896 772 1917 non
796 1893 839 1916 est
856 1907 867 1922 .,
904 1886 954 1915 sed
980 1893 1075 1914 revera
1099 1883 1133 1912 de
1165 1883 1298 1912 universa
1329 1880 1502 1910 hereditate:
1524 1878 1573 1907 s’il

56 1939 168 1971 e’ouvre
191 1949 246 1968 une
265 1941 438 1975 successiva,
459 1957 497 1963 -—-
517 1940 570 1968 elle
587 1947 653 1969 scra
674 1939 788 1970 devolat
808 1939 1028 1968 exclusivement
1041 1957 1051 1972 ,
1077 1936 1155 1973 etc.)
1181 1934 1309 1964 alterutri
1327 1939 1437 1962 tantum
1458 1932 1571 1961 addica-

63 1996 130 2029 tur,
157 1998 186 2021 et
207 1992 292 2030 plane
310 1990 465 2021 absurdum
488 1990 585 2030 foret,
611 1991 814 2022 descendentes
839 1997 958 2027 propter
987 1988 1158 2021 Absentiam
1179 1988 1260 2026 ejus,
1296 1985 1327 2015 iu
1353 1985 1438 2021 cujus
1471 1983 1568 2011 locum

827 2041 858 2071 G
878 2049 895 2071 2
1505 2040 1573 2062 suc·
