1913 2417
294 191 330 220 16
628 191 1462 231 P.J.UYLENBROEK

342 273 415 302 Vera
439 280 507 303 sunt
531 275 559 304 in
582 276 745 312 abstracm,
768 285 825 305 non
852 277 881 305 in
905 283 1052 306 concreto.
1091 276 1234 305 Nimirum
1260 285 1358 305 verum
1381 282 1443 312 est,
1473 276 1571 306 clauso
1596 276 1736 306 foramine
1753 284 1803 307 van

305 324 367 359 sis,
389 326 563 361 pressionem
585 335 674 361 aquae
703 327 731 355 in
753 328 871 363 parietes
894 335 1024 356 externos
1042 328 1172 364 majorem
1199 336 1262 356 esse
1288 328 1436 363 pressione
1460 336 1549 362 aquae
1573 328 1600 356 in
1623 329 1744 364 parietes
1763 329 1806 357 in-

310 381 424 404 ternos:
447 378 494 404 sed
521 385 579 405 non
606 385 717 413 semper
737 378 792 406 hoc
815 378 854 406 ita
877 385 932 406 est.
974 378 1090 406 Scilicet
1119 378 1228 406 tamdiu
1254 386 1352 407 verum
1375 384 1436 413 est,
1464 379 1602 414 quamdiu
1621 387 1809 415 unamquam-

305 435 361 462 que
383 428 579 463 pressionem,
600 428 660 455 sive
682 435 842 464 externam,
864 429 924 457 sive
950 429 1107 464 internam,
1130 429 1249 458 seorsim
1274 436 1458 465 spectamus,
1489 430 1567 458 nulla
1591 430 1709 458 alterius
1730 438 1810 465 pres-

303 477 396 505 sionis
420 478 516 506 eodem
542 486 667 514 ternpore
692 479 800 507 ratione
826 478 930 508 habita.
973 480 1010 508 Et
1036 479 1079 507 sic
1103 480 1218 515 quidem
1241 480 1304 508 illas
1327 479 1490 516 pressiones
1520 481 1549 508 in
1574 480 1808 515 praecedentibus

302 536 385 556 unam
405 535 474 564 post
497 530 629 564 alteram,
657 537 749 564 neque
776 537 842 557 vero
874 536 1023 564 utramque
1052 531 1138 558 simul
1165 530 1435 566 consideravimu53
1467 531 1542 559 unde
1558 550 1568 566 ,
1596 539 1630 559 ex
1654 531 1810 571 principiis,

302 579 429 615 positis,
457 588 514 608 non
541 580 663 616 potuit,
693 580 762 616 quin
788 580 860 608 illud
883 581 1050 616 duceretur,
1079 581 1158 616 quod
1182 581 1248 610 inde
1277 581 1395 610 ductum
1415 588 1470 611 est.
1508 586 1549 612 At
1576 590 1663 617 vero,
1684 581 1806 610 simulac

300 635 453 665 utramque
475 631 549 658 illam
575 631 773 666 pressionem,
802 638 828 658 et
853 632 1017 659 exteriorem
1048 639 1075 659 et
1100 631 1261 660 interiorem
1287 632 1410 668 J'unctim
1438 632 1678 666 consideramus,
1708 639 1809 667 quam-

299 680 442 717 primum,
464 682 530 709 dum
557 690 640 710 uuam
667 682 861 717 pressionem,
886 690 916 709 v.
939 690 968 718 g.
993 681 1175 717 interi0rem‚
1203 683 1437 719 consideramus,
1468 683 1550 712 etiam
1576 682 1724 712 exterioris
1749 691 1808 726 uno

301 733 458 768 eodemque
490 739 616 768 tempore
645 733 754 768 agentis
785 733 921 761 rationem
954 733 1109 769 habemus,
1139 739 1201 762 tum
1233 742 1325 762 rerum
1350 734 1437 763 facies
1461 740 1609 769 mutatur,
1639 740 1666 761 et
1685 733 1810 776 corolla-

299 782 390 818 rium,
413 785 493 820 quod
514 783 687 821 posuimus,
718 784 822 813 falsum
848 784 1056 823 pronuntiare,
1086 792 1146 814 non
1169 774 1354 822 dubitamus,
1383 792 1411 814 et
1443 785 1555 822 quidem
1578 790 1742 822 sequentem
1768 783 1807 813 ob

298 842 430 863 causam:

336 885 395 914 Vas
419 887 537 922 ponitur
560 888 674 923 penitus
697 897 768 924 aqua
792 890 959 926 impletum,
981 889 1129 927 eidemque
1154 899 1273 927 prorsus
1298 889 1471 921 immersum.
1513 890 1591 928 Ergo
1615 888 1706 919 simul
1717 893 1806 925 agunt

298 938 463 972 pressiones
489 946 515 966 et
539 938 566 966 in
594 947 722 968 externos
745 949 771 968 et
792 942 819 969 in
845 942 970 970 internos
995 940 1123 977 parietes.
1165 942 1248 979 Quae
1270 943 1433 978 pressiones
1459 944 1483 971 si
1505 942 1644 977 seorsim,
1666 940 1727 968 sive
1751 947 1807 967 [¹112

298 995 367 1022 post
393 989 504 1015 alttram
526 1009 535 1023 ,
565 998 646 1025 agant
665 1011 674 1024 ,
705 992 745 1019 uti
769 993 911 1031 vidimus,
939 1002 1057 1028 prorsus
1088 1001 1155 1021 sunt
1189 1001 1204 1020 a
1228 1001 1257 1020 se
1291 993 1411 1021 invicem
1439 994 1576 1021 diversae.
1619 994 1715 1028 ltaque
1734 991 1806 1018 dum

297 1046 369 1073 aqua
393 1039 451 1066 vasi
479 1039 606 1074 inclusa,
643 1042 790 1075 pressione
816 1052 866 1071 sua
887 1043 962 1070 vasis
985 1043 1105 1077 parietes
1130 1052 1144 1070 a
1169 1051 1198 1070 se
1221 1044 1342 1071 invicem
1367 1051 1496 1078 separare
1517 1043 1637 1077 nititur,
1663 1050 1737 1077 aqua
1758 1049 1808 1068 ex-

297 1089 384 1116 terior
406 1097 455 1117 vas
479 1090 677 1126 circumdans,
699 1100 749 1120 sua
772 1093 920 1128 pressione
943 1102 1040 1121 omnes
1061 1093 1137 1121 vasis
1161 1093 1282 1129 parietes
1307 1094 1341 1121 ad
1364 1102 1393 1121 se
1417 1094 1538 1121 invicem
1563 1093 1660 1129 cogit;
1683 1092 1722 1120 ita
1744 1090 1810 1127 qui-

296 1140 357 1168 dem
386 1147 418 1168 ut
447 1140 498 1169 hac
524 1141 608 1170 illave
638 1143 785 1178 pressione
815 1144 928 1179 demta,
959 1145 983 1172 si
1012 1153 1062 1173 vas
1091 1153 1149 1173 non
1174 1144 1243 1172 satis
1275 1144 1401 1172 validum
1426 1144 1489 1179 sit,
1528 1144 1583 1172 hoc
1615 1143 1649 1172 ab
1675 1143 1810 1171 alterutra

295 1191 444 1226 pressione
472 1192 663 1228 diffringatur.
704 1194 779 1222 Cum
814 1202 927 1230 autem,
959 1195 1002 1223 uti
1031 1195 1182 1230 vidimus,
1211 1195 1239 1223 in
1270 1195 1415 1222 abstracto
1435 1193 1546 1230 pressio
1575 1194 1695 1223 exterior
1719 1193 1810 1231 major

299 1242 338 1269 sit
370 1242 517 1276 pressione
538 1243 666 1279 interna,
696 1245 773 1274 vasis
798 1246 915 1282 parietes
944 1247 979 1275 ad
1001 1256 1030 1274 se
1053 1246 1174 1275 invicem
1209 1246 1373 1282 adiguntur.
1416 1246 1456 1275 At
1481 1254 1577 1282 aqua,
1606 1253 1662 1282 qua
1686 1253 1736 1273 vas
1761 1252 1812 1280 pe-

300 1292 379 1321 nitus
403 1301 447 1323 est
473 1294 642 1330 impletum,
665 1296 780 1330 obstat,
802 1298 958 1332 quominus
982 1299 1036 1326 hoc
1060 1298 1121 1326 fiat.
1160 1297 1360 1325 Nihilominus
1387 1296 1507 1331 parietes
1530 1296 1604 1324 illam
1628 1296 1806 1332 pressionem

297 1345 499 1379 experiuntur,
522 1345 674 1381 illamque,
696 1353 760 1374 utut
773 1347 882 1384 validae
897 1348 973 1382 sint,
995 1347 1206 1376 communicare
1229 1353 1374 1382 coguntur
1393 1355 1459 1375 cum
1477 1347 1626 1382 particulis
1654 1354 1742 1383 aquae
1766 1347 1812 1374 in-

297 1401 393 1423 ternae
413 1396 540 1431 proxime
562 1397 618 1424 sibi
642 1397 797 1432 appositis.
836 1397 995 1427 Particulae
1020 1399 1070 1426 liae
1095 1398 1195 1426 iterum
1214 1397 1398 1433 pressiones,
1423 1405 1494 1433 quas
1512 1397 1720 1433 experiuntur,
1741 1404 1809 1424 cum

297 1445 402 1472 vicinis
429 1446 489 1473 suis
515 1449 747 1482 communicant,
769 1447 820 1476 hae
842 1457 906 1476 cum
925 1449 1008 1482 aliis,
1029 1455 1055 1476 et
1078 1449 1119 1476 sic
1139 1457 1243 1483 porro,
1266 1456 1357 1479 usque
1379 1448 1410 1475 ad
1435 1454 1563 1471 centrum
1588 1445 1680 1472 totius
1698 1453 1808 1475 massae

298 1503 397 1530 aquae.
437 1496 593 1533 FIngamus
622 1498 698 1526 vasis
727 1499 845 1534 parietes
871 1507 933 1527 esse
957 1497 1107 1525 admodum
1136 1495 1286 1528 ssaccitlas,
1315 1502 1344 1522 v.
1372 1501 1399 1522 c.
1433 1502 1482 1522 vas
1507 1495 1576 1523 illud
1608 1501 1739 1524 constare
1763 1497 1811 1524 ve-'

298 1546 379 1581 sica,
400 1553 459 1575 tum
485 1547 568 1576 facile
592 1549 800 1584 unusquisque
827 1549 992 1585 intelliget,
1021 1553 1122 1581 aquam
1156 1546 1293 1573 internam
1326 1551 1521 1580 percepturam
1549 1554 1610 1574 esse
1631 1546 1810 1582 pressionem

298 1604 386 1630 aquae
408 1599 574 1633 exterioris,
599 1606 666 1627 utut
693 1600 763 1628 bene
785 1600 882 1627 clausa
904 1600 942 1627 sit
971 1598 1076 1627 vesica.
1132 1596 1237 1625 Utrum
1270 1603 1361 1623 autem
1394 1595 1434 1622 illi
1465 1596 1586 1631 parietes
1621 1597 1680 1626 sint
1712 1598 1810 1627 flacci·

299 1646 346 1680 di,
372 1654 423 1674 nec
445 1655 499 1680 ne,
527 1650 713 1683 experiuntur
737 1651 815 1678 omni
840 1651 867 1678 in
893 1658 961 1678 casu
985 1649 1179 1677 vehementem
1207 1647 1382 1682 pressionem
1397 1667 1406 1681 ,
1436 1646 1543 1682 illaque
1562 1656 1640 1683 agere
1663 1655 1810 1685 coguntur

298 1697 326 1725 in
352 1697 508 1732 particulas
532 1699 611 1726 fluidi
639 1701 718 1728 intus
740 1701 879 1730 contenti.
923 1700 986 1729 Hoc
1010 1700 1092 1727 etiam
1115 1708 1149 1726 eo
1173 1698 1262 1734 magis
1292 1698 1418 1733 patebit,
1450 1698 1474 1726 si
1498 1699 1527 1726 in
1551 1706 1671 1727 mentem
1693 1707 1808 1727 revoca-

301 1747 445 1783 verimus,
476 1757 563 1784 vasa,
589 1749 647 1777 imo
671 1751 831 1785 crassiora,
861 1751 1009 1786 pressione
1045 1750 1196 1778 fluidorum
1236 1748 1411 1776 sensibiliter
1442 1748 1531 1785 figura
1557 1756 1584 1777 et
1613 1749 1809 1784 magnitudine

299 1799 400 1826 mutari
427 1800 503 1835 (i).
542 1800 602 1835 Jam
632 1809 699 1829 vcro
729 1809 793 1829 curn
820 1801 866 1829 illa
898 1801 1010 1837 pressio
1035 1800 1131 1828 ubivis
1152 1799 1307 1835 aequaliter
1329 1799 1530 1835 dispergatur,
1551 1807 1623 1833 aqua
1645 1807 1737 1828 autem
1761 1799 1805 1829 in-

299 1854 348 1876 tus
375 1851 517 1878 recedendi
543 1850 704 1880 facultatem
734 1860 791 1880 non
817 1852 934 1886 habeat,
963 1859 1021 1879 non
1044 1858 1161 1885 potest,
1191 1850 1262 1886 quin
1288 1858 1338 1879 sua
1364 1849 1412 1884 vi,
1441 1857 1466 1877 et
1489 1858 1521 1877 ex
1547 1851 1607 1885 lege
1623 1869 1633 1884 ‚
1663 1851 1741 1885 quod
1767 1859 1810 1879 re·

299 1900 373 1927 actio
399 1908 511 1936 semper
531 1903 671 1930 contraria
696 1910 723 1931 et
749 1903 875 1938 aequalis
907 1903 944 1931 sit
977 1903 1082 1930 actioni
1109 1902 1193 1938 (2),
1224 1902 1335 1931 candem
1366 1901 1423 1930 vim
1447 1908 1575 1937 exserat,
1596 1901 1747 1939 eademque
1763 1902 1808 1938 vi,

314 1987 364 2014 (ι)
386 1989 437 2010 vni.
461 1995 502 2011 van
521 1990 625 2012 sivinden
650 1976 703 2012 ibid.
723 1991 742 2017 ς.
760 1996 794 2016 so.
1753 1960 1812 1989 qu*

308 2028 367 2056 (π)
391 2030 441 2054 vid.
464 2030 481 2053 's
496 2033 634 2054 cmv-uana.
656 2032 670 2054 i.
685 2031 701 2054 Ι.
723 2033 749 2055 L·
764 2033 782 2054 1.
805 2038 825 2054 c.
842 2032 910 2057 xvxi.
933 2033 976 2059 leg.
992 2031 1030 2056 Hi.
1052 2031 1072 2059 §-
1087 2031 1136 2058 561.
