1913 2417
260 132 537 163 RESPONSIO
565 141 613 163 AD
642 131 776 171 QUAE
791 130 1018 162 STIONEM
1047 128 1498 161 HYDROSTATICAM.
1599 135 1633 165 31

129 224 182 252 na3
208 224 331 253 cumque
353 218 490 246 elevatum
517 216 546 245 in
567 223 640 252 aqua
664 214 758 243 oleum
785 213 870 243 teneri
901 222 1072 250 suspensum
1105 213 1215 243 diutius
1244 222 1303 243 non
1334 213 1448 250 possit,
1476 211 1565 241 verbo
1590 209 1633 239 di-

128 276 210 303 cam,
231 276 296 296 cum
319 275 429 304 quanto
453 267 628 304 profundior
652 272 695 294 est
717 274 808 301 aqua,
838 272 917 294 tanto
945 267 1036 302 majus
1065 267 1178 302 pondus
1203 266 1352 303 majorque
1373 264 1485 301 pressio
1508 262 1634 298 requira-

126 326 175 347 tur
196 320 224 348 in
245 320 377 356 cylindro
404 320 478 355 olei,
501 325 533 347 ut
558 317 747 354 aequipolleat
772 317 916 353 pressioni
943 325 1053 353 aquae,
1083 326 1170 353 seque
1189 317 1318 352 muniat,
1340 325 1376 345 ne
1400 316 1434 344 ab
1458 315 1522 351 ipsa
1544 313 1638 341 eleve-

128 377 193 406 tur,
214 371 292 398 nulla
313 378 375 398 esse
397 371 470 398 ratio
500 370 613 398 videtur
634 368 802 402 dubitandi,
825 374 920 404 partes
944 377 1033 404 aquae
1055 368 1247 398 incumbentis
1271 367 1432 404 superficiei
1448 365 1566 395 extremi
1589 364 1634 392 in-

128 421 242 449 ferioris
264 421 346 456 tubi,
369 421 458 457 magis
481 429 607 457 premere
631 421 709 448 illam
737 419 937 456 superficiem,
970 428 1054 456 quam
1080 427 1174 457 partes
1198 428 1286 455 aquae
1305 418 1456 455 contiguae
1476 413 1641 453 superficiei

127 472 236 500 altioris
258 477 391 508 premunt
422 471 523 500 istam:
555 472 734 509 proindeque
761 478 857 508 partes
882 480 988 507 aquae,
1018 480 1090 507 quae
1115 471 1241 500 subsunt
1274 470 1437 506 superficiei
1465 470 1528 506 ejus
1556 475 1639 496 sum-

133 531 212 558 mae,
234 524 324 559 premi
351 523 385 551 ab
412 524 537 560 ejusdem
566 524 646 551 fluidi
672 522 806 559 partibus
828 522 915 558 istis,
945 531 1016 558 quae
1040 523 1145 551 directe
1167 522 1280 550 fluitant
1305 530 1392 558 supra
1418 521 1516 558 ipsas3
1535 519 1578 548 uti
1599 517 1647 547 vi-

129 575 222 603 dimus
256 574 311 605 olei
339 581 438 611 partes
471 575 652 611 superiores,
678 576 745 603 dum
767 575 796 602 in
821 575 961 602 adscensu
986 580 1042 601 erat
1068 573 1185 609 fistula,
1217 574 1286 602 adeo
1319 571 1496 608 depressisse
1520 569 1643 599 inferio-

128 633 194 661 res,
217 632 251 654 ut
272 634 318 654 eas
340 627 459 655 omnino
483 635 498 654 e
521 626 617 654 fistula
635 626 823 662 expellerent3
846 633 910 653 cum
935 626 965 653 in
990 625 1035 653 his
1061 625 1179 654 casibus
1196 625 1274 653 nulla
1298 624 1336 653 sit
1358 624 1451 658 ratio,
1472 630 1524 651 cur
1543 622 1642 657 liquo-

128 678 168 704 ris
193 677 316 713 alicujus
339 684 432 713 partes
454 677 566 706 infimae
590 678 678 714 magis
696 685 849 713 premant,
874 677 1059 705 fortioremve
1081 683 1215 705 conatum
1241 682 1370 704 exserant
1393 675 1529 702 adversus
1552 672 1643 700 aliunr

127 735 328 762 quemcunque
351 728 489 764 liquorem
512 729 653 765 (aliudve
681 731 830 765 corpus),
850 734 970 764 -quanto
998 728 1083 756 altius
1109 728 1296 756 assurrexerit
1327 726 1424 761 liquor
1451 724 1620 753 incumbens
1631 742 1647 758 ,.

125 778 151 806 si
173 776 321 806 inferiores
343 779 395 807 hae
426 787 521 815 partes
547 780 724 814 pressionem
752 788 832 808 suam
857 788 872 808 a
899 788 948 807 sua
972 778 1098 814 ipsarum
1132 779 1279 806 dumtaxat
1313 776 1450 814 gravitate
1475 773 1642 811 particulari

125 828 252 857 derivent
275 830 372 866 (quae
388 831 479 867 major
504 831 555 859 illz't
577 838 636 859 non
659 837 722 865 est,
751 839 836 866 quam
864 830 935 859 aliae
968 830 1159 866 homogeneae
1188 828 1313 864 liquoris
1341 828 1421 856 illius
1450 834 1544 863 partes
1564 825 1641 854 obti-

125 879 217 916 nent)
239 880 416 917 proindeque
438 890 553 910 necesse
578 889 642 917 est,
663 883 740 918 ipsas
766 890 894 918 magnam
920 882 996 910 illam
1022 882 1099 916 vim,
1132 889 1187 916 qua
1210 886 1364 917 premunt,
1385 888 1399 908 a
1425 878 1549 915 pondere
1570 875 1645 904 deri·

126 939 191 960 vare
211 931 334 966 partium
357 932 606 968 incumbentium,
628 942 700 969 quas
725 934 847 969 proinde
871 940 996 968 premere
1020 933 1101 968 ipsas
1124 939 1168 960 est
1192 929 1449 960 concedendum.”

163 981 240 1018 His,
262 983 317 1011 etsi
339 983 481 1020 egregiis,
501 992 561 1013 non
583 991 740 1014 contentus
759 984 886 1020 Boyleus
911 984 993 1012 aliud
1014 984 1108 1012 adhuc
1124 982 1253 1011 instituit
1268 982 1303 1011 ad
1321 989 1436 1010 causam
1452 987 1532 1008 suam
1553 983 1640 1014 agen-

124 1034 189 1064 dam
207 1034 431 1070 experimentum
454 1035 533 1072 (1).

166 1105 191 1121 ,,
210 1085 278 1114 Para
296 1084 396 1122 tibi,”
417 1085 459 1113 sic
482 1085 587 1120 refert,
618 1086 758 1122 „tubum
777 1087 895 1123 longum
912 1091 939 1113 et
955 1085 1065 1114 bullam
1083 1085 1232 1113 libratam:
1254 1090 1316 1112 tum
1334 1092 1406 1119 aqua
1423 1081 1496 1111 tubo
1521 1079 1655 1115 infusa,.

124 1135 216 1165 donec
239 1137 314 1166 ultra
331 1146 351 1175 5
369 1136 416 1166 vel
441 1137 459 1165 6
482 1137 601 1173 pollices
630 1139 834 1175 (nequaquam
858 1137 937 1166 enim·
956 1136 1116 1165 necessaria
1142 1142 1184 1164 est
1206 1135 1331 1164 altitudo
1355 1133 1564 1168 determinata.)
1587 1138 1643 1160 su-

124 1194 177 1223 pra
201 1187 324 1216 fundum
346 1189 511 1225 pertingat,
540 1189 627 1227 injice
650 1188 777 1223 bullam,
808 1197 881 1224 quae
901 1196 960 1217 non
985 1189 1070 1216 modo
1095 1187 1224 1222 natabit,
1251 1187 1303 1216 sed
1324 1187 1354 1215 in
1377 1193 1480 1221 aquam
1504 1184 1646 1217 detrusa,¹

125 1244 230 1272 :ponte
259 1247 310 1267 sua
339 1238 369 1268 in
395 1240 570 1276 superiorem
595 1240 657 1275 ejus
686 1246 794 1274 partem
822 1245 955 1276 emerget.
996 1238 1118 1276 Quare,
1147 1244 1267 1274 accepta
1288 1237 1367 1266 tenui
1385 1237 1488 1273 virga,
1519 1235 1571 1264 vel·
1590 1233 1647 1262 filo·

124 1286 238 1322 ferreo,
257 1287 303 1315 vel
320 1286 416 1316 fistula
434 1289 546 1324 vitrea,
569 1289 661 1318 aliove
681 1290 789 1325 quovis
812 1290 955 1327 ejusmodi
973 1298 1115 1326 corpore,
1137 1290 1171 1318 ad
1190 1289 1356 1318 institutum
1380 1294 1463 1316 tuum
1481 1286 1554 1316 satis
1578 1286 1648 1313 lone

124 1347 181 1376 go,
201 1340 322 1376 ejusque
340 1339 515 1368 adminiculo
531 1340 637 1369 bullam
661 1340 736 1370 infra
751 1349 841 1378 aquae
857 1341 1036 1377 superficiem
1062 1342 1198 1377 detrusa,
1220 1348 1322 1376 aquam
1346 1340 1452 1368 sensim
1475 1338 1548 1367 tubo
1565 1337 1640 1374 (cu-

123 1391 172 1428 jus
192 1391 301 1420 cavitas
321 1389 406 1419 nulia-
429 1397 513 1419 tenus
535 1391 613 1428 virga
625 1413 642 1427 ‚.
665 1392 754 1421 filove
785 1393 864 1422 dicto
890 1399 950 1422 tota
985 1392 1201 1428 occupabitur)
1230 1391 1368 1425 infunde,
1397 1391 1487 1418 donec
1518 1387 1646 1416 debitam.-

124 1441 251 1478 attigerit
270 1441 448 1470 altitudinem
477 1443 576 1478 (quae
598 1443 628 1471 in
653 1443 771 1471 ultimis
786 1443 856 1471 meis
887 1443 1088 1479 experimentis
1113 1443 1211 1480 pedem
1243 1442 1357 1470 circiter
1375 1441 1420 1469 vel
1447 1436 1647 1468 semi-ulnam*

129 1492 270 1527 aequabat
292 1500 378 1528 supra
399 1492 553 1529 bullam),
573 1500 600 1521 et
626 1493 735 1522 videbis
760 1494 866 1522 bullam
879 1514 897 1529 ‚v
920 1502 991 1529 quae
1010 1494 1093 1530 prius
1118 1493 1277 1522 conabatur
1300 1498 1457 1526 emergere,
1479 1489 1513 1515 ab
1537 1487 1641 1515 adven-

128 1543 194 1572 titio
218 1543 413 1572 incumbentis
440 1551 531 1580 aquae
549 1545 698 1580 pondere,
723 1545 854 1577 adusque
879 1544 942 1572 tubi
967 1544 1089 1573 fundum
1113 1543 1256 1580 deprimi:
1287 1549 1345 1576 quo
1374 1540 1471 1575 facto,
1494 1538 1566 1567 tubo
1591 1544 1646 1573 po-

128 1593 196 1621 teris
217 1595 326 1631 virgam
348 1594 462 1623 aliudve
484 1603 610 1631 corpus,
632 1596 712 1630 quod
736 1595 827 1631 ipsam
850 1596 885 1624 ab
909 1596 1050 1623 adscensu
1075 1592 1268 1629 prohibebat,
1290 1599 1446 1620 removere.
1490 1589 1542 1618 Uti
1570 1589 1650 1617 enim:

133 1641 327 1672 incumbentis
348 1652 440 1678 aquae
460 1646 575 1679 pondus
598 1652 685 1673 causa
707 1651 766 1673 erat
787 1653 853 1674 eam,
871 1646 1054 1682 demergens,
1082 1644 1126 1673 sic
1150 1644 1246 1674 eodem
1272 1643 1406 1679 pondere.
1422 1641 1463 1670 ibi
1487 1640 1648 1669 continua-⁷

128 1698 182 1730 to,
200 1693 278 1722 bulla
299 1693 329 1722 in
352 1694 445 1723 fundo
468 1694 634 1724 manebit.”

169 1764 195 1781 „
214 1744 284 1774 Non
307 1751 398 1774 tamen
425 1745 489 1774 sine
508 1754 594 1774 causa
617 1753 677 1783 est,
699 1748 786 1783 quod*
805 1748 885 1777 filum
913 1747 1039 1777 ferreum·
1051 1747 1095 1776 vel
1117 1747 1210 1776 simile
1233 1745 1302 1782 quid
1320 1745 1351 1774 in
1374 1741 1651 1780 experimentohoc

129 1795 335 1831 adhibeamus,
367 1797 500 1832 quamvis
523 1806 705 1834 asseramus,
735 1800 832 1827 solum
856 1807 917 1828 esse
941 1807 1030 1835 aquae
1050 1798 1244 1827 incumbentis
1268 1797 1408 1833 pondus,
1433 1794 1513 1830 quod
1536 1793 1652 1821 bullam<

130 1845 287 1884 demergit,
304 1846 333 1875 si
355 1848 429 1878 enim
450 1857 551 1886 aquam
577 1849 648 1879 tubo
672 1849 839 1884 infunderes
860 1851 896 1881 ad
929 1850 1110 1881 altitudinem
1139 1849 1227 1879 modo
1258 1848 1385 1884 dictam,
1413 1847 1458 1875 vel
1481 1845 1571 1874 etiam·
1591 1851 1654 1872 maa-

1606 1902 1662 1932 μιν

158 1971 217 2002 (²2
231 1973 256 1996 ln
273 1973 389 1997 Parnm-22
