1913 2417
718 154 1107 191 onAr10.
1609 158 1657 202 ’,ξ

156 256 236 290 dum
265 254 360 288 nobis
391 253 452 286 erit
478 252 518 284 ad
551 249 720 295 particulas
745 256 831 281 certo
860 256 952 280 motu
977 250 1125 292 agitatas,
1147 248 1240 291 cujus
1269 259 1452 281 mensuram
1480 248 1560 282 forte
1588 251 1640 283 in·

158 314 289 352 venire,
323 321 451 344 causam
489 320 566 340 vero
607 307 764 351 explicare
799 316 865 338 non
900 317 1100 349 possumus,
1141 317 1216 338 nam
1256 313 1387 350 propter
1422 308 1483 338 hoc
1531 308 1638 350 ipsum

156 370 218 403 fuit
239 369 293 401 illa
315 379 410 401 causa
432 365 557 404 efficta,
590 371 627 396 ut
653 363 830 396 videndum
856 374 898 393 an
933 362 1016 394 nihil
1053 363 1279 406 proficiamus,
1312 363 1390 394 dum
1428 364 1538 395 omnia
1563 364 1636 396 flui-

156 426 207 459 dis
231 424 464 458 commenticiis
490 424 676 461 miscemus,
707 430 805 465 quam
830 426 867 451 ut
897 420 1119 462 quaestionem
1143 432 1162 453 e
1191 427 1364 464 conspectu
1389 431 1632 460 removeamus,

155 483 312 525 integram
341 481 573 524 relinquamus.

197 542 304 583 Atque
337 538 420 570 idem
457 536 584 568 videtur
618 545 722 578 nuper
756 534 852 566 latius
879 535 1057 567 manavisse
1089 536 1123 566 in
1149 534 1319 567 cherniam.
1365 535 1455 574 Quae
1482 543 1558 565 cum
1588 544 1636 564 re-

152 603 249 640 pente
272 602 378 626 tantos
404 602 589 637 progressus
620 591 767 622 habuerit
803 593 837 622 in
870 592 1099 635 investigandis
1123 593 1162 623 iis
1193 603 1274 634 quae
1306 597 1361 622 aut
1388 590 1489 621 solida
1511 589 1634 628 forma,

151 659 207 683 aut
233 652 367 695 liquoris
393 651 444 682 vel
469 651 549 681 aeris
571 649 674 692 specie
696 647 808 679 induta
839 650 1063 691 reperiuntur,
1087 656 1123 680 ut
1145 659 1245 691 paene
1272 647 1355 678 nihil
1381 657 1448 678 esse
1472 646 1634 678 videretur

151 708 243 751 quod
274 719 342 739 non
370 714 436 739 arte
466 717 522 738 sua
559 712 592 736 et
626 706 853 748 experimentis
882 705 1101 736 demonstrare
1135 711 1167 735 et
1197 703 1298 735 oculis
1323 703 1480 745 subjicere
1509 710 1637 745 posset,

151 764 304 796 retardari
337 774 371 796 se
399 770 506 795 tamen
535 761 617 793 vidit
648 772 666 792 a
698 762 821 792 naturIS
860 761 1084 793 subtilioribus
1117 761 1230 792 caloris
1267 766 1299 791 et
1336 759 1495 796 luminis,
1528 765 1560 790 et
1591 758 1633 790 ad

149 820 412 864 disceptationem
442 826 474 850 et
499 819 699 860 conjecturas
731 818 887 849 revocari.
944 819 980 849 In
1013 818 1132 860 quibus
1162 828 1238 848 cum
1269 816 1388 847 summi
1414 814 1546 858 quidam
1570 815 1634 846 viri

149 883 271 909 tantam
308 876 511 921 prudentiam
544 873 774 912 adhibuerint,
811 880 848 905 ut
885 885 952 905 non
981 875 1087 906 solum
1116 874 1409 917 experimentorum
1440 870 1496 902 sed
1533 870 1631 902 etiam

146 933 324 965 disserendi
356 940 455 965 artem
494 931 609 963 docere
640 930 846 969 viderentur,
879 933 981 974 magis
1002 933 1046 962 -in
1074 932 1113 962 iis
1141 929 1337 962 offendimus
1365 931 1422 971 qui
1456 930 1490 959 in
1517 926 1629 959 eadem

148 989 319 1033 disciplIua
343 996 407 1021 tam
433 989 529 1032 longe
553 989 593 1020 ab
617 988 666 1019 his
693 987 904 1020 dissederunt.
950 987 1173 1019 Dubitandum
1203 986 1353 1029 equidem
1379 995 1446 1015 non
1477 991 1524 1015 est
1544 984 1626 1027 quin

146 1046 186 1078 iis
209 1046 351 1077 motibus
376 1045 619 1088 particularum,
643 1055 725 1087 quae
754 1044 932 1087 Affinitaces
963 1051 1133 1082 vocantur,
1161 1046 1201 1076 sit
1222 1044 1406 1074 communis
1423 1040 1529 1080 aliqua
1546 1041 1629 1070 ratio

142 1113 220 1135 cum
239 1113 351 1134 earum
365 1101 552 1133 conditione
576 1100 739 1138 electrica,·
761 1100 817 1132 sed
831 1107 950 1143 quanta
969 1101 1161 1131 obscuritate
1179 1099 1232 1130 illa
1253 1098 1359 1129 adhuc
1380 1097 1489 1136 lateat,
1514 1096 1629 1128 intelli-

145 1160 234 1203 gitur
249 1169 289 1191 ex
307 1158 370 1190 hoc
388 1157 477 1201 quod
501 1168 705 1201 nequaquam
722 1158 889 1200 potuimus
915 1157 1094 1189 discernere
1120 1155 1299 1199 pendeatue
1331 1154 1469 1197 affinitas
1484 1152 1627 1185 duorum

142 1225 184 1247 ex
219 1215 348 1259 propria
381 1215 541 1258 cujusque
575 1220 689 1245 natura
718 1213 884 1253 electura,
907 1225 948 1245 an
965 1214 1109 1245 eliciatur
1136 1218 1250 1243 natura
1273 1211 1421 1243 electrica
1451 1212 1624 1252 utriusque

140 1281 184 1304 ex
208 1272 438 1315 conjunctione
460 1271 624 1303 affinitatis
648 1270 735 1312 (4).
784 1269 879 1310 Quod
904 1281 979 1302 cum
1004 1271 1046 1301 ita
1079 1269 1138 1308 sit,
1161 1269 1296 1300 minime
1320 1267 1452 1312 quidem
1469 1267 1532 1299 erit
1547 1277 1624 1310 pro·

143 1327 289 1360 bandum
316 1328 488 1361 consilium
518 1338 631 1361 eorum
661 1329 718 1371 qui
751 1333 923 1371 postquam
947 1327 1132 1359 alterutram
1162 1326 1352 1369 opinionem
1392 1335 1461 1356 non
1487 1323 1551 1356 levi
1581 1322 1625 1354 de

140 1395 237 1418 causa
263 1386 354 1429 sequi
380 1384 595 1429 profitentur,
618 1386 726 1417 statim
753 1385 863 1416 omnia
890 1383 1014 1427 reliqua
1037 1383 1078 1415 de
1105 1381 1390 1425 conjunctionibus
1414 1380 1566 1413 chemicis
1589 1384 1623 1410 et

139 1440 182 1474 de
204 1442 328 1481 calore,
351 1442 391 1473 de
421 1441 562 1481 lumine,
591 1443 787 1485 caeterisque
812 1440 1036 1473 subtilioribus
1066 1440 1190 1471 naturis
1217 1439 1343 1482 assequi
1374 1437 1566 1480 conjecturis
1590 1441 1623 1466 et

140 1508 301 1542 exponere
326 1499 451 1531 volunt.
499 1501 589 1539 Quae
621 1499 752 1542 quidem
784 1509 845 1540 ego
870 1508 939 1529 non
970 1503 1137 1540 propterea
1167 1495 1247 1526 falso
1270 1494 1400 1538 probari
1424 1493 1520 1532 volo;
1551 1502 1621 1523 non

139 1555 228 1586 enim
254 1554 288 1585 id
311 1554 392 1586 mihi
415 1554 538 1586 facilius
561 1562 643 1586 esset
663 1566 761 1598 quarn
788 1556 827 1585 iis
852 1564 925 1586 vera
951 1553 1091 1595 probari.
1138 1555 1265 1593 Quaero
1291 1558 1415 1582 tantum
1439 1559 1520 1581 num
1544 1547 1620 1580 satis

140 1610 277 1653 dignum
302 1611 344 1642 sit
375 1611 594 1654 philosophis,
625 1613 683 1654 qui
714 1617 845 1654 propter
875 1610 1006 1640 inventa
1040 1620 1099 1640 sua
1129 1610 1212 1640 inter
1240 1609 1362 1651 primos
1387 1607 1485 1648 hujus
1510 1604 1621 1636 aetatis

137 1667 210 1709 jure
232 1674 462 1707 numerantur,
483 1678 518 1699 ea
543 1667 701 1710 proferre,
729 1669 832 1711 iisque
855 1666 937 1704 niti,
964 1677 1046 1709 quae
1071 1666 1224 1697 firmitate
1244 1664 1378 1695 rationis
1406 1672 1539 1706 prorsus
1564 1671 1617 1692 ca·

142 1729 229 1762 rent;
254 1731 349 1767 atque
381 1725 427 1756 sic
457 1724 605 1767 exemplo
637 1735 697 1756 suo
728 1725 820 1756 istam
846 1723 1057 1766 comprobare
1088 1721 1204 1753 malam
1229 1719 1497 1753 consuetudinem
1519 1718 1618 1749 disse-

141 1779 234 1811 rendi
255 1780 295 1811 de
319 1780 414 1811 rebus
443 1792 510 1811 non
534 1780 629 1824 plane
657 1782 829 1825 perspectis
853 1791 908 1824 per
933 1790 1045 1811 causas
1071 1790 1138 1810 non
1169 1789 1346 1811 concessas.
1400 1779 1490 1818 Quae
1516 1785 1614 1819 quam

142 1846 245 1879 nuper
269 1837 354 1879 apud
381 1837 500 1870 multos
532 1836 753 1877 increbuerit,
785 1838 907 1882 opponi
934 1843 966 1868 et
994 1835 1149 1868 inculcari
1176 1836 1318 1880 physicis
1348 1835 1487 1867 nimium
1523 1842 1616 1875 saepe

140 1901 209 1923 nou
234 1899 350 1935 potest.

184 1949 233 1981 De
262 1960 302 1982 eo
325 1957 432 1984 autem
453 1963 550 1985 nemo
579 1951 764 1992 dubitabit,
793 1952 847 1984 cui
878 1952 914 1983 in
942 1955 1082 1982 mentem
1111 1950 1218 1983 veniat
1248 1956 1296 1983 tot
1318 1956 1506 1988 auctorum,
1537 1955 1614 1978 cum

931 2007 962 2042 C
986 2016 1005 2040 2
1550 2013 1618 2033 tuo-
