1913 2417
151 862 337 926 Codicem
358 895 486 920 sacrum
513 887 661 919 omnium
689 887 869 927 librorum,
893 888 950 931 qui
986 896 1132 930 unquam
1164 883 1376 922 exstiterunt,
1412 883 1550 914 maxime
1578 884 1628 914 in-

151 945 276 988 signem
301 951 333 977 et
356 946 568 989 conspicuum
587 956 674 984 esse,
706 956 820 984 nemo,
853 945 910 987 qui
944 944 994 975 vel
1021 942 1243 986 antiquitatem
1270 942 1357 983 ejuS‚
1386 939 1436 971 vel
1458 946 1626 979 auctores,

153 1000 205 1032 vel
226 1012 317 1033 casus
340 1001 391 1033 vel
414 1001 544 1035 effectus
569 1002 838 1041 consideraverit,
862 1001 952 1033 facile
980 1000 1104 1032 inficias
1131 999 1199 1031 ibit.
1246 999 1356 1038 Quum
1387 997 1475 1028 enim
1501 998 1627 1034 omnia,

152 1068 236 1101 quae
262 1057 302 1089 ab
328 1059 517 1102 antiquitate
545 1059 585 1091 ad
611 1070 672 1091 nos
695 1065 942 1102 pervenerunt,
975 1059 1070 1089 etiam
1102 1057 1161 1088 ubi
1191 1053 1424 1087 recentioribus
1455 1064 1522 1084 nou
1552 1058 1630 1084 sunt

153 1115 402 1158 praestantiora,
432 1117 540 1159 magni
570 1117 729 1148 aestimari
760 1122 791 1147 et
824 1121 963 1147 aetatum
1003 1113 1292 1146 diversissimarum
1315 1109 1444 1142 vincula
1471 1109 1631 1153 quaedam

160 1170 273 1203 haberi
301 1171 424 1203 soleant
450 1183 487 1204 ao
512 1172 673 1205 debeant:
705 1184 808 1216 quum
841 1172 959 1204 leviora
993 1182 1125 1215 quoque
1151 1168 1350 1201 saeculorum
1384 1166 1629 1210 praeteritorum

156 1235 389 1268 monumenta,
403 1240 486 1272 quae
505 1237 636 1261 aetatem
657 1229 800 1261 tulerunt
811 1252 821 1268 ‚
840 1228 948 1272 aliquo
964 1228 1050 1271 apud
1068 1237 1128 1258 nos
1145 1227 1178 1257 in
1196 1225 1299 1269 pretio
1315 1224 1397 1261 sint,
1417 1233 1522 1265 neque
1538 1221 1629 1253 facile

149 1294 259 1327 ‚aequo
291 1285 400 1316 animo
425 1286 583 1328 jacturam
616 1298 730 1318 eorum
761 1286 922 1329 patiamur
942 1309 950 1324 ‚
983 1283 1222 1327 irreparabilem
1252 1281 1339 1312 illam
1376 1286 1408 1311 et
1439 1278 1529 1311 nulla
1564 1285 1631 1310 arte

152 1339 444 1383 compensabilem:
474 1343 572 1385 quid,
600 1354 740 1387 quaeso,
769 1344 900 1385 majoris
926 1341 998 1374 fieri
1029 1341 1122 1373 debet
1139 1364 1148 1380 ,
1180 1348 1278 1383 quam
1303 1337 1377 1369 libri
1404 1336 1468 1374 illi,
1492 1338 1548 1379 qui
1577 1335 1631 1366 ad-

153 1396 294 1429 mirabili
318 1398 378 1429 Dei
400 1409 476 1430 cura
508 1410 544 1431 ac
572 1399 774 1443 providentia
808 1410 865 1443 per
890 1406 937 1431 tot
962 1398 1163 1430 saeculorum
1195 1396 1367 1427 decursum
1390 1393 1505 1425 servati
1533 1398 1564 1422 et
1589 1391 1629 1422 ad

155 1463 216 1485 nos
239 1453 352 1496 perlati
378 1461 472 1494 sunt,
502 1467 604 1499 quos,
635 1463 787 1499 tanquam
812 1455 1038 1487 haereditaten]
1073 1465 1090 1485 a
1117 1452 1293 1496 majoribus
1326 1449 1548 1480 remotissimis
1578 1459 1628 1479 ac·

155 1514 279 1550 ceptam
306 1512 516 1543 successionis
543 1513 616 1554 jure
644 1519 808 1549 tenemus,
833 1516 1038 1554 quorumque
1066 1509 1153 1540 haud
1182 1509 1297 1551 exigua
1327 1516 1400 1549 pars
1432 1505 1528 1535 etiam
1552 1515 1631 1536 cum-

150 1564 375 1597 ,vetustissimis
400 1568 499 1596 totius
529 1568 618 1597 orbis
644 1568 864 1597 monumentis
891 1573 996 1608 potest
1020 1563 1175 1596 conferri!

195 1621 356 1652 Auctores
384 1632 463 1652 vero
498 1632 537 1652 ex
574 1622 665 1653 omni
688 1621 856 1665 dsscipliua
884 1622 1112 1664 gravissimos,
1144 1632 1184 1652 ex
1211 1626 1524 1664 quacunque'gente
1554 1630 1630 1663 pro·

154 1671 228 1709 fecti
255 1677 338 1714 sint,
370 1678 556 1722 ingeniique
591 1679 643 1710 sui
675 1678 758 1711 fetus
787 1677 840 1710 vel
866 1679 1043 1722 posteritati
1075 1677 1287 1721 reliquerint,
1319 1677 1369 1709 vel
1397 1676 1634 1708 recentioribus

151 1734 354 1777 temporibus
383 1734 566 1775 ediderint,
598 1736 626 1767 si
653 1735 694 1767 ad
722 1745 786 1767 nos
819 1736 979 1779 pertinere
1014 1741 1190 1778 putamus,
1222 1745 1399 1777 eorumque
1431 1734 1548 1776 scripta
1579 1731 1632 1763 ad-

146 1785 309 1821 miramur
335 1797 431 1833 atque
454 1798 603 1823 tuemur:
633 1802 716 1834 quos
738 1792 901 1835 graviores
921 1803 1065 1835 unquam
1085 1791 1166 1824 vidit
1181 1802 1288 1834 genus
1305 1793 1486 1823 humanum
1501 1813 1510 1829 ,
1535 1799 1635 1833 quam·

156 1844 276 1889 quibus
308 1847 489 1890 Scripturae
522 1858 627 1880 sacrae
662 1849 853 1893 praecipuae
876 1856 981 1893 partes
1005 1848 1182 1887 debentur,
1215 1848 1273 1891 qui
1304 1847 1424 1891 singuli
1447 1846 1633 1891 aequalibus

157 1902 225 1933 suis
249 1902 385 1935 mIrifica
407 1903 509 1936 sidera
532 1906 634 1937 exorti
660 1907 815 1949 sapientia
839 1913 871 1939 et
893 1917 1003 1938 rerum
1031 1912 1191 1949 gestarum
1217 1905 1319 1947 gloria
1350 1904 1436 1948 apud
1462 1911 1507 1934 tot
1528 1909 1634 1945 poste-

161 1969 215 1991 ros
237 1959 478 2002 inclaruerunt,
501 1964 610 1996 cuncti
640 1973 717 1996 vero
745 1964 788 1996 ita
815 1963 928 1997 orbem
954 1970 1110 1996 terrarum
1138 1966 1408 2004 commoverunt,
1437 1966 1474 1992 ut
1503 1959 1633 1991 hodier-

1592 2024 1634 2047 na
