1913 2417
672 160 1059 193 ORATIO.
1580 173 1624 208 19

132 261 203 295 *dus
226 262 286 294 sibi
309 262 427 305 pariat,
459 270 526 293 non
554 258 792 302 spectantibus,
816 271 899 303 quae
932 266 1124 300 cernantur,
1148 258 1203 292 sed
1230 269 1311 303 quae
1332 270 1400 292 non
1422 265 1616 295 cernantur?

143 321 224 351 Cum
254 326 361 350 autem
394 317 481 349 solus
511 316 587 348 felix
615 327 711 347 nemo
741 322 796 347 aut
822 317 899 347 velit
924 323 977 348 aut
1003 317 1102 360 possit
1126 328 1213 356 esse,
1247 317 1293 348 illi
1319 317 1399 349 adeo
1424 318 1615 352 inflammati

136 382 221 407 sunt
240 385 346 406 amore
363 374 487 416 generis
506 373 660 412 humani,
681 373 730 415 (ο
747 384 815 404 rem
835 373 1067 416 immensaml)
1086 380 1237 417 tantoque
1254 375 1376 406 accensi
1392 375 1517 414 studio,
1540 375 1614 407 hea-

143 432 264 463 titatem
288 441 378 462 suam
404 441 479 461 cum
501 429 570 460 aliis
588 430 873 468 communicandi,
898 437 934 461 ut
957 442 997 462 ne
1017 431 1181 475 suppliciis
1207 431 1338 475 quidem
1366 442 1390 463 a·
1407 432 1537 475 negotio
1563 432 1615 463 di-

140 476 262 519 vinitus
284 485 436 518 mandato
461 476 630 518 absterreri
654 494 685 518 et
712 487 811 519 averti
838 488 1011 530 potuerint.
1057 490 1163 526 Nam,
1194 490 1254 527 (ut
1281 500 1353 520 mea
1374 488 1506 528 faciam,
1532 500 1615 533 quae

137 543 267 576 duobus
298 543 416 575 abhinc
453 543 546 575 annis
578 550 686 575 orator
723 544 860 576 eximius
892 544 931 576 de
956 544 1227 577 Reformatoribus
1255 545 1364 587 dixit)
1388 546 1469 590 quid
1494 553 1617 579 metuat

142 601 291 639 animus,
326 600 399 632 Deo
421 601 554 643 ejusque
587 601 803 644 omnipotenti
829 601 951 633 auxilio
981 595 1143 634 confisus?
1176 602 1257 646 qnid
1281 603 1390 646 cupiat
1415 603 1451 634 in
1473 613 1616 634 summa-

140 667 216 689 rum
240 664 370 696 rerum,
403 658 575 700 sapientiae
600 664 632 689 et
656 656 809 690 libertatis
844 664 877 689 et
905 659 1078 690 sanctitatis
1101 659 1321 702 possessione?
1351 658 1432 702 quid
1463 670 1531 690 non
1561 670 1617 691 au·

143 712 237 752 (leat,
266 714 464 756 optimorum
493 714 705 746 consiliorum
739 714 800 746 sibi
829 714 1000 746 conscius?
1033 714 1112 757 quid
1150 726 1217 747 non
1254 721 1439 747 contemnat
1469 726 1545 758 prae
1577 716 1616 747 iis

144 768 259 808 rebuS‚
281 780 363 813 quae
382 777 505 802 tantam
533 770 653 802 habent
682 770 895 814 dignitatem,
929 777 966 802 ut
990 782 1066 802 cum
1101 772 1249 803 maximis
1274 771 1373 814 hujus
1404 772 1487 803 vitae
1515 772 1616 804 fortu-

133 826 193 857 *nis
219 827 354 857 omnino
389 829 567 870 comparari
603 827 788 870 nequeant?
821 844 865 852 —
900 827 996 859 Illum
1031 839 1110 860 vero
1140 827 1179 859 de
1217 827 1285 859 sole
1326 827 1440 860 divino
1470 835 1615 860 sumtum

134 882 272 924 ignem,
302 884 328 914 si
362 883 562 926 rapidissima
598 883 756 915 celeritate
798 890 896 916 terras
928 891 961 916 et
989 885 1088 917 maria
1121 886 1306 929 percurrit,
1338 886 1414 928 quis
1444 884 1614 929 impediat,

129 950 222 983 quae
249 939 298 970 vis
329 939 471 970 humana
495 941 695 983 restinguat?

182 995 306 1035 Quodsi
332 996 394 1026 viri
417 995 464 1026 illi
491 996 625 1039 professi
652 1003 747 1034 sunt,
777 996 982 1038 (conditores
1009 997 1157 1030 ecclesiae
1178 998 1369 1031 christianae
1393 1009 1470 1041 prae
1501 999 1613 1029 ceteris

129 1050 262 1093 <dico‚)
288 1062 320 1082 se
339 1062 504 1083 summum
525 1060 558 1084 et
586 1060 765 1085 extremum
788 1053 913 1084 bonum
945 1062 1156 1094 consecutos,
1184 1061 1216 1086 et
1241 1054 1371 1098 perfecti
1395 1065 1504 1085 rerum
1530 1055 1618 1086 ordi·

132 1106 192 1138 -nis
225 1108 378 1138 'interiore
410 1108 520 1139 animo
554 1109 617 1141 sibi
648 1110 794 1141 conscios
821 1120 909 1150 esse,
937 1110 1107 1154 divinique
1145 1111 1278 1154 spiritus
1309 1118 1473 1154 compotes
1500 1109 1614 1149 factos,

130 1162 214 1204 quis
238 1162 417 1195 audiendus
435 1171 511 1204 est,
534 1169 592 1209 qui
616 1177 730 1199 verum
751 1176 806 1197 eos
827 1166 945 1198 dixisse
967 1167 1084 1209 neget?
1107 1167 1180 1210 quis
1202 1168 1381 1210 reperitur,
1404 1168 1462 1211 qui
1483 1167 1618 1199 demon-

138 1224 239 1249 strare
254 1221 463 1252 eontrarium(
487 1221 612 1253 valeat?
657 1223 738 1263 Quis
755 1224 870 1262 enim,
894 1230 929 1254 ut
956 1223 1095 1266 simplici
1125 1223 1273 1266 exemplo
1296 1230 1385 1261 utar,
1408 1234 1510 1267 usque
1537 1223 1617 1255 adeo

129 1273 257 1306 ,stultus
281 1281 314 1306 et
339 1285 451 1308 vecors
476 1276 538 1308 fuit
562 1284 618 1309 aut
640 1284 708 1316 est,
738 1279 796 1321 qui
823 1279 864 1310 ab
886 1290 926 1310 eo
948 1278 1025 1310 inde
1048 1286 1192 1322 tempore
1208 1303 1217 1318 ,
1249 1291 1316 1323 quo
1346 1281 1447 1323 hujus
1472 1280 1614 1314 telluris,

128 1340 237 1372 =quam
265 1330 457 1371 incolimus,
482 1332 756 1378 hemisphaerium
784 1335 979 1368 occidentale
1009 1336 1044 1367 in
1068 1338 1310 1379 Europaeorum
1335 1337 1480 1368 notitiam
1505 1332 1612 1370 venit,

130 1384 310 1429 ,praefracte
332 1395 445 1432 neget,
469 1401 537 1423 esse
565 1398 653 1423 trans
676 1394 843 1424 Oceanum
874 1398 1001 1424 vastum
1029 1392 1192 1436 quendam
1215 1400 1245 1421 et
1267 1394 1430 1431 ingentem
1456 1394 1614 1419 terrarum

132 1443 299 1474 tractum?
328 1444 386 1486 qui
417 1445 544 1478 credere
573 1449 777 1490 pertinaciter
815 1448 914 1488 nolit,
947 1449 1035 1480 nasci
1060 1448 1106 1476 ibi
1131 1445 1255 1488 plantas
1281 1452 1313 1476 et
1334 1444 1483 1476 animalia
1507 1443 1614 1475 diver·

135 1506 249 1529 sorum
278 1510 458 1542 generum,
492 1505 620 1534 tractari
654 1506 794 1536 humana
829 1504 982 1545 negotia,
1024 1502 1155 1544 reperiri
1192 1501 1288 1532 urbes
1323 1507 1355 1531 et
1387 1500 1551 1532 civitates?
1581 1504 1613 1530 et

134 1556 307 1596 propterea
329 1555 456 1587 credere
479 1558 583 1597 nolit,
607 1559 696 1601 quod
721 1561 787 1601 ipse
811 1569 881 1589 oras
910 1558 978 1589 illas
1009 1569 1077 1588 non
1103 1558 1271 1588 inviserit?
1316 1557 1396 1596 Quis
1424 1556 1531 1586 audiat
1556 1566 1612 1586 ru-

129 1607 212 1639 *dem
236 1615 267 1640 et
293 1610 461 1642 indoctum
487 1613 674 1653 hominem,
693 1614 854 1657 judicium
881 1614 943 1645 sibi
974 1620 1174 1656 arrogantem
1199 1612 1238 1644 de
1263 1613 1340 1643 viris
1361 1611 1553 1643 doctissimis
1579 1617 1610 1642 et

128 1663 384 1696 eruditissimis?
432 1667 640 1699 Verissimum
666 1676 732 1708 est,
766 1670 806 1701 de
837 1670 947 1713 legatis
976 1669 1095 1701 divinis
1121 1679 1298 1711 eorumque
1331 1667 1485 1710 dignitate
1510 1667 1610 1698 nemi·

133 1729 214 1750 -nem
242 1731 335 1763 posse
362 1728 483 1753 rectum
509 1722 590 1755 serre
617 1726 795 1767 judicium,
831 1728 895 1758 nisi
917 1727 974 1766 qui
999 1726 1066 1765 jam
1097 1723 1241 1755 imbutus
1273 1726 1315 1756 sit
1335 1724 1463 1756 coelesti
1488 1723 1611 1765 sapien-

135 1776 184 1806 tia
205 1782 236 1806 et
260 1776 415 1809 invisibili
441 1778 529 1811 sonte
554 1781 685 1813 tinctus.
729 1783 812 1811 Hinc
837 1780 887 1811 illa
917 1780 1062 1823 Apostoli
1084 1791 1164 1819 vox,
1189 1780 1352 1811 hominem
1378 1779 1439 1810 sibi
1463 1778 1611 1810 relictum

135 1836 172 1861 ‘et
201 1831 296 1862 rebus
330 1835 531 1866 terrestribus
559 1834 728 1874 deditum,
758 1836 884 1869 divinas
914 1847 965 1868 res
997 1837 1130 1867 minime
1162 1847 1294 1879 capere,
1328 1836 1395 1866 imo
1430 1846 1490 1878 pro
1516 1836 1613 1877 nugis

139 1884 278 1926 habere,
311 1898 370 1919 nec
400 1891 526 1933 assequi
561 1902 654 1934 posse
692 1892 836 1924 humano
865 1892 962 1924 modo
980 1915 989 1931 ,
1020 1903 1102 1935 quae
1133 1892 1244 1924 divino
1266 1897 1391 1924 tantum
1418 1891 1611 1923 aestimanda

141 1943 217 1974 siut.
262 1944 415 1989 Quisquis
441 1953 547 1979 autem
577 1948 734 1981 divinitus
755 1948 962 1982 collustratus
987 1948 1047 1985 sit,
1078 1958 1275 1992 quamquam
1306 1948 1345 1980 de
1369 1949 1479 1981 ceteris
1503 1948 1609 1979 omni-

505 2011 509 2015 ·
998 2004 1030 2034 C
1054 2012 1073 2036 2
1549 2002 1611 2034 bus
