1913 2417
412 98 917 132 COMMENTATIO
974 99 1332 132 BOTANICA.
1594 108 1627 138 41

112 183 245 221 pulveri,
272 191 307 214 ex
330 191 413 212 arena
440 185 471 214 in
496 191 683 221 temperatura
709 184 806 213 altiori
834 184 969 219 exeunti,
991 184 1120 221 exposita
1143 190 1232 220 sunt,
1253 183 1344 222 perire
1370 183 1502 220 soleant;
1522 182 1626 212 horum

109 235 187 265 enim
209 234 347 264 foliorum
369 244 447 264 mors
472 244 506 265 ex
528 236 684 273 impedita,
706 236 833 272 pilorum
856 235 975 266 orificiis
997 236 1116 272 pulvere
1139 236 1320 271 obstructis,
1341 235 1529 271 absorptione
1554 234 1627 264 deri-

111 287 203 316 vanda
224 286 348 315 videtur.

151 345 181 373 5.
211 337 327 374 Pubes,
351 346 424 374 quae
445 337 528 367 foliis
552 337 675 374 insidet,
699 338 860 367 obducatur
883 346 966 373 cera,
989 338 1072 373 oleo,
1099 338 1145 366 vel
1169 338 1302 373 vemice,
1330 343 1358 366 et
1381 337 1496 366 nullum
1518 336 1624 365 horum

111 387 250 418 foliorum
280 389 417 425 ponderis
447 389 654 418 incrementum
688 389 907 424 observabitur,
935 389 1018 417 etiam
1050 390 1076 417 si
1109 397 1159 424 per
1190 389 1286 424 plures
1316 389 1506 418 hebdomades
1540 395 1628 424 supra

110 447 212 476 aquam
231 439 330 476 posita
353 440 409 468 sibi
435 440 653 476 relinquantur,
684 441 735 469 sed
760 449 826 469 mox
852 440 1028 468 morientur:
1058 439 1208 476 absorptio
1228 448 1262 469 eo
1287 440 1462 477 impeditur,
1491 439 1570 476 quod
1590 438 1625 467 li-

110 490 176 522 bera
201 499 260 521 non
285 497 416 520 maneant
444 491 554 521 orificia
583 492 686 521 horum
708 500 842 521 vasorum
864 490 1092 520 absorbentium.

820 581 850 618 §-
892 588 920 617 S.

186 658 246 687 Hic
266 659 377 698 liquor,
394 665 450 697 per
462 658 543 695 folia
562 658 733 698 absorptus,
749 665 807 698 per
827 663 918 686 totum
939 663 1001 687 rete
1015 657 1191 696 plantarum
1209 657 1385 688 vasculosum
1401 664 1548 697 penetrat.

150 748 296 785 Liquores
314 749 513 784 alimentares‚
533 756 583 785 per
602 756 669 777 vasa
694 747 876 777 absorbentia
893 747 1029 776 foliorum
1049 755 1084 776 ex
1104 747 1314 784 Atmosphaera
1339 747 1478 785 haustos,
1498 757 1549 785 per
1571 755 1629 778 rete

108 798 260 837 fignosum
283 800 376 829 totius
399 800 514 836 plantae
541 799 687 835 dispergi,
709 807 792 835 seqq.
816 798 956 835 probatur
974 798 1188 835 experimentis,

155 859 182 880 1.
211 850 243 879 Si
269 849 373 879 folium
398 850 533 887 pluribus
554 850 629 878 locis
655 850 751 879 cultro
773 850 949 886 dissecetur,
971 850 1010 878 ita
1032 856 1066 879 ut
1087 851 1183 878 omnia
1207 857 1273 879 vasa
1294 849 1402 887 (quod
1424 850 1460 880 ad
1481 851 1634 881 decursum

109 902 375 940 longitudinalem)
398 901 457 931 sint
477 902 571 937 laesa,
592 902 652 930 una
670 907 782 930 tantum
806 901 895 939 hujus
920 900 989 930 folii
1012 907 1092 939 parte
1113 909 1203 938 aquae
1227 901 1386 938 imposita,
1407 908 1502 931 totum
1527 902 1631 933 folium

111 954 206 984 vivere
224 960 333 991 perget.

106 1037 117 1052 ι
152 1014 182 1034 2.
210 1004 242 1034 Si
262 1003 366 1033 folium
382 1011 515 1041 magnum
534 1004 700 1040 imponatur
714 1003 848 1039 cylindro
868 1003 952 1040 parvi
968 1003 1118 1039 diametri,
1138 1011 1212 1040 aqua
1233 1003 1361 1042 repleto,
1384 1010 1445 1033 tum
1461 1003 1541 1034 illius
1560 1012 1632 1034 mar-

109 1055 212 1093 gines,
235 1064 324 1093 supra
341 1064 444 1092 aquam
469 1063 529 1084 non
546 1055 712 1090 haerentes,
732 1054 829 1083 vivere
847 1063 899 1091 per
920 1055 1020 1091 plures
1045 1054 1105 1083 dies
1129 1061 1257 1091 pergent.

153 1115 181 1144 3.
209 1106 242 1136 Si
267 1115 355 1136 unum
373 1113 419 1136 sat
436 1115 570 1144 magnum
595 1105 698 1139 folium
719 1114 820 1135 sanum
841 1107 976 1143 plantae,
994 1114 1054 1135 non
1071 1106 1153 1135 valde
1176 1104 1317 1140 foliosae,
1340 1113 1356 1133 e
1373 1111 1445 1135 terra
1467 1105 1632 1142 desumtae,

109 1157 142 1187 in
163 1166 269 1195 aquam
295 1157 487 1195 immittatur,
514 1164 577 1188 tota
600 1159 718 1195 planta,
743 1157 967 1189 observantibus
992 1157 1042 1188 Cl.
1061 1156 1211 1187 Marione
1233 1162 1261 1186 et
1284 1156 1431 1193 Bonncto,
1453 1156 1549 1187 vivere
1571 1165 1637 1194 per-

108 1216 158 1247 get
178 1210 194 1247 (
206 1218 239 1247 27
252 1210 280 1247 ).
1627 1206 1634 1209 ⁴

150 1261 249 1289 Unum
272 1260 363 1297 igitur
394 1266 438 1290 est
465 1267 592 1298 systema
621 1270 781 1298 vasorum,
810 1262 891 1298 quod
925 1261 1025 1299 liquor
1054 1259 1187 1291 radicalis
1206 1260 1333 1298 diurno,
1361 1261 1460 1298 liquor
1487 1268 1556 1292 vero
1586 1267 1639 1297 per

108 1310 183 1343 folia
201 1312 359 1350 absorptus
379 1317 509 1350 tempore
533 1320 680 1344 nocturno
703 1318 832 1351 permeat
857 1313 960 1352 (28).

822 1403 851 1440 S.
894 1402 923 1433 6.

540 1478 622 1508 Haec
634 1479 779 1516 fhliorum
799 1479 945 1517 absorptio
965 1485 1007 1507 est
1025 1484 1193 1518 spontanea.

148 1556 439 1591 Demonstravimus,
463 1555 534 1585 folia
554 1555 640 1584 fluida
663 1555 838 1593 gasformia,
867 1562 997 1592 tempore
1017 1562 1182 1591 nocturno,
1212 1562 1264 1591 per
1284 1561 1352 1583 vasa
1377 1551 1581 1587 absorbentia,
1605 1551 1635 1581 in

116 1608 309 1647 plurimorum
331 1606 469 1637 foliorum
493 1606 569 1636 facie
593 1606 723 1635 inferiori
744 1606 933 1642 invenienda,
954 1615 988 1635 ex
1007 1606 1219 1642 Atmosphaera
1240 1604 1411 1640 absorbere,
1433 1612 1522 1640 eaque
1543 1604 1573 1632 in
1588 1602 1641 1631 reti

114 1660 279 1699 plantarum
300 1659 456 1689 vasculoso
476 1659 617 1695 deponere
645 1658 740 1696 (dum
760 1666 824 1694 seq.
850 1658 946 1695 capite
976 1656 1161 1692 videbimus,
1190 1656 1260 1693 quid
1288 1654 1412 1684 ulterius
1438 1655 1474 1684 de
1505 1654 1585 1683 hisce
1604 1652 1640 1680 li-

1568 1710 1641 1739 quo-

144 1792 212 1821 (²7)
234 1791 371 1820 Sennebn'er,
393 1792 456 1815 Tom.
470 1792 508 1814 lv.
530 1797 579 1819 pag.
594 1797 631 1817 so.

147 1833 214 1860 (ιι)
235 1834 288 1855 Hoc
307 1832 359 1854 satis
381 1834 480 1860 probant
499 1839 562 1860 seqq.
583 1833 755 1861 experimentn
784 1839 805 1858 ι.
819 1832 889 1861 vigor
907 1834 1032 1862 plantarum
1049 1830 1203 1860 languidum-
1219 1830 1364 1856 restituitur.
1388 1834 1468 1856 negato
1488 1827 1515 1850 iis
1534 1827 1638 1850 alimento

118 1873 229 1902 ndicnii,
250 1874 269 1895 si
287 1879 364 1895 earum
383 1873 437 1895 folia
458 1880 499 1901 per
518 1880 608 1896 noctem
631 1873 653 1896 in
674 1881 754 1902 aquam
773 1875 929 1898 immittantur.
960 1881 981 1898 2.
996 1876 1071 1898 Planta
1100 1879 1214 1900 sumatur,
1236 1869 1300 1898 cuim
1325 1871 1390 1894 radix
1416 1870 1439 1891 in
1456 1875 1535 1897 aquam
1561 1873 1641 1890 coeru-

120 1916 195 1942 leam,
220 1914 276 1937 solla
294 1913 317 1936 in
336 1914 444 1942 liquorem
463 1914 523 1937 flavo
550 1917 628 1937 colore
648 1916 751 1938 indutum
775 1917 938 1945 immituntur,
961 1922 985 1939 et
1001 1916 1115 1943 liquorem
1135 1919 1255 1941 utrumque
1279 1918 1348 1935 unum
1372 1917 1466 1940 systema
1491 1914 1632 1938 percurrere,

119 1957 211 1978 undem
232 1955 338 1984 misceri,
357 1961 380 1978 et
397 1961 426 1979 ex
446 1957 491 1981 hoc
509 1956 623 1985 liquorum
644 1963 749 1982 contactu
767 1963 846 1985 aquam
866 1957 964 1981 viridem
982 1957 1052 1985 oriri,
1075 1955 1173 1980 dissecta
1190 1956 1266 1985 planta
1287 1953 1383 1984 patebit.

904 1999 928 2029 F
