1913 2417
291 180 333 216 18
686 179 1365 220 Ῑ.ὐιΟΕῙ,1)Ε1ἴ,

287 276 376 308 hunc
406 277 521 308 Virum
552 280 666 306 terram
703 275 825 305 moveri
861 273 1032 311 docuisse;
1065 272 1120 304 sed
1156 279 1380 315 argumentum
1418 272 1459 304 ad
1488 272 1523 305 id*
1551 273 1765 316 probandum

287 332 393 363 hausit
423 343 440 363 e
461 331 628 374 dogmate,
657 332 831 362 universim
859 329 1018 367 admisso,
1043 329 1130 372 quod
1150 331 1232 372 ignis
1256 330 1404 360 omnium
1431 329 1664 362 elementorum
1689 344 1764 376 per-

288 389 494 421 fectissimum
532 388 572 418 sit
608 387 802 418 habendum.
855 388 960 426 Quam
991 396 1104 428 parum
1138 386 1262 417 licuerit
1293 387 1332 418 de
1355 385 1404 416 his
1433 387 1528 418 saeris
1559 386 1766 430 dogmatibus

287 445 338 477 vel
376 443 612 487 aliquantulum
649 442 842 481 deflectere,
883 442 980 473 tristis
1023 442 1075 472 illa
1110 453 1312 474 socnam-is
1356 443 1538 482 accusat-io,
1571 445 1669 475 tristis
1694 445 1769 487 ejus

287 512 374 533 mors
397 499 646 532 luculentissime
678 499 800 541 probat.
855 499 941 531 Haec
973 499 1101 529 interim
1133 499 1282 541 dogmata
1316 509 1355 530 eo
1388 498 1616 541 periculosiora
1643 499 1766 532 haben·

287 557 326 588 da
357 563 448 594 sunt,
472 565 540 599 quo
575 556 676 597 magis
715 556 827 598 populi
859 556 899 587 ad
925 566 961 586 ea
984 554 1218 598 propendeant3
1246 561 1278 585 et
1308 561 1468 597 quantum
1504 566 1629 599 semper
1653 557 1692 588 ad
1727 567 1767 589 ea

286 613 470 650 inclinent,
508 622 525 642 e
557 611 666 642 multis
703 612 935 654 Prophetarum
987 622 1151 642 sacrorum
1190 611 1225 641 in
1272 611 1408 642 Judaeos
1458 612 1768 655 reprehensionibus

286 668 435 710 cognosci
465 674 578 710 potest.
623 667 778 700 Videmus
801 679 946 711 quoque,
969 680 1009 699 ex
1038 678 1250 699 caninam
1277 668 1365 707 vita,
1388 675 1586 711 quantopere
1607 669 1769 702 Christia-

284 725 340 762 ni,
363 724 483 766 egregii
508 724 604 766 hujus
638 725 699 755 viri
732 731 899 767 tempore,
932 726 972 755 iis
998 724 1114 755 imbuti
1152 724 1282 755 fuerint.
1335 726 1378 754 Ea
1403 727 1512 755 omnia
1541 726 1568 756 si
1596 725 1770 758 nobiscum

284 780 541 824 perpendamus,
566 787 649 811 certe
676 792 742 812 non
776 772 983 819 mirabimur,
1015 781 1180 812 hominem
1196 805 1205 820 ,
1238 780 1310 811 licet
1336 781 1461 823 egregia
1488 781 1604 812 auxilia
1634 781 1674 813 ad
1701 793 1771 814 ma·

284 847 365 869 num
396 836 588 874 habentem,
620 836 677 868 ubi
708 844 825 880 captus
854 838 895 868 sit
922 838 1057 880 caligine
1083 848 1177 869 coeca
1199 843 1230 868 et
1263 837 1450 868 auctoritate
1477 838 1769 882 praejudiciorum,

285 892 397 926 iisdem
426 893 606 925 nullatenus
636 895 684 925 uti
713 894 840 926 audere.

328 952 447 981 Forsan
476 951 685 993 rogaveritis,
718 950 888 982 Auditores
919 950 1169 983 Humanissimi!
1206 957 1314 982 utrum
1345 951 1505 982 humanae
1537 949 1771 993 intelligentiae⁴

283 1005 445 1038 facultates
468 1007 534 1049 jam
559 1008 601 1038 ita
625 1014 733 1038 auctae
766 1009 851 1046 sint,
881 1015 917 1039 ut
948 1009 1139 1039 recentiores
1170 1007 1294 1039 facilius
1325 1014 1433 1038 tantas.
1462 1019 1511 1038 res
1538 1007 1683 1049 detegere
1707 1018 1769 1051 po·

284 1063 445 1094 tuissent?
484 1063 621 1094 Nullum·
656 1071 701 1095 est
728 1064 887 1102 dubium,
916 1065 1072 1106 majorem
1111 1065 1235 1106 ingenii
1270 1073 1433 1106 ungerem,
1465 1064 1653 1095 validiorem
1686 1065 1767 1096 ima·

282 1119 456 1163 ginationis
497 1120 565 1151 vim
597 1121 741 1163 antiquis
768 1130 835 1151 esse
869 1120 1073 1151 tribuendam
1090 1132 1105 1159 ·‚
1147 1122 1259 1151 Graeci
1294 1123 1381 1150 enim
1423 1127 1453 1150 et
1488 1121 1624 1151 Romani
1663 1127 1768 1153 artem

283 1182 440 1218 poeticam
465 1182 497 1207 et
518 1177 689 1208 oratori-am
717 1183 779 1207 tam
806 1177 945 1219 graviter
977 1177 1166 1215 coluerunt,
1189 1187 1307 1219 easque
1327 1176 1370 1207 ad·
1389 1175 1425 1206 id·
1445 1175 1647 1218 perfectiouis
1673 1177 1766 1210 fasti*

283 1231 374 1274 glum
409 1239 658 1275 promoverunt,
687 1239 723 1264 ut
759 1243 814 1264 eos
846 1232 899 1264 hic
937 1234 1110 1275 magistros>
1139 1243 1375 1274 agnoscamus;
1405 1232 1586 1274 sculpturae
1613 1234 1769 1276 insuper,

283 1289 442 1332 picturae,
468 1300 526 1320 nec
549 1300 617 1320 non
642 1289 870 1320 architecturae
901 1296 982 1320 artes
1011 1288 1197 1320 felicissime·
1219 1289 1291 1320 illos
1327 1290 1530 1326 exercuisse,
1563 1299 1604 1319 ex.
1637 1291 1759 1322 itineri-

283 1344 361 1384 bus,
384 1356 466 1388 quae
498 1348 632 1376 Romam
662 1345 776 1377 harum
808 1348 924 1377 artium
953 1345 1087 1377 studiosi
1113 1345 1297 1385 frequenter
1327 1347 1526 1383 suscipiunt,
1555 1346 1631 1376 satis
1647 1357 1766 1390 super·

283 1412 347 1444 que
380 1402 547 1444 probatur.
600 1403 705 1434 Causa
734 1403 832 1445 igitur
862 1401 1094 1434 emendationis
1127 1403 1219 1434 nullo
1248 1402 1344 1434 modo
1366 1404 1399 1433 iu
1434 1401 1620 1433 facultatum
1650 1402 1768 1436 huma·

282 1467 344 1489 nae
379 1458 606 1501 intelligentiae
636 1460 812 1490 mutatione
847 1458 1026 1501 quaerenda
1058 1466 1126 1490 est:
1156 1462 1181 1490 si
1220 1461 1307 1491 enim
1339 1459 1389 1490 vel
1413 1458 1676 1497 concederemus,
1701 1460 1764 1492 hu·

284 1523 397 1544 manae
427 1514 654 1556 intelligentiae
687 1516 750 1545 vim
789 1514 828 1545 ab
863 1516 1005 1558 antiquis
1037 1515 1237 1558 temporibus
1275 1517 1374 1557 magis
1410 1517 1574 1558 magisque
1606 1517 1765 1556 crevisse..

285 1570 488 1601 scientiarum
522 1576 629 1601 tamen
664 1572 825 1609 Historia,
864 1572 1097 1602 accuratissime
1123 1572 1286 1609 consulta,
1312 1583 1372 1602 uos
1398 1572 1490 1603 docet
1515 1571 1674 1614 nobisque
1692 1582 1766 1616 pero

283 1625 412 1662 suadet,
438 1626 609 1658 feliciorem
634 1638 740 1659 rerum
765 1630 982 1670 coguitionem
1011 1628 1087 1659 huic
1115 1629 1173 1658 uni
1196 1639 1265 1658 esse
1294 1627 1528 1658 attribuendam
1545 1651 1554 1665 ,
1586 1628 1675 1670 quod
1702 1628 1763 1660 ho·

287 1682 390 1712 mines
416 1683 647 1714 recentioribus
670 1684 867 1727 temporibus
897 1686 997 1726 magis
1029 1691 1174 1715 naturam
1202 1694 1300 1726 quam
1337 1691 1544 1726 antiquorum
1573 1683 1762 1725 dogmatum

288 1734 463 1768 doctrinam
498 1739 741 1772 consuluerint.
774 1747 870 1782 atque
902 1751 953 1770 res
984 1741 1084 1783 magis
1119 1743 1198 1771 seria
1223 1747 1329 1771 mente
1356 1740 1556 1772 considerare
1581 1740 1765 1782 coeperintg

286 1801 353 1833 quo
384 1792 500 1823 facturn
529 1802 593 1832 est,
623 1803 658 1826 ut
687 1799 719 1827 iu
754 1797 938 1839 primarias,
968 1807 1046 1839 quas
1073 1800 1139 1839 jam
1166 1808 1261 1839 supra
1291 1796 1560 1832 commemoravi,
1591 1797 1765 1834 notiones,

288 1846 383 1878 altius
408 1849 643 1883 atlscenderint.
670 1859 764 1895 atque
793 1864 849 1896 per
870 1863 940 1884 eam
968 1864 1050 1883 Viam
1075 1856 1225 1896 antiquae
1263 1853 1404 1884 methodi
1431 1851 1678 1894 philosophandi
1704 1852 1762 1883 de·

289 1901 442 1935 bilitatem
468 1907 770 1946 animadverterint,
803 1920 860 1940 nec
887 1919 954 1940 uon
989 1911 1114 1952 penitus
1140 1910 1378 1953 perspexerint,
1406 1919 1487 1951 quae
1509 1908 1549 1939 de
1576 1909 1646 1939 Diis
1666 1914 1768 1950 atque·

289 1958 330 1992 de
361 1961 476 1994 muudi
504 1954 626 2007 origiue
651 1971 759 1997 extent
786 1965 938 2009 dogmata
958 1989 975 2008 ‚t
998 1965 1076 1999 falsa
1110 1977 1190 2000 esse.
1239 1966 1413 1999 Historiam
1445 1966 1473 1997 si
1502 1965 1639 2009 legimus
1672 1963 1761 1995 vide·

1670 2029 1767 2064 mus¹
