1913 2417
305 179 346 220 αι
729 179 770 212 c.
827 179 866 209 Η.
919 177 1347 217 EBERSBACn,

301 281 420 315 nostris
451 279 646 316 abhorrent,
675 285 712 310 ut
739 279 893 310 >interiore
926 284 1050 309 tanturn
1086 279 1186 310 animi
1218 278 1404 311 adversione
1440 283 1473 309 et
1503 275 1775 321 contemplatione

302 337 526 381 quadantenus
552 335 849 378 conungipossint.
895 335 958 365 Ubi
974 335 1061 366 enim
1088 336 1224 368 intuitus
1248 337 1385 370 desiuit,
1420 335 1464 366 ibi
1501 334 1677 378 speculatio
1701 335 1779 366 inci·

302 398 372 439 pit3
404 404 485 437 quae
516 392 610 424 semel
643 393 774 423 excitata
805 402 865 422 nos
893 399 1047 435 perpetuo
1069 393 1197 435 instigat
1225 393 1265 424 act
1292 391 1560 436 progrediendum
1591 397 1622 422 et
1651 397 1776 422 teutan-

301 451 406 489 dwn,
442 449 521 492 quid
552 450 667 479 mentis
700 449 857 480 humanae
892 449 974 479 acies
1002 449 1034 480 in
1063 449 1245 492 indagando
1275 460 1331 487 eo,
1363 448 1452 492 quod
1483 457 1594 479 sensus
1624 454 1776 478 externus

303 519 371 540 non
401 506 596 547 assequitur,
631 511 786 548 praestare
811 504 930 543 valeat,
956 505 1034 548 quid
1061 512 1191 537 recuset.
1239 506 1288 538 Ad
1308 508 1388 538 hanc
1413 504 1661 549 speculationem
1683 513 1774 546 prae·

303 564 397 606 cipue
425 561 605 603 Theologus
637 562 830 605 impellitur,
859 562 1013 605 quoniam
1038 561 1077 593 ad
1103 563 1266 604 religionis
1293 562 1445 593 naturalis
1467 561 1590 603 objecta
1615 559 1695 591 fides
1720 570 1773 591 rea

304 618 457 651 velationi
489 617 657 649 tribuenda
689 618 818 650 accedit.
863 620 900 649 In
925 618 1020 649 rebus
1045 625 1151 650 autem
1178 629 1305 650 sensum
1329 617 1555 649 excedentibus
1577 623 1608 647 et
1632 615 1698 647 sola
1720 616 1772 646 in·

304 682 393 707 terna
420 674 605 707 adversione
625 676 724 706 animi
745 675 976 719 cognoscendis
1001 675 1159 706 humanae
1191 681 1322 706 naturae
1348 682 1432 706 certe
1449 672 1579 717 quidam
1598 671 1680 703 fines
1702 677 1779 703 sunt

305 732 490 769 constituti,
513 743 595 775 quos
620 733 647 763 si
673 734 807 764 transire
831 738 987 767 conatur,
1010 731 1158 763 facillime
1181 732 1221 763 ad
1246 732 1357 763 stultas
1380 732 1569 774 opiniones,
1594 744 1644 764 res
1665 733 1777 765 inanes

305 799 343 821 ac
379 799 481 832 nugas
515 788 681 821 delabitur.
745 791 946 832 Quamquam
985 795 1091 819 autem
1119 788 1283 832 exempla,
1316 795 1352 820 ut
1390 789 1561 831 proverbio
1585 796 1681 827 utar,
1705 796 1782 821 sunt

307 845 438 882 odiosa,
469 852 574 877 tamen
608 853 696 878 tanto
718 857 855 878 numero
881 846 1107 889 reperiuntur,
1139 851 1175 876 ut
1202 855 1267 876 non
1293 846 1453 888 possimus
1475 857 1543 878 non
1571 857 1607 878 ea
1635 846 1780 878 observa·

306 914 353 936 re.
398 904 515 935 Nonne
548 902 649 933 multa
677 913 695 933 a
717 902 887 945 Tlieologis
912 903 1043 933 inventa
1071 913 1107 933 ac
1136 903 1307 933 constituta
1332 901 1479 944 dogmata
1503 902 1602 945 huJus
1619 903 1665 934 rei
1694 903 1780 939 testis

306 960 456 992 monium
492 958 691 1002 perhibent?
728 960 844 990 Nonne
883 958 1014 990 historia
1045 959 1252 991 ecclesiastica
1283 958 1450 1002 perspicue
1488 958 1576 990 illam
1611 970 1779 991 commen·

307 1016 411 1048 strat?
456 1016 573 1047 Nonne
603 1022 667 1046 tam
697 1014 874 1046 multorum
905 1015 1092 1057 dogmatum
1118 1015 1373 1058 theologicorum
1403 1016 1636 1052 inconstantia,
1670 1027 1782 1048 nonne

305 1072 384 1104 varii
410 1077 557 1109 conatus,
579 1081 633 1109 ea,
656 1081 737 1113 quae
770 1071 931 1113 Scriptura
958 1082 1044 1102 sacra
1075 1071 1115 1102 de
1148 1070 1344 1114 quibusdam
1370 1070 1537 1103 altioribus
1560 1072 1693 1114 objectis
1723 1072 1781 1104 do·

308 1134 377 1165 cet,
409 1127 590 1170 exponendi
614 1134 710 1170 atque
733 1126 951 1171 explanandi,
982 1138 1093 1158 nonne
1127 1127 1223 1158 etiam
1254 1127 1469 1170 mysticismus
1505 1128 1607 1160 nostri
1628 1130 1781 1172 temporis

308 1195 345 1216 ac
379 1185 546 1228 pietismus
591 1185 765 1227 superioris
803 1185 913 1216 aetatis
952 1184 1055 1215 tristia
1086 1183 1201 1215 harum
1234 1196 1342 1216 rerum
1382 1192 1570 1226 argumenta
1604 1186 1780 1229 praebent?

308 1241 423 1272 Tristia
454 1239 552 1278 dico,
585 1242 740 1283 quoniam
773 1252 906 1280 omnes,
937 1242 995 1284 qui
1025 1242 1268 1284 supervacaneis
1295 1241 1467 1273 adhaerent
1500 1242 1778 1281 meditationibus,

308 1304 343 1329 et
369 1298 486 1329 mentis
509 1307 585 1328 suae
614 1297 731 1329 limites
765 1297 873 1341 egredi
898 1297 1031 1337 volunt,
1061 1309 1129 1329 non
1157 1298 1264 1329 minus
1290 1297 1351 1329 sibi
1377 1299 1459 1340 ipsi,
1491 1310 1589 1341 quam
1614 1299 1705 1338 aliis,
1729 1298 1778 1330 id·

310 1365 375 1398 que
394 1363 492 1397 quam
523 1353 703 1386 diutissime
734 1361 861 1386 nocent.
907 1356 1048 1387 Animus
1077 1354 1238 1386 humanus
1267 1354 1300 1385 in
1329 1365 1470 1385 errorem
1497 1354 1642 1392 ducitur;
1666 1354 1780 1386 stulta.

311 1421 386 1443 rum
410 1410 602 1454 opinionum
627 1411 718 1454 copia
742 1412 855 1443 crescit
881 1419 913 1444 et
941 1418 1066 1444 tantum
1093 1411 1198 1449 abest,
1221 1416 1256 1441 ut
1283 1410 1318 1441 in
1343 1412 1485 1442 veritatis
1509 1412 1560 1443 via
1591 1413 1692 1454 magis
1713 1422 1780 1442 ma-

313 1468 424 1510 gisque
448 1466 652 1511 proficiatur,
679 1475 714 1498 ut
744 1469 853 1511 potius
879 1469 914 1500 in
946 1468 1052 1500 stultis
1074 1467 1283 1510 opinionibus
1316 1466 1510 1505 refutandis,
1534 1468 1698 1500 erroribus
1717 1466 1779 1498 tol·

311 1523 433 1561 lendis,
465 1531 497 1555 et
531 1523 787 1556 dubitationibus
812 1524 976 1556 solvendis
1005 1525 1170 1567 occupati,
1201 1524 1228 1554 si
1258 1534 1324 1554 non
1352 1524 1536 1555 recedamus
1553 1548 1563 1564 ,
1595 1531 1680 1556 certe
1704 1524 1780 1556 reti·

312 1591 456 1611 neamur.
500 1581 581 1611 Nam
603 1581 630 1611 si
657 1579 822 1612 historiam
844 1581 1060 1619 consulimus,
1089 1587 1120 1611 et
1148 1591 1186 1610 ex
1218 1591 1254 1610 ea
1284 1581 1487 1622 quaerimus,
1519 1580 1651 1623 quando
1673 1580 1779 1612 Theo-

312 1636 397 1679 logia
421 1638 558 1668 maxime
588 1638 622 1667 in
648 1636 835 1680 polemicam
865 1637 1121 1680 degeneraverit,
1156 1635 1286 1679 quaudo
1311 1636 1474 1667 funestum
1507 1636 1609 1675 illud,
1637 1636 1717 1668 alios
1745 1637 1779 1668 in

314 1691 544 1723 haereticorum
573 1704 746 1724 numerum
782 1692 960 1732 referendi,
992 1701 1046 1724 aut
1077 1693 1289 1736 persequendi
1321 1692 1463 1723 studium
1499 1694 1637 1724 maxime
1669 1692 1776 1723 locum

315 1748 463 1779 habuerit
478 1772 486 1785 ,
517 1748 648 1791 quando
681 1748 808 1792 stupida
840 1750 968 1792 ingenia
993 1750 1242 1793 imperaverint,
1275 1748 1445 1791 respondet
1469 1747 1580 1786 nobis,
1602 1747 1721 1779 fictum
1745 1746 1779 1779 id

312 1815 400 1841 esse,
431 1815 506 1835 cum
540 1804 713 1847 'l'beologia
743 1806 779 1836 in
811 1807 946 1838 otiosam
982 1805 1232 1850 speculationem
1266 1812 1298 1836 et
1323 1804 1452 1837 frivolas
1479 1805 1618 1847 argutias
1641 1803 1776 1847 degene-

312 1861 438 1893 raveriL

361 1919 448 1947 Hanc
479 1916 575 1957 igitur
605 1927 732 1956 rerum,
766 1929 877 1951 sensus
908 1925 1035 1951 nostros
1066 1920 1304 1963 superantium,
1335 1916 1638 1960 contemplationem
1666 1915 1775 1948 mode·

316 1979 429 2012 ratur,
459 1972 551 2015 eique
580 1974 731 2004 terminos
758 1977 923 2008 constituit
955 1975 1099 2008 doctrina
1123 1987 1260 2009 morum.
1306 1978 1353 2009 Ea
1389 1976 1475 2007 euim
1507 1971 1786 2017 quemadmodum

1715 2027 1786 2060 aliis
