1913 2417
603 145 940 178 ANDREAE
1010 150 1195 180 Boi-NH.
1589 159 1630 184 21

156 241 370 284 diligentiam,
395 256 430 265 -
469 245 631 283 quotquot
663 239 825 271 doctrinas
857 241 959 271 varias
995 248 1026 272 et
1061 248 1142 273 artes
1173 240 1310 273 colimus
1328 265 1336 281 ,
1367 252 1478 273 earum
1504 243 1538 274 in
1567 243 1624 275 illo

155 299 391 341 praestantiam,
419 313 463 321 —
493 302 655 339 quotquot
677 296 762 327 cives
792 298 889 328 unius
917 298 1000 329 vitae
1018 299 1175 329 societatis
1201 309 1333 336 sumus,
1358 300 1618 341 temperantiam,

156 365 297 386 amorem
322 354 453 397 patriae,
477 352 753 391 benevolentiam,
778 371 823 378 —
853 361 1015 397 quotquot
1041 354 1204 386 literarum
1234 354 1348 386 studiis
1385 356 1623 393 incumbimus,

155 412 369 444 assiduitatem
399 410 632 442 exercitationis
666 416 698 441 et
723 409 870 442 laborum
902 413 972 453 ejus
1005 412 1270 451 reminiscamur,
1291 411 1527 455 praedicemus,
1551 413 1624 443 imi·

154 477 269 501 temur.

197 528 281 564 Vos,
314 527 438 557 animae
472 536 576 556 noim*
592 535 624 556 11
656 535 785 565 maneS,
819 526 844 556 si
875 525 963 557 velut
997 525 1151 568 fulgentia
1192 524 1270 556 caeli
1301 524 1449 564 lumina,
1483 535 1537 568 per
1573 523 1630 556 has

152 593 224 613 oras
254 590 426 625 vagantes,
461 593 518 614 vos
550 582 719 624 imaginari
754 589 784 614 et
815 583 881 625 jam
919 583 1069 627 invocare
1100 581 1195 613 nobis
1229 581 1342 619 liceat,
1371 592 1453 618 vos,
1486 582 1544 623 qui
1575 580 1626 613 vel

153 640 309 682 sanguine
335 641 365 671 ei
389 638 439 671 vel
467 638 622 669 affinitate
645 639 805 681 proximi,
837 640 940 670 tristes
969 639 1100 681 quidem
1132 644 1163 669 et
1196 638 1362 680 lugentes,
1391 638 1446 669 sed
1471 639 1628 669 virtutum

154 702 261 726 tamen
288 697 358 728 Viri
386 695 605 727 recordatione
638 694 794 725 sublevati
821 695 873 726 hic
905 695 1039 733 adestis;
1063 705 1139 734 vos,
1164 705 1303 737 quaeso,
1327 694 1499 736 ignoscatis
1528 694 1628 732 mihi,

153 753 180 783 si
204 752 254 783 vel
279 754 312 783 in
331 751 467 783 dicendo
493 761 652 782 summam
679 762 787 782 rerum
812 751 988 783 ubertatem
1009 762 1079 783 mea
1106 751 1280 782 verborum
1307 751 1482 787 tenuitate,
1507 749 1558 781 vel
1591 751 1625 780 in

153 808 367 839 aestumandis
393 808 462 839 Viri
484 807 625 846 meritis,
649 807 792 838 infinitas
819 807 928 839 laudes
954 809 1024 851 ejus
1051 818 1120 839 mea
1155 806 1371 840 imbecillitate
1397 807 1519 850 ingenii
1540 805 1629 838 haud

153 865 228 894 satis
252 864 360 896 videar
382 863 546 895 assentiri!

195 922 254 957 Te,
291 932 402 953 nrum
434 931 631 952 OPTIMUM
662 931 894 960 minumum,
926 933 1034 953 rerum
1060 921 1209 953 omnium
1237 919 1471 951 moderatorem
1500 920 1627 962 sapien·

154 976 335 1015 tissimum,
368 984 404 1008 ut
428 978 568 1015 Patriae,
599 978 701 1020 Regi,
730 978 879 1018 Civitati,
910 985 979 1010 tum
1016 979 1185 1012 Athenaeo
1220 983 1331 1008 nostro
1363 976 1497 1019 ejusque
1530 978 1628 1007 Cura-

153 1033 297 1071 toribus,
329 1032 564 1065 Professorihus
600 1041 696 1076 atque
730 1034 910 1073 Alnmuis,
943 1042 1013 1066 turn
1046 1034 1141 1065 nobis
1168 1034 1291 1065 cunctis
1324 1032 1489 1074 claraeque
1521 1031 1628 1062 homi·

155 1098 237 1120 num
262 1089 486 1122 defunctorum
509 1091 680 1122 memoriae
709 1089 791 1122 bene
818 1090 943 1132 faveas,
968 1100 1120 1130 oramus,
1145 1100 1331 1133 precamur,
1355 1087 1581 1132 supplicamus.
