1913 2417
300 180 688 215 COMMENTATIO
715 188 766 212 An
795 177 1176 218 QUAESTIONEM
1202 177 1496 217 JURIDICAM.
1615 185 1659 219 ἴς

122 268 207 297 rebus
234 265 361 303 privari,
384 273 455 301 quas
480 264 508 293 in
526 264 624 300 primis
648 263 834 299 appetebant.
880 261 986 298 Neque
1001 271 1054 291 nos
1073 269 1189 297 movet,
1212 263 1291 298 quod
1315 262 1378 297 sic,
1403 262 1487 291 rebus
1508 262 1645 292 heredita-

120 318 170 348 riis
195 318 317 353 evictis,
351 316 561 353 gravissimum,
581 315 713 343 damnum
739 313 767 341 in
791 312 956 341 coheredem
982 313 1138 342 redundare
1152 318 1277 354 potest:
1300 313 1391 349 probe
1415 313 1490 342 enim
1516 313 1640 342 animad-

121 370 287 399 vertendum
312 374 377 402 est,
395 368 562 402 actionem,
582 374 653 401 quae
676 366 724 394 hic
748 366 937 402 instituatur,
960 356 1022 396 esse
1044 367 1213 404 petitionem
1244 367 1427 403 hereditatis,
1459 368 1585 404 adeoque
1604 376 1647 397 eo·

119 421 250 456 tendere,
271 426 304 448 ut
331 427 429 448 omnes
456 427 500 447 res
522 417 709 446 hereditariae
727 418 939 453 restituantur,
960 427 1053 454 neque
1076 425 1199 447 actorem
1229 418 1417 447 intentionem
1439 426 1518 446 suam
1545 418 1638 447 metiri

120 480 155 501 ex
175 480 235 507 eo,
252 471 332 506 quod
348 469 514 505 possessori
541 468 701 504 conducit,
724 469 774 497 sed
800 477 834 498 ex
855 469 939 506 jure,
961 469 1040 505 quod
1063 469 1158 503 habet,
1199 469 1290 498 Porro
1310 470 1377 507 Jpre
1398 470 1537 498 hodierno
1558 470 1639 498 here-

125 523 222 553 ditatis
247 521 410 558 possessori
444 529 477 549 eo
502 521 572 549 satis
596 527 712 549 cautum
751 521 889 556 videtur,
919 521 998 557 quod
1026 529 1124 549 omnes
1157 520 1273 548 fructus
1303 520 1378 548 bona
1407 520 1462 548 fide
1491 527 1643 557 perceptos

121 582 193 604 suos
218 573 310 608 facit,
343 578 405 602 art.
432 572 501 607 138..
537 571 688 607 Denique,
711 580 781 600 cum
810 573 929 601 coheres
962 573 1053 608 probe
1085 573 1178 607 sciat,
1208 580 1238 599 se
1267 572 1330 608 jure
1352 572 1506 600 admodum
1534 571 1651 601 incerto-

125 625 244 662 gaudere
268 625 298 653 in
320 624 479 653 deficientis
504 624 686 660 portionem,
709 623 846 660 babebit,
877 624 955 660 quod
975 624 1032 652 sibi
1057 623 1200 659 imputet,
1227 622 1252 651 si
1280 630 1371 650 rernm
1393 622 1562 652 alienatione
1584 632 1644 652 non

118 675 308 711 abstinuerit,
331 682 359 703 et
379 674 464 703 rebus
491 674 592 703 evictis
617 675 745 710 querenti
773 676 882 712 optime
905 684 971 703 curn
997 674 1073 712 Imp.
1096 674 1292 711 Justiniano.‚
1317 675 1346 702 in
1372 674 1391 703 l.
1411 683 1439 711 3.
1472 676 1505 711 ἓ.,
1520 683 1547 711 3.
1573 675 1642 705 Cod.

119 728 226 757 comm.
247 726 281 755 de
304 725 381 764 Lag.
410 726 595 762 respondebit
618 727 732 755 Absens
757 734 856 763 postea
879 735 1029 762 reversus,
1056 732 1104 754 aut
1128 725 1178 761 qui
1201 725 1230 753 in
1257 726 1318 762 eius
1340 726 1431 753 vicem
1460 726 1640 754 succedunt:

125 798 144 814 ,,
165 777 269 806 melius
296 778 409 813 quidem
439 777 582 812 fecisses,
616 777 640 806 si
662 777 696 806 ab
721 778 798 806 omni
827 777 993 807 venditione
1016 778 1160 811 cavisses,
1183 785 1218 805 ne
1242 782 1269 805 te
1297 776 1478 813 gravioribus
1504 777 1640 805 oneribus

123 847 143 864 „
163 826 316 856 evictionis
345 829 463 856 nomine
491 836 691 864 supponeres;
719 836 785 856 cum
811 837 879 857 vero
910 828 1042 857 avaritiae
1065 828 1202 863 cupidine
1232 834 1352 863 propter
1374 826 1515 855 incertum
1548 835 1641 854 rerum

122 898 144 915 „
163 884 298 907 eventum
327 879 363 907 ad
387 878 578 907 venditionem
606 879 802 916 prosilueris,
831 881 904 909 scire
931 886 959 908 te
985 885 1118 916 oportet,
1148 879 1182 908 ab
1214 879 1300 908 initio
1322 886 1452 907 caussam
1475 879 1505 908 in
1529 879 1642 909 irritum

118 949 139 967 „
160 928 339 959 devocarifl'*

159 983 287 1011 Fructus
312 981 402 1018 igitur
422 980 533 1009 interim
557 988 572 1009 e
596 981 682 1010 rebus
706 981 884 1011 hereditariis
908 988 1079 1018 perceptos,
1107 981 1130 1009 si
1158 981 1221 1010 scil'.
1253 989 1303 1009 eos
1329 981 1403 1010 bona
1429 981 1484 1010 fide
1507 990 1641 1018 percepe-

117 1033 157 1062 rit
177 1033 343 1062 hereditatis
366 1041 539 1069 possessor,
560 1033 696 1068 quamdiu
718 1033 835 1062 Absens
859 1042 918 1062 non
940 1033 1111 1068 revertitur,
1130 1038 1179 1061 aut
1203 1032 1318 1061 nomine
1339 1032 1477 1063 Absentis
1505 1033 1635 1062 actiones

117 1091 178 1113 non
201 1083 415 1120 instituuntur,
445 1084 595 1112 restituere
625 1094 685 1113 non
714 1086 848 1121 cogitur,
876 1086 927 1114 sed
949 1092 1047 1112 omnes
1071 1092 1143 1112 suos
1167 1084 1259 1119 facit,
1292 1083 1321 1113 d.
1349 1090 1410 1113 art.
1438 1084 1525 1121 138.;
1554 1084 1640 1113 verba

115 1141 228 1164 autem:
251 1137 381 1163 exercdes
402 1134 437 1162 dc
460 1143 508 1162 son
525 1135 609 1170 chef,
631 1135 730 1163 eodem
755 1136 846 1164 redire
873 1136 1029 1170 videntur,
1050 1144 1081 1164 ac
1101 1135 1124 1164 si
1142 1136 1284 1176 scriptum
1302 1141 1396 1170 esset,
1417 1135 1552 1171 quamdiu
1573 1135 1636 1172 ejus

117 1185 333 1214 descendentes.
354 1193 414 1214 non
445 1186 589 1221 probant,
619 1186 775 1215 Absentem
801 1187 836 1214 ad
863 1194 894 1215 se
921 1186 1116 1215 transmisisse
1143 1177 1250 1221 partem
1281 1186 1466 1220 hereditatis,
1495 1186 1632 1221 quoniam

119 1238 215 1267 adhuc
239 1225 356 1266 vivebat
376 1243 504 1274 tempore
532 1239 639 1266 delatae
662 1238 847 1273 hereditatis,
878 1244 927 1266 aut
955 1246 985 1266 se
1008 1237 1038 1265 in
1061 1235 1190 1264 defuncti
1214 1236 1292 1266 vices
1319 1245 1374 1272 ope
1400 1237 1636 1272 repraesentatio-

119 1289 166 1318 nis
184 1288 381 1324 successisse,
404 1289 540 1324 quoniam
564 1290 679 1319 Absens
701 1291 799 1320 eodem
827 1294 957 1327 tempore
979 1295 1111 1318 mortuus
1137 1289 1214 1326 fuit3
1243 1289 1309 1318 item
1336 1290 1475 1325 quamdiu
1497 1289 1637 1318 Procura-

116 1346 165 1370 tor
181 1340 320 1369 Absentis
343 1340 430 1369 vitam
455 1341 604 1377 probans,
624 1343 840 1372 successionem
865 1351 919 1379 pro
945 1351 978 1371 eo
1001 1349 1061 1370 non
1085 1341 1207 1377 repetit,
1228 1346 1277 1369 aut
1300 1341 1366 1378 eJus-
1387 1341 1561 1377 creditores,
1590 1349 1635 1369 se·

116 1391 242 1420 eundum
261 1396 324 1420 art.
344 1392 432 1427 788.,
453 1400 484 1421 se
506 1391 652 1422 indemnes
674 1402 733 1423 non
758 1402 869 1423 servare
891 1399 1052 1428 conantur,
1074 1398 1104 1421 et
1126 1391 1210 1420 certis
1234 1383 1349 1420 indiciis
1372 1391 1497 1427 probant
1518 1392 1632 1420 Absen-
1656 1412 1659 1414 -

116 1447 173 1472 tem
199 1443 292 1472 adhuc
322 1443 443 1473 vixisse.
492 1443 627 1473 Totidem
653 1444 728 1473 enim
756 1446 809 1474 hae
835 1451 904 1474 sunt
931 1452 1070 1479 caussae,
1099 1449 1218 1480 propter
1241 1451 1314 1479 quas
1339 1443 1497 1471 resolvitur
1523 1443 1584 1471 sive
1604 1443 1635 1471 in'

117 1499 214 1523 totum
240 1494 301 1523 sive
320 1503 373 1531 pro
396 1501 477 1530 parte
500 1495 547 1532 jus
571 1497 772 1533 possessoris,
794 1504 843 1532 et,
869 1497 895 1525 si
919 1496 1107 1532 possessione
1130 1495 1228 1523 cedere
1249 1494 1359 1528 nollet,
1388 1501 1495 1528 sponte
1516 1494 1550 1521 de
1572 1494 1642 1530 ejus*

117 1545 190 1574 mala
215 1544 271 1574 fide
295 1551 458 1574 constaret..
491 1545 625 1581 Denique
646 1547 714 1575 licet
739 1555 822 1576 nemo
844 1547 1012 1583 petitionem
1035 1551 1152 1583 urgeat,
1175 1545 1202 1574 si
1227 1544 1286 1581 ipsi
1308 1544 1471 1579 possessori
1499 1544 1628 1580 quando-

117 1603 174 1632 que
192 1602 362 1631 persuasum
387 1601 462 1623 esset
487 1596 521 1624 de
542 1596 602 1625 vita
625 1604 674 1625 aut
698 1604 789 1626 morte
810 1598 970 1633 Absends,
992 1598 1068 1627 bona
1090 1597 1159 1626 fides
1185 1603 1289 1632 sponte
1311 1602 1436 1624 cessaret
1461 1601 1523 1624 art.
1544 1604 1611 1633 550.
1621 1613 1641 1634 ,-

117 1655 205 1684 quum
232 1646 261 1675 in
287 1653 399 1674 omnem
421 1652 552 1675 eventum
563 1667 579 1682 ‚.
596 1648 657 1676 sive
681 1648 789 1678 vixisse
808 1649 963 1677 Absentem
974 1669 992 1685 ,.
1014 1649 1076 1677 sive
1096 1654 1243 1677 mortuum
1270 1646 1362 1676 fuisse
1383 1647 1450 1675 dein
1473 1653 1630 1683 appareat,

116 1698 178 1728 aliis
203 1696 404 1733 competierint
432 1697 527 1734 bona,
546 1707 619 1735 quae
642 1699 705 1735 ipse
729 1700 792 1729 sine
818 1709 921 1729 caussa
947 1700 1126 1737 possidebat.
1165 1699 1347 1737 Quamquam
1370 1706 1482 1734 semper
1501 1698 1557 1734 iis,
1580 1697 1640 1733 qui>

117 1747 232 1778 fructus
259 1753 383 1784 repetere
406 1749 611 1786 conabuntur,
633 1751 800 1789 quibusque
821 1752 1001 1788 possessoris
1026 1751 1094 1780 fides
1118 1758 1256 1788 suspecta
1278 1757 1340 1785 est,
1361 1750 1541 1786 probandum
1557 1749 1630 1784 erit,

115 1799 277 1836 possessori
301 1799 369 1828 haec
393 1800 575 1837 innotuisse3
600 1802 737 1837 quoniam
761 1802 865 1833 bonam
891 1802 976 1833 fidem
999 1810 1110 1839 semper
1135 1801 1277 1838 suspicari
1298 1802 1401 1838 jubent
1425 1802 1519 1838 leges,
1544 1801 1637 1831 donec·

116 1851 255 1889 probetur
275 1851 472 1889 contrarium,
493 1853 658 1886 art..2268.

1541 2056 1633 2090 CA-
