1913 2417
709 179 1095 214 oRA'rt'o',
1609 191 1651 228 29

171 276 347 321 exemplis,
368 276 434 320 jam
453 277 574 308 exitum
592 285 725 308 suorum
742 276 889 308 laborum
909 277 1126 320 prospiciunt;
1143 286 1239 319 quam
1259 281 1366 307 sancte
1380 275 1552 307 servandae
1568 283 1644 309 sunt

169 333 209 365 ab
239 335 277 364 iis
299 335 356 376 qui
387 333 584 364 collocantur
613 332 647 363 in
673 333 740 376 ipsa
774 332 865 371 sede,
898 333 955 364 ubi
987 334 1175 365 constitutas
1199 333 1297 375 longo
1328 339 1469 375 tempore
1493 340 1524 364 et
1546 345 1645 376 paene

168 396 365 421 consecratas
402 400 469 421 esse
501 388 657 421 videmus.
711 390 838 421 Etenim
873 390 961 421 veuit
995 390 1075 420 mihi
1108 392 1142 420 in
1171 396 1311 420 mentem
1338 396 1385 420 tot
1412 389 1571 421 clarorum
1597 392 1646 422 vi.

170 457 281 478 rorum
301 457 386 489 quos⁴
408 452 515 477 nostra
552 445 657 488 patria
679 445 828 488 protulit,
850 448 906 489 qui
936 457 1009 477 cum
1039 446 1115 477 alias
1139 445 1263 489 plures,
1286 452 1355 476 tum
1383 445 1466 477 hanc
1487 446 1548 478 sibi
1572 459 1647 490 pro.

171 505 272 544 priam
307 502 433 534 laudem
472 509 739 545 comparaverunt
758 525 768 541 ‚
805 509 843 533 ut
874 514 912 534 ex
949 514 1014 545 quo
1050 510 1193 545 tempore
1230 501 1356 544 regulae
1394 502 1645 546 philosophandi

165 558 349 590 emendatae
380 560 464 596 sint,
497 570 548 589 eas
570 560 769 602 acceperint,
800 560 1016 598 servaverint,
1054 571 1157 591 sacras
1180 559 1314 602 posteris
1341 558 1540 602 reliquerint.
1588 561 1640 593 Vi-

169 614 230 646 deo
257 614 348 646 illum
374 616 501 658 ipsum,
537 616 590 646 cui
624 616 753 658 adjutor
783 616 901 647 laboris
933 615 1061 647 futurus
1092 626 1185 654 sum,
1218 626 1382 647 summum
1413 617 1520 647 virum
1539 640 1549 654 ,
1581 618 1646 648 exi-

169 671 270 702 mium
295 671 481 713 physicum,
505 673 562 714 qui
588 683 644 715 per
669 672 798 715 longam
823 679 955 703 aetatem
977 673 1059 703 nihil
1081 673 1231 715 cogitavit
1252 684 1349 715 quam
1370 681 1405 704 ut
1426 673 1646 705 doctrinarum

170 733 201 758 et
224 727 359 759 civitatis
378 751 386 765 ,
414 728 533 770 quibus
562 739 595 759 se
625 735 732 759 totum>
754 729 953 767 tradiderat,
988 729 1118 760 utilitati
1149 736 1179 760 et
1209 728 1388 760 commodis
1418 730 1539 771 optime
1567 740 1646 762 cori·

169 782 303 821 suleret‚
330 794 425 826 quam
456 784 497 814 sit
522 784 627 826 gravis
653 785 687 814 in
711 785 778 815 suis
803 785 937 823 studiis,
963 792 1181 828 quantamque
1207 785 1240 816 in
1265 787 1303 816 iis
1336 787 1534 817 severitatem
1565 797 1647 817 sem-

172 850 228 881 per
256 838 446 872 adhibuerit,
501 842 605 880 Quem
638 841 769 883 quidem
799 852 866 872 non
897 848 1014 872 temere
1048 842 1288 880 nominassem,
1323 843 1386 873 nisi
1409 843 1451 873 ita
1477 841 1648 874 voluissem

169 894 362 927 confirmare
395 907 445 927 me
461 920 476 934 „
511 896 670 939 quidquid
699 897 740 929 de
769 898 840 940 ejus
869 899 992 929 meritis
1020 900 1145 941 assequi
1175 910 1244 930 non
1271 905 1431 941 potuero,
1464 899 1526 931 hoc
1546 907 1650 942 certe,

170 951 259 994 quod
288 958 336 983 est
371 951 468 984 officii
485 975 496 991 ,
529 955 742 996 patrocinium
776 954 948 986 servandae
980 962 1012 986 et
1039 956 1174 987 tuendae
1205 955 1391 998 disciplinae
1418 955 1585 998 physicae,
1607 969 1647 989 ex

170 1018 210 1039 eo
244 1015 430 1052 acceptum,
462 1009 616 1041 omnibus
643 1010 766 1042 viribus
799 1019 1022 1054 suscepturum
1041 1035 1049 1050 ,
1080 1011 1300 1045 defensurum.
1357 1014 1486 1055 Quippe
1518 1024 1552 1044 ea
1578 1025 1648 1056 pro·

168 1065 275 1095 vincia
306 1065 445 1108 physicis
468 1066 529 1097 hoc
556 1073 698 1109 tempore
724 1067 879 1105 traditur,
906 1078 988 1110 quae
1011 1070 1069 1099 etsi
1093 1068 1213 1110 regulis
1243 1069 1305 1107 sit,
1340 1075 1491 1111 tanquam
1514 1080 1646 1112 aggere,

169 1121 387 1160 circumdata,
421 1129 526 1154 tamen
556 1129 719 1165 tantopere
749 1124 807 1154 ista
832 1123 960 1155 errandi
991 1130 1022 1155 et
1055 1123 1201 1166 fingendi
1234 1124 1361 1155 licentia
1392 1135 1425 1155 se
1449 1124 1589 1167 profert,
1614 1133 1646 1158 et

172 1178 288 1220 serpit,
316 1184 347 1209 et
372 1180 489 1209 sensim
516 1179 644 1217 influit,
673 1186 729 1218 ut,
760 1180 823 1211 nisi
854 1190 980 1210 summa
1005 1179 1200 1211 fortitudine
1227 1187 1258 1211 et
1285 1180 1652 1224 vigilantiapraecavea·

173 1244 271 1273 mus,
287 1234 460 1277 aliquando
476 1242 581 1278 posset
602 1241 700 1266 totam
720 1235 870 1266 invadere
883 1258 894 1274 ‚
918 1246 1108 1279 summaque
1125 1237 1195 1278 ejus
1214 1236 1475 1279 opera-funditus
1499 1246 1647 1272 evertere.

213 1291 279 1321 Vos
305 1298 436 1330 autem,
473 1291 661 1334 amplissimi
696 1293 833 1323 civitatis
871 1292 1098 1334 Magistratus,
1129 1292 1333 1326 illustrissimi
1367 1293 1465 1337 hujus
1494 1294 1650 1328 Athenaei

169 1350 355 1384 Curatores,
379 1348 436 1390 qui
462 1347 501 1378 de
529 1349 586 1379 hac
613 1348 676 1378 mei
701 1349 846 1380 muneris
878 1355 967 1393 parte
997 1348 1189 1389 audivistis,
1222 1349 1300 1382 dum
1328 1361 1470 1383 severam
1493 1352 1572 1383 mihi
1600 1353 1649 1384 in—

170 1404 308 1436 eundam
336 1405 492 1434 rationem
523 1404 707 1446 profiterer,
737 1416 835 1448 quam
866 1417 916 1437 me
948 1407 1110 1439 solicitum
1140 1418 1207 1440 esse
1240 1408 1359 1451 putatis
1383 1407 1422 1440 de
1449 1410 1587 1451 graviori
1610 1420 1647 1441 ea

173 1467 288 1504 parte,
307 1470 404 1502 quam
430 1461 665 1503 suscipiendam
695 1462 776 1492 mihi
802 1462 978 1505 aliquando
1007 1462 1073 1495 fore
1099 1465 1212 1495 video?
1243 1465 1506 1508 exponendarum
1532 1467 1651 1497 virium

171 1523 203 1547 et
227 1517 325 1547 totius
348 1516 465 1548 indolis
487 1519 625 1554 mentis,
650 1520 782 1562 ejusque
808 1519 1012 1551 excellentiae
1037 1521 1286 1563 praedicandae,
1318 1533 1399 1564 quae
1429 1528 1518 1553 tauto
1545 1523 1647 1563 major

173 1571 384 1603 existimanda
415 1579 462 1603 est
493 1573 553 1603 hac
585 1575 795 1617 explicatione
827 1576 981 1618 physica,
1011 1584 1169 1618 quantum
1200 1579 1268 1620 ipsa
1293 1589 1383 1609 mens
1412 1579 1475 1609 vita
1501 1585 1531 1609 et
1555 1579 1651 1610 ratio-

170 1640 211 1660 ne
239 1628 370 1666 fruens,
400 1635 431 1659 et
454 1630 582 1660 virtutis
605 1641 722 1674 capax,
753 1638 784 1662 et
807 1639 956 1671 aeterna,
984 1634 1119 1675 corpori
1138 1640 1170 1664 et
1196 1635 1378 1665 inanimatis
1407 1636 1529 1666 naturis
1556 1642 1646 1667 ante·

174 1684 269 1716 cellit.
323 1684 425 1726 Cujus
455 1684 619 1718 doctrinae
650 1693 713 1718 tam
747 1687 848 1718 latam>
878 1689 983 1719 sentio
1014 1699 1081 1719 esse
1117 1691 1295 1728 rationem,
1325 1697 1389 1721 tam
1421 1692 1583 1733 propriam
1607 1691 1648 1724 ad

174 1740 255 1771 illud
287 1740 460 1780 decorum,
491 1743 525 1772 in
555 1743 645 1773 omni
679 1754 730 1781 re,
763 1744 897 1775 consilio
932 1751 962 1775 et
994 1745 1118 1777 actione
1158 1747 1424 1790 percipiendum,
1456 1748 1648 1788 efficaciam,

175 1797 228 1828 sed
259 1797 351 1828 video
379 1798 411 1828 in
439 1804 528 1829 tanto
554 1798 658 1830 adhuc
681 1802 797 1832 versari
824 1801 1033 1839 discrimine;
1057 1809 1093 1833 ut
1112 1803 1135 1833 si
1167 1814 1295 1834 omnem
1327 1815 1427 1834 meam
1457 1816 1586 1845 operam
1611 1806 1650 1837 ad

176 1852 258 1883 hanc
284 1852 381 1884 solam
415 1854 558 1885 conferre
583 1855 751 1895 deberem,
788 1859 861 1888 satis
889 1858 927 1889 ad
955 1869 1054 1888 uuam
1088 1860 1184 1890 vitam
1210 1871 1261 1890 me
1285 1863 1392 1891 oneris
1427 1863 1583 1892 suatinere
1606 1874 1654 1892 ar·

176 1907 318 1941 biirarer.
365 1909 451 1941 Cum
473 1910 535 1941 hoc
558 1922 634 1942 vero
662 1912 700 1942 ad
721 1913 841 1955 reliqua
866 1924 998 1944 munera
1025 1918 1212 1954 accesserit,
1238 1916 1347 1947 fei-,etun
1373 1918 1520 1959 equidem
1546 1918 1651 1960 quoad

174 1970 310 2007 potero,
333 1973 369 1997 ut
387 1966 497 1999 saltem
524 1967 706 2011 diligentiae
732 1968 826 2000 laude
855 1981 1022 2012 nunquam
1048 1972 1154 2003 vitlcar
1185 1984 1299 2005 carere.
1346 1974 1416 2015 Eg«)
1445 1985 1540 2016 porro
1566 1982 1654 2004 tanto

934 2028 962 2059 l)
988 2026 1006 2058 (³)
1601 2031 1658 2060 izo-
