1913 2417
206 187 487 221 RESPONSIO
517 195 567 219 AD
595 183 970 225 QUAESTIONEM
994 181 1444 214 HYDROSTATICAM.
1543 189 1581 223 19

322 515 654 555 CAPUT
744 510 1323 555 SECUNDUM·

139 649 259 671 VARIAE
285 648 433 669 VIRORUM
461 647 638 669 DOCTORUM
665 647 873 669 SENTENTIAE
901 646 942 667 DE
974 644 1217 667 GRAVITATloNE
1247 644 1440 666 FLUIDORUM
1465 643 1502 665 1:⁸2

236 700 384 722 PROPRHS
413 698 525 727 LOC183
556 700 600 720 UT
626 700 670 719 ET
698 699 904 719 ARGUMENTA
931 698 973 718 ET
1002 696 1260 723 EXPERIMENTA,
1287 696 1403 724 QUIBUS

344 752 432 773 SUAM
462 751 602 781 QUISQUE
631 750 846 770 SENTENTIAM
875 750 1021 770 FIRMARE
1051 748 1201 769 CONATUS
1231 746 1305 767 EST.

63 821 179 892 Cum
206 857 263 894 jam
288 858 452 895 antiquitus
480 857 727 895 Philosophorum
752 856 908 885 sententiae
933 857 967 885 de
1000 854 1192 892 gravitatione
1220 852 1375 881 fluidorum
1402 853 1431 881 in
1454 853 1579 889 propriis

65 907 162 944 locis,
192 909 221 938 in
250 909 376 938 diversas
403 908 535 937 abierunt
558 915 670 944 partes,
703 916 796 943 neque
817 907 926 936 nostris
950 913 1062 935 tantum
1090 904 1270 941 temporibus
1291 911 1322 932 ea
1348 903 1382 932 de
1399 911 1430 932 re
1446 903 1503 932 fuit
1524 904 1584 932 liti-

67 965 187 996 gatum,
213 966 302 989 totam
332 960 404 989 hanc
424 960 501 988 litem
522 959 556 988 ab
580 958 689 996 origine
709 967 761 987 sua
782 965 921 994 repetere,
951 959 1069 995 ejusque
1087 965 1136 993 per
1161 956 1251 984 multa
1274 955 1370 983 secula
1394 956 1429 984 acl
1450 962 1579 984 nostram

32 1022 36 1025 -
65 1011 178 1040 tandem
200 1018 317 1040 aetatem
342 1012 494 1040 decursum
515 1018 696 1046 proponere,
720 1010 775 1038 hoc
795 1008 889 1045 capite
913 1008 1136 1037 constituimus.

104 1060 386 1096 Antiquissimorum
417 1061 664 1096 Philosophorum
685 1081 695 1095 ‚
729 1059 780 1094 qui
807 1059 957 1088 Aristoteli
993 1064 1231 1095 praecesserunt,
1259 1058 1305 1086 vel
1337 1057 1424 1093 hujus
1449 1057 1579 1093 aequales

62 1110 209 1147 fuerunt,
238 1113 396 1142 sententiae
416 1112 451 1140 de
475 1112 645 1147 quaestione
672 1110 841 1146 proposita,
869 1110 906 1138 ad
934 1109 1131 1146 cognitionem
1165 1115 1293 1138 nostram
1325 1117 1385 1138 non
1409 1116 1579 1145 pervenere,

61 1162 127 1193 sive
148 1163 230 1200 quod
254 1172 301 1193 eas
325 1164 436 1200 scripto
459 1171 519 1193 non
543 1157 758 1196 mandaverint,
787 1160 849 1190 sive
872 1161 952 1197 quod
983 1161 1091 1198 scripta
1114 1161 1184 1190 haec
1211 1167 1376 1198 temporum
1398 1159 1512 1197 injuriis
1536 1168 1580 1190 re-

62 1216 168 1246 sistere
189 1223 248 1245 non
274 1215 434 1252 potuerint.
474 1214 643 1244 Aristotelis
674 1213 852 1250 Stagyritae,
881 1211 1058 1249 Philosophi
1087 1212 1282 1248 celeberrimi,
1307 1211 1449 1250 judicium
1474 1213 1523 1241 hac
1545 1210 1580 1240 de

62 1274 95 1296 re
115 1267 232 1296 unicum
254 1275 289 1297 ex
311 1266 527 1303 antiquissimis
552 1265 638 1295 nobis
663 1264 722 1294 fuit
746 1270 902 1294 servatum.
950 1264 1051 1301 Hujus
1073 1264 1168 1300 enim,
1198 1265 1271 1293 inter
1295 1263 1389 1292 libros
1411 1261 1581 1298 superstites

61 1319 242 1355 permultos,
269 1318 354 1347 etiam
381 1326 458 1355 opus
482 1317 650 1352 invenitur,
678 1315 727 1345 cui
751 1316 876 1352 titulus,
904 1314 938 1344 de
967 1315 1068 1352 Coelo,
1097 1321 1227 1352 quatuor
1247 1314 1331 1343 libris
1360 1319 1518 1350 constans,
1546 1313 1579 1343 in

63 1375 188 1404 quorum
212 1370 315 1399 ultimo
340 1376 441 1399 auctor
464 1378 498 1399 ex
518 1367 653 1406 professo
679 1367 737 1405 agit
758 1367 792 1396 dc
812 1368 868 1398 levi
889 1373 917 1396 et
934 1369 1037 1405 gravi.

101 1417 230 1447 Primum
256 1421 371 1452 quidem
401 1421 545 1456 declarat,
568 1419 640 1456 quid
667 1419 836 1455 simpliciter
859 1427 963 1456 grave,
986 1419 1057 1455 quid
1082 1420 1144 1447 leve
1167 1418 1298 1452 dicatur,
1319 1422 1347 1446 et
1368 1423 1506 1452 quaenam
1524 1415 1584 1445 sint

63 1468 128 1505 illa,
154 1475 242 1504 quae,
262 1466 478 1502 comparatione
502 1474 568 1494 cum
593 1471 656 1494 anis
673 1471 828 1502 instituta,
850 1477 928 1496 minc
949 1471 1063 1504 gravia,
1084 1477 1163 1498 nunc
1184 1468 1256 1498 levia
1277 1468 1466 1504 appellantur.
1503 1467 1581 1496 Tum

65 1526 194 1549 veterum
215 1517 369 1553 opiniones
394 1517 429 1545 de
452 1517 590 1553 gravitate
613 1522 640 1544 et
667 1517 781 1546 levitate
805 1518 839 1545 ad
871 1526 986 1547 examen
1012 1526 1108 1548 vocat.
1157 1520 1230 1548 Dein
1253 1519 1283 1548 in
1316 1527 1416 1548 causas
1442 1518 1584 1555 inquirit,

65 1578 121 1600 cur
145 1570 198 1599 alia
223 1575 333 1604 semper
358 1567 388 1596 in
411 1568 589 1604 superiorem
615 1569 710 1596 locum
735 1569 871 1604 tendant,
893 1569 947 1597 alia
971 1570 1000 1597 in
1023 1569 1198 1599 inferiorem.
1253 1571 1324 1599 Post
1347 1571 1500 1599 discrimen
1525 1575 1582 1598 sra-

66 1621 125 1650 tuit
145 1620 220 1649 inter
240 1619 299 1648 duo
325 1619 461 1647 elementa
492 1625 630 1654 extrema,
652 1625 753 1647 terram
778 1626 866 1654 atque
889 1620 1007 1656 Ignem,
1030 1627 1056 1648 et
1081 1622 1139 1650 duo
1163 1621 1273 1657 media,
1295 1629 1397 1657 aquam
1423 1628 1451 1647 et
1477 1619 1579 1647 aerem.

66 1670 196 1701 Tandem
218 1670 270 1699 alla
297 1670 435 1706 quaedam
449 1690 459 1705 ,
482 1678 582 1698 eorum
608 1677 718 1699 motum
752 1671 929 1707 spectantia,
950 1671 1039 1700 addit.
1084 1671 1168 1701 Hanc
1191 1673 1370 1701 occasionem
1393 1677 1514 1705 nactus,
1535 1669 1581 1699 vir

71 1721 120 1751 ille
137 1722 282 1757 eximius,
306 1721 358 1749 alia
382 1729 502 1757 corpora
528 1729 590 1749 esse
612 1721 748 1750 absolute
771 1722 885 1758 gravia,
906 1723 960 1751 alia
986 1723 1120 1751 absolute
1139 1722 1211 1750 levia
1234 1722 1428 1756 demonstrat,
1448 1722 1483 1750 ad
1507 1729 1581 1757 quo·

69 1780 132 1802 rum
161 1774 279 1802 classtm
307 1771 431 1807 priorem
465 1778 586 1808 terram,
619 1772 655 1801 ad
686 1760 899 1803 alteram⁸ver0
928 1774 1020 1810 ignem
1054 1771 1139 1801 refert
1176 1773 1256 1810 (1).
1305 1773 1374 1802 Alio
1403 1781 1470 1801 vero
1493 1772 1580 1801 modo

68 1824 164 1861 gravia
187 1830 214 1852 ct
237 1822 308 1851 levia
334 1831 397 1851 esse
422 1823 551 1859 perhibet
575 1833 627 1859 ca,
650 1824 759 1860 quibus
783 1831 939 1861 utrumque
961 1826 1056 1860 inest,
1081 1832 1210 1860 quaeque
1233 1825 1297 1854 aliis
1324 1824 1409 1852 rebus
1433 1823 1580 1859 innatant,

67 1881 96 1904 et
112 1875 193 1903 etiam
217 1874 370 1909 substant,
392 1874 435 1903 uti
459 1875 503 1903 aer
527 1883 554 1904 et
575 1884 658 1912 aqua.
702 1877 814 1905 Horum
839 1877 913 1905 enim
934 1882 1066 1906 neutrum
1091 1883 1134 1905 est
1158 1876 1289 1905 absolute
1309 1877 1388 1911 leve,
1411 1874 1580 1912 aut'grave,

69 1925 177 1964 ‘3¹¹5PP‘2
200 1927 274 1955 ‘effa
298 1933 452 1962 utrumque
476 1933 518 1955 est
546 1926 658 1963 lssVssUSs
685 1927 750 1966 igne
775 1936 845 1959 vero
869 1931 998 1966 gravius.
1051 1929 1130 1958 Cum
1154 1936 1247 1958 autem
1269 1926 1346 1964 ignis
1367 1933 1477 1956 tantum
1499 1933 1582 1963 pror-

1530 1983 1582 2005 sus

96 2025 150 2055 (ι)
168 2026 221 2051 vld.
244 2026 340 2051 Arlstot.
359 2028 388 2051 de
408 2028 497 2056 coeio,
516 2029 544 2052 1..
557 2028 596 2052 lv.
610 2030 640 2058 [c.
653 2035 676 2058 ⁴·

841 2069 906 2100 Ca
