1913 2417
311 199 332 232 ε
807 193 1275 226 MEMORIA

302 301 359 324 rus
379 301 467 328 sum,
492 288 579 321 haud
603 288 682 320 levis
710 298 760 318 me
785 287 927 331 percellit
955 293 1077 326 metus,
1101 298 1141 318 ne
1173 287 1263 319 oneri
1289 285 1421 318 ferendo
1436 287 1575 330 impares
1592 288 1656 320 sint
1673 287 1784 320 hume·

304 349 355 387 ri,
379 354 433 378 aut
458 358 532 377 cum
555 349 705 378 virtutem
728 344 950 376 recordaturus
982 354 1037 374 ero
1067 354 1120 376 Au
1135 355 1268 375 DREAE
1293 355 1471 381 Bonum,
1499 344 1667 376 clarissimi
1683 356 1788 388 quon-

306 403 381 435 dam
403 403 558 436 Athenaei
586 402 684 444 hujus
707 400 910 438 Professoris,
935 411 975 430 ne
998 399 1125 431 dicendi
1144 411 1228 438 mea,
1253 411 1350 444 quam
1373 411 1440 432 non
1465 400 1652 440 dissimulo,
1678 402 1783 433 tenui·

309 466 358 491 tas
383 459 507 490 laudem
536 460 635 501 ipsam
662 458 729 489 Viri
757 456 947 488 imminuere
979 457 1134 489 videatur.
1183 456 1234 488 Ad
1251 464 1385 488 vestram
1409 457 1507 500 igitur
1537 459 1578 490 A.
1606 459 1646 489 A.
1675 457 1790 489 huma.

308 517 441 548 nitatem
470 521 504 546 et
534 513 788 545 benevolentiam
811 512 963 556 confugio
985 520 1016 545 et
1034 515 1123 557 quod
1143 513 1308 545 facundiae
1333 524 1420 545 meae
1435 513 1554 552 deerit,
1577 513 1780 557 indulgentia

308 579 340 604 et
374 572 569 613 benignitate
602 569 796 614 suppleatis,
825 570 1038 613 animumque
1072 580 1181 601 meum
1215 570 1455 613 delinquentem
1485 569 1656 601 sublevetis
1688 570 1788 601 etiam

300 628 462 670 etiamque
492 638 583 669 rog).
629 628 695 658 Vos
727 633 833 657 autem
867 628 908 658 A.
941 627 982 657 A.
1019 637 1086 657 non
1129 627 1307 669 elegantem
1347 626 1434 656 illam
1467 625 1597 657 dicendi
1626 628 1787 658 rationem

306 695 390 728 quae
417 690 451 715 et
481 683 579 714 verba
608 682 647 714 ad
678 682 870 714 audiendam
892 682 1036 725 jucunda
1072 689 1104 714 et
1142 683 1314 714 sententias
1350 682 1485 713 mirifice
1520 689 1648 714 ornatas
1672 688 1704 714 et
1729 694 1786 714 vo-

308 751 380 772 cem
411 741 544 771 oratoris
578 746 609 771 et
640 740 797 771 actionem
829 746 860 770 et
886 739 1027 782 leporem
1058 739 1222 782 postulat,
1254 740 1335 782 quin
1363 739 1471 781 potius
1499 738 1677 782 simplicem
1701 738 1789 770 illam

306 799 376 832 ,Viri
410 808 612 839 summopere
645 796 796 828 laudandi
826 796 965 838 effigiem
991 797 1200 838 exspectetis,
1233 796 1382 839 qualem,
1410 796 1564 838 ¹'quamvis
1591 794 1642 825 vel
1665 794 1790 826 rudiori

307 854 439 898 pictoris
465 853 614 895 penicillo
636 863 833 896 expressam,
860 854 931 896 pius
960 853 1184 896 unusquisque
1218 852 1316 884 fiilius
1341 853 1376 883 in
1407 851 1499 883 vultu
1527 857 1661 894 paterno
1681 850 1722 882 ad
1744 852 1787 884 si‹

309 909 529 941 militudinem
556 909 726 941 desiderat.

355 968 473 997 Lucem
509 965 568 996 hac
604 967 637 997 in
668 966 746 997 urbe
775 966 1077 999 Amstelaedamensi
1105 966 1248 1010 adspexit
1272 978 1317 998 130
1330 977 1458 998 »trtius
1490 972 1597 996 noster
1622 976 1709 997 anno
1732 976 1789 997 su·

310 1023 446 1066 perioris
473 1022 590 1053 saeculi
616 1023 779 1065 trigesimo
805 1030 933 1061 actavo,
958 1023 1028 1054 loco
1054 1030 1085 1054 et
1113 1031 1243 1066 parente
1268 1025 1410 1066 ingenuo
1442 1029 1557 1060 natus,
1587 1022 1696 1065 quales
1730 1023 1794 1053 exi·

309 1080 484 1111 stimantur
501 1089 634 1115 omnes,
657 1079 715 1121 qui
737 1079 882 1110 doctrina
904 1086 999 1122 atque
1021 1090 1083 1109 usu
1100 1082 1266 1121 peritiores
1288 1080 1348 1110 art-i
1367 1079 1640 1122 pharmaceuticae
1656 1088 1788 1120 operam

309 1135 388 1166 dare
412 1135 533 1174 solent,
558 1142 652 1178 atque
682 1146 726 1166 ex
751 1136 810 1167 hac
840 1134 1026 1167 condit-ione
1053 1141 1183 1177 paterna
1218 1136 1384 1178 ingenium
1418 1134 1498 1165 illud
1524 1133 1563 1164 ad
1589 1140 1690 1165 artem
1715 1145 1792 1177 pro·

313 1191 399 1223 clive
429 1197 527 1234 atque
551 1193 704 1223 eximium
730 1192 943 1235 explicamus,
973 1191 1061 1233 quod
1089 1192 1150 1222 nisi
1178 1192 1350 1234 pueritiae,
1373 1190 1484 1221 saltem
1508 1189 1736 1222 adolescentiae
1757 1195 1790 1223 et

314 1251 481 1294 juventuti
512 1250 585 1291 ejus
616 1259 740 1291 semper
772 1247 832 1278 fuit
869 1248 1049 1290 proprium.
1095 1249 1238 1279 Aetatem
1276 1257 1373 1289 agens
1396 1246 1584 1289 quindecim
1610 1257 1789 1286 annorum,

317 1307 420 1339 literis
450 1306 571 1349 graecis
594 1312 626 1336 et
652 1304 759 1335 latinis
790 1310 879 1335 tanto
911 1315 986 1334 cum
1016 1303 1127 1335 ardore
1150 1303 1317 1341 incubuit,
1352 1309 1387 1333 ut
1411 1303 1570 1345 magistris
1595 1304 1725 1345 optimis
1753 1303 1788 1334 in

317 1363 441 1394 deliciis
461 1361 573 1399 fuerit,
599 1367 635 1392 ut
654 1361 712 1403 qui
728 1359 920 1391 eruditionis
947 1359 1072 1391 futurae
1093 1366 1124 1391 et
1146 1359 1313 1391 doctrinae
1337 1370 1427 1402 spem
1452 1368 1611 1390 summam
1634 1359 1786 1391 ostende·

317 1425 386 1456 ret,
408 1425 440 1449 et
464 1419 518 1449 vix
548 1418 583 1448 in
603 1417 760 1449 Athenaei
783 1417 885 1448 nostri
911 1416 1011 1447 stadia
1036 1416 1278 1459 propaedeutica
1304 1417 1488 1454 incurrens,
1520 1426 1794 1455 Bunntstvius,

322 1478 510 1506 noeLmo
536 1481 571 1504 et
601 1484 795 1505 CAMPERO
817 1471 976 1510 ducibus,
1007 1473 1159 1504 velociter
1193 1473 1236 1503 ita
1264 1479 1296 1503 et
1324 1473 1398 1502 satis
1421 1478 1492 1514 apte
1517 1471 1557 1502 ad
1577 1478 1718 1503 extrema
1738 1471 1793 1503 de·

321 1531 447 1569 currit,
471 1537 507 1561 ut
533 1541 599 1561 non
623 1530 725 1561 dicam
756 1529 980 1571 magistrorum
1007 1529 1063 1559 sed
1090 1528 1248 1560 sodalium
1273 1528 1397 1570 copiam
1425 1535 1457 1558 et
1482 1528 1620 1558 honores
1645 1527 1722 1559 alibi
1744 1538 1793 1559 so-

318 1588 392 1618 cius
417 1588 483 1629 ipse
509 1593 604 1629 atque
633 1596 739 1617 comes
765 1584 804 1616 ad
830 1584 1041 1628 pugnandum
1067 1591 1241 1628 quaereret.
1286 1585 1338 1615 stc
1362 1591 1398 1615 ut
1423 1584 1568 1617 incursu
1586 1583 1792 1628 academico,⁴

325 1645 413 1684 juxta
440 1643 647 1674 horatianum
673 1640 771 1672 illud:

612 1759 692 1788 Sunt
714 1767 794 1800 quos
815 1755 969 1787 curriculo
987 1755 1151 1798 pulverem
1176 1754 1369 1798 olympicum

611 1813 775 1856 Collegisse
789 1814 891 1853 juvat
913 1819 1062 1854 metaque
1074 1811 1210 1849 servulis

606 1872 738 1900 Jsvitata
761 1871 847 1905 Γοῐιζς,
865 1868 1044 1911 palmaque
1067 1869 1181 1900 nobilis

607 1925 776 1956 Terrarum
798 1924 948 1956 dominos
970 1924 1075 1958 evellit
1097 1925 1144 1956 ad
1166 1926 1263 1957 Deos.

1761 2038 1804 2070 ita
