1913 2417
430 289 1269 359 RESPONSIO

804 468 884 498 An

107 606 757 665 QUAESTIONEM
832 599 1578 648 PHILOSOPHICAM.

600 934 1103 970 EXORDIUM.

91 1035 277 1099 Historiae
295 1064 520 1102 Philosophicae
543 1065 672 1095 studium
694 1070 850 1102 postquam
873 1062 909 1091 ab
931 1061 1062 1098 antiquis
1086 1063 1276 1098 propagatum
1301 1062 1346 1087 est
1368 1057 1404 1086 ad
1423 1057 1619 1094 recentiores,-

97 1120 223 1157 primum
249 1119 278 1148 in
300 1117 522 1154 compilatorum
549 1117 664 1155 ingenia
687 1115 810 1151 incidit,
841 1114 894 1150 qui
918 1115 1008 1151 magis
1032 1113 1062 1142 id
1083 1110 1249 1148 suscepisse
1272 1108 1463 1145 videbantur,
1491 1115 1524 1138 ut
1547 1108 1619 1137 alios

92 1171 218 1200 molesta
240 1178 421 1206 onerosaque
447 1178 532 1207 opera
556 1169 728 1204 liberarent,
753 1175 838 1203 quam
863 1172 896 1195 ut
920 1165 993 1194 tanti
1015 1164 1106 1194 studii
1130 1163 1189 1192 vim
1213 1167 1242 1191 et
1263 1160 1463 1190 auctoritatem
1486 1159 1543 1197 ipsi
1567 1165 1618 1189 aut

92 1221 286 1259 intelligerent
309 1228 359 1251 aut
382 1227 541 1250 tuerentur.
580 1220 654 1250 Dein
678 1219 864 1255 antiquorum
887 1214 1123 1253 interpretatione
1146 1219 1299 1243 auctorum
1317 1219 1345 1242 et
1366 1211 1571 1250 grammatica,
1586 1216 1615 1240 et

93 1273 248 1309 praecipue
267 1273 386 1308 critica,
419 1272 587 1309 diligentius
613 1272 732 1301 fundata
745 1291 756 1306 ‚
776 1270 846 1299 attis
868 1269 994 1298 Criticae
1015 1266 1157 1304 praesidia
1180 1266 1216 1294 ad
1236 1263 1399 1293 Historiam
1420 1271 1538 1300 quoque
1550 1262 1619 1291 Phi-

93 1323 245 1359 losophiae
273 1323 420 1353 transferri
448 1330 552 1359 coepta
583 1329 671 1358 sunt3
699 1322 738 1350 ita
771 1327 888 1356 tamen,
915 1326 950 1348 ut
981 1319 1108 1348 fontium
1141 1317 1226 1346 crisis
1257 1314 1618 1352 turpius'negligeretur,

96 1381 169 1410 nec,
203 1374 347 1410 quodnam
372 1374 411 1402 sit
431 1373 580 1412 judicandi
601 1381 708 1402 munus
729 1372 759 1402 in
783 1371 990 1408 Philosophiae
1013 1369 1146 1399 Historia
1173 1369 1310 1406 princeps
1334 1372 1364 1395 et
1389 1365 1552 1403 peculiare,
1574 1373 1620 1395 sa-

100 1424 140 1452 tis
166 1431 322 1453 teneretur.
362 1423 448 1453 Enim
473 1433 544 1454 vero
567 1424 597 1453 in
620 1424 752 1453 Historia
774 1423 982 1459 Philosophiae
1005 1421 1208 1451 constituenda
1229 1419 1335 1456 duplex
1357 1423 1401 1447 est
1421 1411 1619 1454 praesidium,

89 1474 264 1504 eruditionis
289 1482 317 1503 et
337 1476 453 1512 ingenii.
495 1474 629 1505 Eruditio
655 1483 688 1504 eo
714 1480 847 1511 spectat,
869 1480 902 1502 ut
922 1482 955 1502 ex
977 1472 1122 1502 veteribus
1143 1471 1312 1500 auctoribus
1337 1477 1450 1499 ornnem
1476 1468 1620 1497 materiam

90 1532 253 1562 excerptam
277 1533 421 1555 teneamus
447 1533 475 1555 et
496 1526 664 1563 cognitam,
694 1525 768 1554 unde
792 1524 1062 1560 Philosophorum,
1089 1530 1248 1559 eorumque
1276 1519 1483 1556 Philosophiae
1511 1518 1616 1548 notitia

89 1577 246 1606 arcessitur
273 1585 300 1606 et
322 1578 502 1607 illustratur:
529 1586 585 1614 qua
610 1577 641 1606 in
663 1585 691 1605 re
720 1576 855 1605 Historia
887 1575 1123 1613 Philosophorum
1147 1580 1174 1602 et
1203 1573 1404 1612 Philosophiae
1435 1570 1615 1606 distinguen-

95 1628 166 1664 dae,
195 1637 246 1657 nec
271 1634 364 1657 tamen
389 1628 417 1657 in
441 1629 612 1657 tractatione
640 1629 756 1665 penitus
791 1627 982 1666 sej'ungendae
1005 1631 1085 1654 sunt.
1131 1625 1243 1662 Ingenii
1269 1623 1362 1653 variae
1392 1628 1461 1652 sunt
1492 1628 1612 1658 parteS,

92 1679 300 1715 subsidiaque,
323 1680 547 1716 interpretandi,
570 1679 757 1715 emendandi,
778 1684 915 1716 congesta
929 1676 1124 1714 disponendi‚
1145 1676 1310 1705 dissensum
1324 1673 1517 1709 conciIIandi,
1537 1672 1609 1702 alia:

89 1737 164 1766 quae
183 1730 346 1767 adjumenta
372 1731 407 1758 ab
432 1731 566 1759 universa
591 1730 837 1768 interpretationis
859 1729 990 1758 doctrina
1019 1734 1047 1756 et
1071 1727 1186 1756 critIces
1221 1727 1358 1756 historiae
1390 1724 1614 1763 philosophicae

89 1781 218 1810 studium
247 1788 411 1811 mutuatur:
443 1790 531 1810 unum
554 1782 641 1811 habet
672 1788 811 1818 praetcrea
842 1780 949 1817 ingenii
977 1779 1104 1808 officium
1135 1778 1190 1808 sibi
1218 1779 1367 1815 proprium
1393 1784 1420 1806 et
1446 1777 1609 1814 peculiare,

88 1832 169 1868 quod
190 1832 218 1861 in
249 1833 424 1868 efficiendis,
453 1839 481 1861 ct
514 1834 572 1871 (ut
596 1834 684 1862 verbo
710 1840 796 1868 utar,
827 1832 907 1868 quod
940 1831 1107 1860 recentioris
1143 1830 1285 1867 imprimis
1318 1828 1523 1865 Philosophiae
1553 1836 1611 1857 usu

87 1883 190 1912 tritum
217 1890 260 1912 est
291 1892 322 1913 ac
346 1885 521 1922 vulgatum)
553 1884 749 1914 construendis
778 1883 948 1912 familiarum
983 1883 1134 1911 sententiis
1165 1883 1303 1910 cernitur.
1353 1880 1442 1919 Quod
1472 1879 1607 1915 frequens

85 1934 251 1970 praescrtim
275 1941 318 1963 cst
344 1935 490 1972 officium,
514 1937 563 1965 ubi
588 1938 718 1974 ipsorum
739 1935 984 1970 Philosophorum
1009 1941 1094 1970 opera
1120 1933 1326 1962 desiderantur.

125 1985 243 2014 Scilicet
267 1992 412 2022 veterum,
434 1996 467 2016 ex
492 1989 585 2017 classe
607 1989 693 2016 altera
720 1985 887 2020 auxiliaria,
917 1991 1067 2014 auctorum
1092 1985 1156 2012 loca
1181 1989 1249 2011 sunt
1271 1981 1353 2018 quasi
1376 1981 1526 2016 materies,
1549 1980 1607 2009 dis-

83 2036 230 2074 iectacque
255 2043 399 2075 tamquam
425 2039 545 2069 aedilicii
567 2046 661 2077 partes
686 2047 717 2068 ac
741 2037 945 2070 fundamenta,
977 2043 1049 2072 quae
1072 2034 1101 2064 in
1127 2042 1215 2063 unum
1243 2042 1345 2063 rursus
1366 2033 1522 2063 sententiae
1541 2040 1606 2060 cor-

857 2086 883 2114 A
903 2094 920 2115 2
1548 2091 1604 2119 pus
