1913 2417
217 128 510 174 *Responsio
540 146 590 169 AD
619 137 992 176 QUAESTIONEM
1019 116 1476 172 HYDROSTATICAM.
1578 151 1613 182 53

99 229 161 252 nem
184 221 392 251 dubitationem
417 221 508 251 tollit.
547 221 692 250 Nimirum
716 221 771 249 boc
795 221 935 258 J'utlieium
963 221 991 250 in
1011 230 1044 250 eo
1066 228 1127 257 est,
1159 223 1238 258 quod
1262 223 1376 260 singula
1400 232 1520 260 corpora
1542 225 1607 253 Hui-

97 272 141 302 dis
166 272 314 308 immersa,
346 273 488 308 duplicem
515 271 620 301 habent
646 271 832 308 gravitatem3
864 273 978 301 alteram
1004 281 1096 302 veram
1121 279 1148 301 et
1170 275 1351 310 absolutam,
1379 276 1493 304 alteram
1523 283 1609 312 appa.

96 329 201 352 rentem
235 331 261 353 et
289 323 523 360 comparativam.
564 323 700 352 Gravitas
736 323 870 352 absoluta
899 331 943 351 est
972 330 1033 352 tota
1066 324 1109 352 vis
1139 333 1245 360 corpus
1271 326 1403 354 deorsum
1426 327 1558 362 pellens,
1581 334 1608 356 et

104 375 229 411 gravitas
254 374 381 410 vulgaris
407 381 450 402 est
476 382 611 403 excessus
636 374 786 410 gravitatis
813 374 977 410 absolutae,
999 384 1054 410 qua
1074 383 1179 411 corpus
1205 377 1295 413 magis
1320 378 1450 406 deorsum
1473 378 1608 413 pellitur,

96 415 180 461 quam
203 425 322 454 fluidum
348 425 542 454 circumdans.
585 425 687 454 Priori
700 427 855 462 gravitate
873 432 976 464 partes
992 425 1169 461 fhzidorum,
1198 433 1225 454 cc
1249 429 1373 456 ommium
1397 434 1547 465 corporum
1574 431 1607 457 in

90 478 223 515 propriis
249 477 317 505 locis
336 478 504 513 grammat.
523 505 527 506 ⁷
546 476 654 504 Altera
678 483 771 504 autem
802 478 956 513 gravitale
984 485 1109 516 corpora
1137 479 1169 505 in
1188 480 1319 516 propriis
1341 479 1407 507 locis
1437 488 1493 506 non
1511 480 1614 516 gravi-

98 533 185 563 tant,
207 527 226 557 i.
251 536 278 556 e.
305 528 378 556 inter
398 535 428 555 se
450 528 573 562 collata,
605 529 717 556 nullum
741 527 847 556 liabent
868 536 1038 565 excessumg.
1068 529 1118 558 sed
1139 537 1205 558 cum
1233 529 1359 559 vicissim
1395 530 1477 559 nisus
1495 530 1614 560 descen·-

99 579 184 608 dendi
208 579 376 613 destruant,
398 585 512 607 manent
538 579 568 607 in
593 579 717 615 propriis
743 579 837 615 locis,
860 589 895 608 ac
921 581 946 608 si
969 590 1025 610 mm
1039 582 1152 618 gravia
1174 586 1263 609 essent
1288 581 1304 618 (
1317 590 1325 610 1
1342 582 1370 618 >-

130 629 229 658 Altera
252 629 298 658 hic
321 630 501 659 memoranda
531 631 670 660 sententia
699 631 768 669 (α)
798 638 894 667 aperte
924 639 968 661 est
998 631 1139 661 contraria
1173 632 1367 669 [tesselingio.
1410 633 1505 669 Hujus
1536 633 1610 662 enim

95 681 250 717 explicatio
269 682 454 718 experimenti
476 681 613 718 Boyleani
637 682 763 717 magnam
789 688 897 718 partem
915 683 1020 712 nititur
1045 684 1095 712 hac
1119 683 1209 719 thesi,
1241 692 1341 719 aquam
1371 684 1400 712 in
1432 685 1528 721 lagena
1553 693 1613 713 non

95 732 235 770 pertinere
257 734 292 761 ad
314 735 461 770 lagenam,
493 733 627 769 quoniam
656 734 724 762 baec
748 743 821 770 aqua
840 743 890 771 per
911 735 1024 771 lagenae
1047 735 1155 763 collum
1185 735 1385 763 commercium
1414 742 1523 764 exercet
1547 744 1612 765 enm

80 791 171 818 ¹aqua
192 784 327 812 exteriori
353 785 428 821 (3).
469 785 509 812 At
529 793 597 813 vero
621 785 763 821 ejusmodi
781 786 869 814 thesis
894 786 931 814 ob
956 786 1093 822 plurimas
1117 785 1158 813 ibi
1185 786 1322 815 adductas
1341 786 1465 815 rationes
1488 795 1547 815 non
1564 787 1614 815 ad·-

97 835 233 864 mittenda
263 835 377 864 videtur
404 836 516 864 auctori
547 836 647 864 barum
681 836 971 866 animadversionum.
1012 837 1037 865 E
1060 843 1162 866 contra
1188 843 1288 874 putat,
1320 845 1420 873 aquam
1447 837 1522 866 illam
1549 846 1612 866 om-

95 887 173 917 nino
190 887 328 923 pertinere
352 887 386 915 ad
415 888 567 924 lagenam,
601 887 736 923 quoniam
768 889 913 924 quantitas
952 896 1042 924 aquae
1066 888 1095 917 in
1121 889 1221 926 lagena
1254 894 1333 917 autea
1365 889 1401 917 ad
1430 895 1524 917 totum
1550 884 1634 917 Hui-v

94 940 161 969 dum
190 939 370 975 pertinebat,
397 946 424 967 et
451 947 516 967 cum
548 947 581 967 eo
613 946 672 967 erat
697 940 726 968 in
760 940 950 975 aequilibrio,
979 940 1088 975 quippe
1117 940 1200 976 cujus
1231 939 1342 976 pressio
1371 949 1385 968 a
1412 939 1615 968 circumdanti-

96 991 154 1020 bus
176 991 321 1019 columnis
343 999 433 1026 aquae
454 991 567 1019 eandem
589 990 763 1026 pressionem
783 1000 872 1027 aquae
891 991 1101 1027 experiebatur.
1142 992 1228 1026 Aqua
1257 992 1382 1027 lagenam
1406 991 1535 1027 ingressa
1558 992 1611 1019 hae

95 1040 239 1070 reac‘tione
263 1041 414 1076 liberatur,
443 1037 471 1069 et
494 1050 545 1069 sua
573 1043 636 1069 vice
666 1041 845 1078 impeditur,
874 1043 1031 1078 quominus
1059 1050 1140 1070 suam
1168 1040 1342 1077 pressionem
1373 1041 1403 1070 in
1434 1042 1613 1071 circumdan-

86 1099 138 1122 sstes
166 1100 256 1127 aquae
285 1098 380 1128 partes
408 1098 545 1121 exerceat.
591 1092 727 1121 Fluidmn
748 1093 839 1129 igitur
864 1093 920 1121 hoc
954 1093 1037 1129 quasi
1065 1093 1121 1121 sibi
1151 1098 1194 1121 est
1222 1093 1370 1128 relictum,
1400 1099 1429 1121 et
1461 1093 1525 1122 ideo
1552 1101 1612 1122 non

100 1144 226 1180 amplius
248 1144 283 1172 ad
306 1143 444 1179 reliquam
467 1134 607 1180 massam,
629 1145 679 1173 sed
702 1151 813 1173 tantum
834 1145 870 1173 ad
888 1146 1013 1180 lagenam
1035 1145 1171 1180 pertinet.
1215 1144 1316 1181 Itaque
1338 1144 1454 1181 propria
1477 1153 1531 1173 sua*
1551 1152 1613 1181 gra-

95 1194 187 1225 vitate
211 1194 292 1232 agit,
312 1201 340 1222 et
361 1202 447 1223 causa
470 1201 514 1223 est
536 1196 692 1225 descensus
719 1198 843 1233 lagenae.
884 1195 990 1231 Neque
1013 1201 1107 1224 tamen
1134 1197 1188 1224 hoc
1214 1201 1355 1232 repugnat
1386 1195 1442 1232 legi
1464 1195 1617 1232 hydrosta-

78 1247 187 1282 ‚ficae,
216 1254 289 1282 quae
319 1246 424 1280 docet,
451 1246 672 1285 unumquodque
701 1254 823 1285 corpus,
847 1246 939 1283 fluido
970 1248 1155 1281 immersum,
1179 1246 1319 1284 ponderis
1340 1247 1497 1283 jacturam
1527 1247 1618 1285 pati,

95 1306 171 1336 quac
195 1302 237 1325 est
256 1297 289 1325 in
314 1297 429 1325 ratione
448 1297 600 1326 densitatis
619 1297 728 1334 fluidi,
750 1298 886 1334 quoniam
915 1306 991 1334 aqua
1012 1297 1042 1326 in
1065 1297 1166 1334 lagena
1191 1297 1270 1326 omni
1295 1297 1445 1333 pressione
1466 1297 1544 1326 fluidi
1560 1296 1617 1325 cir-

80 1347 258 1378 cumdantis
283 1347 387 1383 libera,
416 1356 471 1377 suo
499 1350 623 1385 pondere
646 1349 704 1386 agit
728 1350 884 1386 absolut03
914 1350 964 1378 sei
988 1349 1037 1377 ubi
1064 1349 1164 1386 lagena
1190 1347 1279 1376 effusa
1310 1348 1412 1376 iterum
1440 1357 1504 1377 cum
1528 1348 1616 1377 fluido

94 1399 282 1430 circumdanti
308 1400 509 1429 commercium
536 1408 668 1436 exercet,
689 1408 752 1429 tum
776 1402 888 1430 demum
915 1400 990 1429 illam
1018 1400 1154 1436 ponderis
1174 1401 1313 1437 iacturam
1337 1399 1457 1435 patitur.

133 1451 225 1479 Porro
248 1451 468 1486 animadvertit,
497 1451 665 1481 hauriendae
696 1461 785 1488 aquae
807 1452 947 1480 actionem
974 1460 1029 1488 ope
1052 1452 1157 1480 situlae
1182 1451 1322 1486 probare,
1351 1457 1452 1485 aquam
1476 1449 1506 1478 in
1538 1457 1618 1484 aqua

101 1502 260 1539 gravitareg.
290 1502 424 1536 quoniam
449 1511 533 1537 quam
558 1503 681 1538 primum
712 1511 785 1538 aqua
809 1511 867 1531 eam
891 1503 999 1538 intrat,
1025 1501 1104 1530 funis
1135 1502 1278 1535 tenditur,
1307 1507 1333 1529 et
1367 1508 1467 1529 manus
1492 1499 1617 1536 pressio-

78 1560 159 1582 »nem
184 1553 289 1587 sentit,
311 1561 384 1588 quae
410 1561 551 1590 augetur,
574 1554 671 1588 prouti
695 1555 786 1591 maior
806 1554 954 1590 majorque
974 1561 1065 1589 aquae
1085 1552 1171 1588 copia
1193 1552 1310 1580 situlam
1335 1551 1518 1588 ingrediatur.

135 1603 264 1632 Tandem
296 1604 381 1632 nobis
416 1605 596 1633 memoranda
624 1603 701 1633 foret
736 1606 878 1634 sententia
906 1606 985 1634 doct.
1011 1604 1052 1633 A.
1081 1612 1136 1632 van
1166 1602 1280 1631 Linden
1315 1609 1370 1631 van
1395 1603 1448 1631 den
1471 1601 1616 1637 Heuvell,

99 1655 148 1690 qui
167 1654 198 1683 in
219 1654 420 1683 dissertatione
446 1655 822 1691 physico-Experimentali
840 1657 1040 1693 quaestionem
1061 1654 1245 1692 propositam
1263 1653 1456 1688 examinavit,
1478 1653 1615 1688 litemque

79 1707 133 1735 -de
154 1714 184 1734 ea
215 1711 304 1734 ortam
345 1706 467 1736 diremit.
512 1707 568 1735 Sed
598 1715 663 1736 cum
691 1707 758 1736 haec
783 1708 883 1737 ultima
910 1716 975 1744 pars
1004 1707 1092 1737 nobis
1122 1706 1216 1735 adhuc
1247 1705 1442 1741 pertractanda
1469 1704 1616 1741 supersit,

98 1757 250 1786 maluimus
272 1757 360 1794 huJ‘us
383 1759 538 1787 sententiae
567 1759 788 1794 explicationem
818 1760 848 1788 in
870 1766 958 1795 caput
989 1767 1112 1794 sequens
1147 1756 1321 1791 transferre,
1350 1764 1434 1791 quam
1474 1756 1520 1785 bis
1543 1754 1619 1784 forte

98 1808 190 1839 endem
212 1808 423 1844 proponendo,
444 1809 533 1846 hujus
558 1810 728 1847 scriptionis
751 1809 861 1839 limites
881 1810 990 1846 latius,
1015 1818 1099 1846 quam
1125 1817 1176 1845 par
1202 1814 1267 1844 cst,
1289 1808 1450 1837 extendere.

1550 1855 1620 1887 CA-

80 1930 86 1937 ,
122 1908 170 1937 (ι)
192 1909 254 1932 eoos.
270 1908 378 1932 Newton·
397 1911 453 1933 Ρῑιὲι.
475 1912 528 1934 Nn.
548 1912 622 1936 Ptine.
643 1913 715 1937 Math-
740 1913 765 1936 L.
777 1913 805 1935 11.
827 1911 954 1938 Prop.xx.
979 1913 1060 1934 coron.
1076 1911 1100 1933 6.

121 1949 173 1977 (2)
193 1949 216 1971 ln
233 1950 373 1978 Jaarboeken
395 1952 436 1972 der
454 1953 585 1977 Wetensch.
608 1960 637 1977 en
656 1955 761 1976 Kunsten.
775 1953 800 1976 in
817 1954 857 1976 het
873 1952 1004 1981 Koningrljk
1026 1953 1124 1976 Holland
1135 1968 1143 1983 ,
1165 1953 1225 1975 Deel
1240 1951 1270 1975 11.
1294 1957 1317 1980 p.
1329 1949 1357 1974 62
1375 1955 1434 1981 sqq,

125 1990 179 2020 (a)
199 1992 262 2014 conf.
283 1997 348 2019 supra
370 1998 394 2021 ρ.
410 1997 446 2022 ις,
