1913 2417
385 95 893 131 coMMENTAr1o
952 95 1307 129 BOTANlCA.
1585 107 1606 137 9

89 183 204 214 foliam.
244 182 348 212 sceleti
367 184 500 212 nimirum
528 192 604 212 areae
627 183 846 219 parenchumate
870 183 1033 217 replentur,
1061 187 1089 210 et
1112 181 1154 210 sic
1180 180 1314 211 foliorum
1339 186 1476 217 stratum,
1499 188 1531 209 ut
1554 181 1592 210 ita

89 236 200 271 dicam,
221 234 343 263 medium
364 234 523 270 formatur,
556 234 634 270 quod
654 233 680 263 si
705 242 719 262 a
742 233 844 269 quavis
869 239 949 269 parte
972 233 1029 262 alio
1057 238 1148 261 strato
1171 240 1207 261 ex
1224 231 1406 269 Epidermide
1427 239 1454 261 et
1472 232 1590 261 Cortice

90 287 238 316 constanti
262 286 452 322 investiatur,
474 286 582 315 factum
606 293 648 314 est
672 283 788 313 folium.

128 337 351 367 Parenchumate
378 346 446 366 vero
468 337 588 366 Cortice
612 342 639 364 et
665 336 867 372 Epiderrnide‚
894 342 927 364 ut
951 336 1018 364 haec
1049 335 1113 364 folii
1146 335 1283 364 formatio
1314 335 1444 364 obtineat
1476 335 1595 369 locum,

91 389 229 417 sceletum
252 387 527 417 investiri-necesse
548 393 609 422 est,
639 387 695 416 nisi
725 388 797 415 enim
830 387 953 415 sceletus
986 387 1066 415 hisce
1101 386 1271 415 investiatur
1305 386 1456 423 partibus,
1485 386 1545 414 abit
1569 386 1599 414 in

90 440 229 476 cyrrhos,
250 447 326 475 quos
348 445 444 468 costas
471 447 532 467 esse
555 439 651 467 sceleti
674 438 812 468 foliorum
840 438 1059 474 parenchumate
1080 444 1107 466 et
1123 438 1232 467 cortice
1255 444 1400 472 carentes,
1422 445 1503 472 seqq.
1530 437 1600 466 satis

91 489 207 526 probari
228 490 345 518 videtur
372 489 413 519 10.
439 491 517 525 quod
538 489 565 518 in
587 490 713 526 ejusdem
739 489 844 526 speciei
870 489 975 525 plantis
989 489 1082 517 eadem
1103 488 1212 517 divisio
1226 489 1396 525 cyrrhorum
1411 489 1505 523 adsit,
1530 496 1603 523 quae

94 540 124 568 in
148 542 252 570 sceleto
284 540 424 569 foliorum
459 541 648 577 observatum
677 541 719 572 20.
747 542 826 577 quod
849 539 945 577 cyrrhi
969 540 1122 575 aliquando
1154 540 1183 568 in
1207 539 1278 568 folia
1304 539 1423 575 abeantg,
1457 539 1498 575 30.
1523 540 1602 575 quod

94 592 191 627 cyrrhi
215 592 352 622 foliorum
376 593 463 622 situm
490 600 667 629 sequantur,
688 593 738 621 sic
762 601 793 622 v.
817 601 845 622 c.
871 591 1038 620 Passiflorae
1060 599 1116 620 una
1144 590 1256 627 species
1283 590 1353 619 folia
1379 591 1536 627 opposita,
1564 593 1604 619 al-

92 648 150 671 tera
167 651 236 671 vero
261 644 373 679 species
399 644 470 672 folia
497 645 624 679 alterna,
655 644 762 679 quibus
788 643 889 679 cyrrhi
915 649 1121 678 opponuntur,
1152 642 1286 677 exhibet3
1317 641 1361 678 4⁰.
1384 643 1464 677 quod
1492 643 1606 671 eosdem

93 693 190 729 cyrrhi
215 702 321 723 succos
343 695 512 730 continent,
536 704 610 730 quos
633 694 721 730 folia,
742 694 856 723 eandem
880 695 1023 722 materiem
1040 694 1158 723 viridem
1178 693 1357 727 resinowrn,
1380 693 1477 721 eadem
1499 693 1607 721 ratione

93 744 206 772 eosdem
230 744 366 773 humores
388 746 542 780 exhalant,
563 746 735 780 absorbent,
758 753 843 780 quos,
857 745 1024 780 absorbere,
1045 745 1174 773 exhalare
1198 744 1291 772 solent
1315 743 1385 772 folia
1409 745 1505 781 (12).

136 794 216 822 Folia
241 794 349 831 igitur,
371 802 404 824 ut
428 796 457 824 in
479 796 554 825 viam
573 797 701 831 redeam,
731 804 746 824 e
765 796 859 824 tribus
884 796 968 832 quasi
988 795 1086 824 stratis
1108 800 1264 830 constant,
1296 803 1420 830 quorum
1447 794 1570 823 medium
1594 803 1610 823 e

101 845 155 873 reti
176 846 332 874 vasculoso
349 847 394 875 vel
420 848 546 882 sceleto,
568 847 597 876 in
619 847 690 875 areis
706 847 767 875 suis
786 848 903 883 pulpam
926 847 1112 881 continente,
1134 845 1343 881 constituitur,
1364 846 1503 875 exteriora
1522 855 1611 880 vero,

96 903 171 931 quae
195 896 230 924 ab
257 903 377 932 utraque
399 904 478 934 parte
502 898 558 928 hoc
590 904 711 927 stratum
740 899 863 927 medium
895 897 1076 932 investium,
1107 905 1121 926 e
1149 896 1289 932 Cortice,
1319 905 1369 933 per
1393 897 1607 933 Epidermidem

97 951 194 983 tecto,
215 954 362 979 constant.

799 1002 826 1038 S·
868 1009 895 1037 3·

257 1077 344 1107 Folia
364 1080 404 1109 sic
425 1084 492 1109 orta
511 1080 700 1111 involvuntur
715 1079 847 1118 primum
864 1078 1003 1117 gemmis,
1025 1086 1044 1106 a
1065 1077 1167 1116 quibus
1188 1075 1254 1107 dein
1277 1076 1455 1107 liberamur.

139 1151 279 1184 Gemmae
297 1156 435 1185 dicuntur
457 1156 522 1186 illae
537 1159 698 1194 plantarum
717 1163 833 1194 partes,
856 1164 927 1192 quae
947 1156 981 1184 de
1002 1156 1084 1184 caule
1109 1154 1293 1184 adscendenti
1317 1161 1472 1191 exeuntes,
1493 1153 1615 1191 primor-

98 1203 145 1233 dia
169 1214 333 1243 ramorum,
363 1207 521 1244 foliorum,
548 1210 594 1238 vel
611 1209 715 1238 florum
738 1208 942 1242 continentes,
971 1215 1004 1235 ea
1023 1206 1186 1235 investiant
1207 1212 1235 1234 et
1257 1206 1292 1234 ab
1326 1206 1442 1242 injuriis
1465 1204 1616 1239 qualibus-

99 1264 217 1293 cunque
239 1258 364 1287 externis
387 1259 555 1289 defendunt.
596 1261 676 1289 Actu
701 1258 912 1296 vegetationis,
941 1265 1016 1293 quae
1039 1258 1070 1286 in
1093 1258 1150 1286 hoc
1174 1265 1244 1286 casu
1267 1257 1306 1285 ita
1323 1261 1462 1290 augetur,
1491 1260 1522 1282 ut
1542 1254 1619 1282 limi-

99 1311 143 1334 tes
166 1315 238 1336 suos
264 1309 380 1345 vincat,
402 1310 470 1339 oriri
491 1311 598 1348 (13),
627 1311 663 1339 ad
688 1318 842 1346 earumque
874 1307 1077 1337 formationem
1108 1308 1217 1337 Cortex
1246 1305 1454 1345 prae-reliquis
1485 1304 1615 1341 partibus

100 1357 209 1392 ¹'equiti
232 1360 318 1397 (¹4)
343 1361 492 1392 videntur.
533 1361 669 1391 Gemmae
696 1362 727 1391 in
755 1368 855 1398 genere
877 1359 1049 1388 dividuntur
1071 1359 1102 1386 ln
1134 1356 1275 1386 floriferas
1301 1356 1442 1393 (houtons
1471 1357 1490 1384 ὰ
1508 1356 1618 1392 fruit)

99 1413 130 1436 et
157 1407 298 1436 foliiferas
319 1412 457 1445 (bornam
483 1414 502 1436 c>
522 1413 600 1444 bon,
630 1419 665 1436 ou
689 1413 708 1436 a
731 1408 874 1444 feullies)
889 1427 900 1442 ,
936 1415 1057 1443 quarum
1080 1408 1145 1436 illae
1166 1409 1337 1444 plerumque
1364 1407 1453 1442 magis
1477 1406 1617 1435 rotundae

107 1463 135 1485 et
151 1465 262 1486 crassae
283 1465 371 1495 sunt,
392 1459 446 1487 hae
465 1468 533 1488 vero
556 1459 717 1494 tenuiores,
741 1458 887 1494 longiores
907 1463 934 1485 et
951 1459 1040 1494 magis
1059 1459 1234 1488 acuminatae
1248 1458 1500 1494 deprehenduntur
1516 1457 1578 1493 (15
1586 1457 1614 1494 ).

101 1507 146 1537 De
183 1508 229 1537 his
266 1510 351 1538 nobis
388 1517 499 1539 tantum
535 1511 672 1546 agendum
706 1515 761 1538 est.
821 1508 958 1538 Gemmae
998 1509 1049 1537 hae
1084 1509 1183 1538 tubera
1220 1509 1359 1539 conoidea
1395 1506 1545 1542 formant,
1590 1513 1618 1536 et

104 1559 238 1589 oriuntur
260 1561 295 1590 ad
318 1561 461 1598 angulos,
484 1569 558 1597 quos
584 1561 685 1597 petioli
712 1559 850 1589 foliorum
876 1569 940 1589 cum
965 1569 1042 1589 ramo
1067 1560 1214 1596 formant,
1237 1567 1264 1589 et
1283 1570 1298 1589 a
1322 1560 1438 1594 succis,
1461 1559 1490 1587 in
1514 1558 1619 1593 nodis,

1553 1617 1619 1645 qut-

131 1699 199 1728 (12)
215 1699 267 1721 Vid.
288 1699 317 1721 II.
340 1699 362 1722 C.
383 1706 425 1719 van
445 1700 486 1719 der
500 1700 557 1720 Boon
577 1699 668 1727 memb,
688 1700 807 1726 Resporm‘o
824 1700 924 1727 praemio
944 1705 1026 1720 ornata
1041 1699 1071 1720 ad
1090 1699 1246 1728 Quaestionem
1267 1698 1414 1725 Botanicam,
1428 1696 1532 1723 Lugduni
1552 1696 1621 1718 Bata.

106 1746 180 1760 vorum
200 1746 238 1763 an.
260 1740 315 1762 18¹8
329 1741 480 1769 proptm'mm,
498 1741 530 1761 εἰσ
550 1747 571 1761 se
585 1741 713 1761 habentem:
733 1741 862 1768 Quaeritur
883 1741 908 1762 de
923 1742 1012 1762 ratione
1034 1747 1088 1767 quae
1108 1745 1141 1761 est
1162 1740 1225 1761 inter
1245 1744 1380 1760 structuram
1399 1743 1421 1759 er
1435 1738 1530 1766 formam
1548 1742 1623 1759 exscr-

108 1785 155 1800 nam
173 1781 301 1807 plantarum
321 1786 362 1803 etc.
384 1788 431 1810 pag.
449 1789 486 1808 44.

135 1823 200 1849 (13)
219 1821 268 1845 viu.
288 1823 406 1850 Sprengcl,
425 1824 491 1843 ueher
512 1823 552 1844 ‹It-n
573 1824 621 1844 Bau
642 1828 683 1847 etc,
703 1824 719 1846 l.
739 1829 758 1846 t.
780 1829 801 1846 c.
817 1823 845 1845 X.
868 1823 886 1848 S.
900 1825 935 1848 84.

136 1862 204 1891 (¹4)
223 1864 274 1885 Vid.
298 1864 436 1892 stam-bier,
457 1865 472 1887 Ι.
492 1872 509 1887 c.
531 1866 589 1888 T.1.
611 1872 632 1892 p-
650 1870 689 1891 5⁹.
708 1870 748 1891 ³9³
767 1871 801 1892 ‘q-

138 1904 204 1930 (ις)
220 1904 356 1933 δεηηεόίεν,
371 1907 390 1928 Τ
411 1906 421 1928 1
447 1912 495 1933 pag‘
510 1906 559 1932 326.
590 1905 695 1933 Sprcngcl
710 1906 764 1925 iiber
781 1905 824 1926 dan
835 1905 886 1926 Bau
901 1909 959 1934 eun,
975 1912 994 1928 c.
1011 1905 1039 1927 X.
1053 1904 1072 1932 ἓ.
1088 1907 1122 1931 85·
1156 1904 1179 1927 C.
1194 1905 1217 1927 F.
1231 1905 1339 1926 Brissean
1353 1890 1453 1930 1¹15<thss
1476 1901 1558 1923 Traite
1569 1900 1622 1921 d’A-
1656 1909 1660 1911 ’

108 1944 207 1964 nnumin
228 1950 250 1965 et
271 1944 408 1973 P}.>:folag1·‘
427 1947 557 1975 l’cgcealu,
578 1949 605 1970 T.
619 1948 636 1970 1.
656 1953 705 1976 2¹9·
733 1947 771 1969 Du
785 1947 878 1974 Han-el,
896 1948 924 1969 Τ.
938 1948 957 1970 1.
975 1953 1024 1976 pag.
1040 1953 1089 1972 ιω.
1108 1947 1177 1970 Livi-e
1189 1948 1217 1970 u.
1238 1948 1270 1969 Pl.
1284 1945 1343 1967 vui.
1364 1944 1401 1971 fig.
1417 1943 1442 1967 18
1455 1948 1478 1965 et
1495 1949 1527 1970 ¹9.

915 1988 937 2016 Β
