1913 2417
314 200 346 225 12
570 192 810 230 JACOB1
868 191 1176 224 HERMANI
1234 195 1545 228 PHnwsE

315 278 422 307 Absens
449 274 654 305 condemnatus
673 277 731 311 sit,
762 282 854 311 neque
876 282 908 303 se
926 274 956 304 in
977 276 1109 313 judicio,
1138 285 1196 313 quo
1226 280 1432 309 condemnatus
1453 286 1515 315 est,
1542 279 1693 310 defendere
1723 286 1831 317 potue-

316 329 374 364 rit;
396 334 465 356 tunc
492 327 565 355 enim
585 326 704 355 effectus
723 325 827 354 mortis
848 325 943 354 civilis
965 328 1060 355 locum
1071 329 1139 363 :non
1161 328 1281 358 babeant
1303 338 1367 360 ante
1383 330 1630 367 quinquennium,
1656 339 1827 368 computan-

316 380 384 408 dum
414 387 429 407 a
452 378 498 407 die
528 386 588 413 quo
612 377 753 405 sententia
778 376 957 405 exsecutioni
980 378 1043 406 data
1068 385 1110 406 est
1133 381 1165 407 in
1189 381 1274 417 effigie
1298 382 1352 418 (a.
1373 383 1466 419 27.)‚
1494 383 1621 418 adeoque
1642 382 1754 410 interim
1777 381 1828 410 bo-

317 437 418 459 norum
441 428 642 464 proprietatem
664 427 792 455 nondum
815 427 946 456 amisisse
969 428 1099 458 videatur
1122 429 1256 467 Absens,
1286 440 1378 468 neque
1393 433 1442 470 jtis
1467 432 1636 462 succedendi
1656 439 1833 462 concessum-

319 479 411 517 ipsius
437 477 588 507 heredibus
609 477 766 506 secundum
788 483 850 507 art.
866 485 923 514 25..

1026 558 1054 593 §.
1095 567 1133 588 2.-

357 633 397 662 Et
418 633 460 661 sic
489 633 604 669 quidem
627 639 759 662 constare
779 638 896 669 potest,
926 632 1034 668 quibus
1057 635 1188 670 personis
1213 636 1360 673 legislator
1390 637 1441 666 hac
1467 639 1526 674 lege
1558 637 1757 673 prospexerit:
1784 635 1837 665 vi·-

316 685 431 713 deamus
454 684 509 720 jam
535 692 672 719 quaenam
694 690 760 713 ante
782 684 876 712 omnia
901 683 930 712 in
949 684 1001 712 hac
1025 685 1139 713 materia
1162 686 1326 723 explicanda
1350 688 1483 722 veniant,
1505 696 1634 724 quaeque
1659 688 1752 723 primo
1773 686 1824 715 lo-

314 742 359 763 co-
374 734 531 763 necessaria
553 735 666 763 duxerit
687 734 834 770 legislator
847 755 860 770 ‚
879 741 912 763 ut
932 734 1105 764 Absentium
1129 738 1289 766 commodis
1315 738 1368 767 rite
1394 739 1585 768 consulatur..

354 784 408 814 Uti
434 794 519 822 supra
538 785 596 822 jam
621 784 811 821 monuimus,
839 792 958 822 urgente
983 792 1093 815 tantum
1115 788 1282 816 necessitate
1314 789 1391 825 leges
1417 788 1655 818 administrationi
1684 788 1836 817 bonorum,

316 834 494 871 privatorum
516 835 624 865 civium
652 835 898 872 prospicerffisic
920 836 995 865 idem
1018 845 1033 865 e
1053 836 1153 873 primis
1178 843 1240 867 art.
1262 846 1315 867 112
1340 839 1455 875 verbis,
1483 840 1577 876 hujus
1593 839 1739 869 doetrinae
1760 838 1827 867 fun·

314 886 476 915 damentutn
500 886 678 915 constituere
700 892 832 922 apparet,
860 893 945 922 atque
969 895 1002 916 ex
1023 895 1057 915 eo
1080 887 1175 916 omnia
1192 887 1240 916 illa
1262 897 1334 925 quae
1356 890 1387 919 in
1416 890 1593 919 Absentiam·
1615 890 1734 927 gratiam
1757 896 1837 918 con«

318 937 423 966 stituta
447 936 708 973 deprehendimus,
729 937 849 965 derivari
872 943 900 966 et
920 937 1009 966 veluti
1029 937 1145 966 initium
1166 946 1285 976 caperc;
1307 940 1376 970 adeo
1399 948 1432 970 ut
1453 950 1511 970 non
1534 941 1651 976 statim,
1671 945 1836 977 postquam:

321 987 357 1015 do
376 987 515 1016 Absentis
543 994 621 1016 sorte
641 994 737 1016 exorta
758 986 846 1016 fuerit
860 988 1022 1024 dubitatio,
1043 989 1162 1017 remedia
1183 990 1309 1020 adhiberi
1325 999 1439 1020 necesse
1453 992 1512 1027 sit,
1534 992 1582 1020 sed
1602 999 1664 1020 tum
1689 991 1800 1019 demum
1812 1009 1833 1024 ‚.

319 1032 387 1065 cum
406 1037 481 1066 bona
503 1037 538 1066 ab
560 1038 615 1066 illo
640 1038 738 1067 relicta
760 1038 916 1074 periclitari
945 1039 1109 1075 incipiunt,
1139 1046 1166 1068 et
1196 1041 1272 1070 vitae
1305 1041 1399 1071 civilis
1430 1043 1551 1082 negotia
1575 1041 1696 1071 efficacia
1726 1039 1836 1070 auxilia.

317 1088 500 1124 expostulare
522 1088 671 1117 videntur:
695 1089 774 1124 quod
796 1089 928 1125 profecto
963 1089 993 1118 in
1018 1089 1154 1118 societate
1171 1091 1252 1120 civili
1275 1093 1444 1129 degentibus
1467 1102 1503 1122 ex
1523 1097 1630 1121 mutua<
1643 1092 1717 1120 inter
1738 1089 1834 1119 homi·

317 1146 368 1168 nes
393 1139 622 1175 necessitudine,
644 1146 673 1168 et
694 1146 811 1176 propter
830 1140 963 1176 negotia,
985 1148 1056 1176 quae
1081 1149 1146 1170 cum
1169 1141 1233 1171 aliis
1258 1143 1456 1180 componenda
1482 1142 1606 1178 habent,
1633 1148 1683 1171 aut
1707 1143 1770 1180 jura
1791 1141 1838 1170 ab:

318 1189 356 1218 iis
382 1189 553 1219 vindicanda
578 1190 665 1228 (6),
693 1190 823 1226 quotidie
844 1197 871 1219 et
893 1199 955 1220 non
975 1191 1014 1220 ita
1039 1191 1090 1221 diu
1112 1199 1182 1227 post
1203 1202 1286 1229 quam
1307 1195 1415 1231 aliquis
1436 1203 1475 1223 ex
1496 1193 1645 1223 hominum
1669 1197 1830 1229 conspectu

322 1240 414 1276 abiit,
435 1241 560 1270 accidere
582 1247 691 1277 potest.
731 1241 855 1270 Absenti
879 1248 983 1270 autem*
1002 1251 1036 1271 eo
1059 1243 1202 1280 imprimis
1226 1245 1410 1282 consulitur,
1439 1246 1521 1282 quod·
1539 1253 1598 1274 non
1623 1243 1729 1272 statim-
1744 1240 1839 1270 tertie·

322 1291 436 1320 cuidam
459 1298 588 1328 potestas
617 1292 790 1321 concedatur
810 1291 904 1328 ipsius
928 1292 1052 1322 rationes
1075 1296 1306 1332 perscrutandi„
1324 1305 1392 1325 cum
1416 1293 1835 1326 fortassevanimumffcitowe·

319 1342 446 1371 vertendi
469 1341 620 1378 habuerit,
642 1349 670 1371 et
691 1342 845 1378 peculiaria
867 1350 1011 1372 momenta
1034 1352 1099 1372 eum
1119 1345 1304 1382 impulerint,
1332 1355 1368 1375 ne
1389 1355 1459 1375 suos
1483 1347 1519 1375 de
1541 1346 1696 1374 Absentias
1719 1342 1833 1372 caussis

319 1392 454 1421 certiores
484 1392 612 1428 faceret,
642 1393 848 1429 autvcuiquam
883 1395 995 1423 interim
1021 1395 1295 1425 administrationem
1327 1396 1470 1426 bonorum
1499 1396 1688 1425 demandaret.
1728 1393 1782 1422 Sed
1804 1391 1834 1420 si

321 1442 438 1479 aliquid
455 1443 490 1471 ab
512 1443 640 1472 Absente
655 1453 713 1473 non
735 1445 895 1480 praevisum
912 1445 1044 1473 acciderit
1057 1466 1068 1480 ,
1088 1452 1138 1474 aut
1160 1446 1211 1474 ubi
1230 1445 1305 1475 foret
1327 1448 1490 1483 periculum
1514 1447 1543 1476 in
1569 1447 1667 1480 mora,
1688 1444 1737 1472 hic
1755 1442 1835 1480 iudi·

319 1493 361 1522 cis
396 1500 440 1522 est
473 1494 658 1530 intercedere,
687 1501 714 1523 et
737 1496 898 1524 commodis
925 1496 1098 1524 Absentium
1129 1497 1301 1533 invigilare..
1334 1498 1431 1536 Quum
1463 1506 1532 1526 vero
1562 1493 1826 1533 singuliscaussis

326 1544 494 1579 plerumque
515 1544 720 1573 diversissimis
741 1554 800 1574 non
825 1546 908 1575 facile
932 1547 1097 1582 prospicere
1124 1547 1267 1582 potuisset
1292 1548 1456 1584 legislator,
1488 1547 1598 1584 optime
1616 1546 1688 1575 illud
1715 1544 1822 1582 judicis

319 1595 484 1629 prudentiae
507 1595 638 1624 relictum
661 1596 800 1631 videtur,
828 1602 859 1625 ut
888 1596 963 1625 bene
982 1605 1015 1625 ex
1039 1597 1169 1633 cujusvis
1202 1603 1278 1625 statu
1304 1598 1442 1635 colligat,
1468 1606 1563 1628 utrum
1587 1596 1752 1633 petentibus
1774 1595 1832 1630 iis,

324 1653 448 1680 quorum
474 1646 606 1682 intersit,
635 1647 705 1683 legis
739 1648 876 1676 auxilium
907 1647 1068 1676 necessario
1098 1647 1290 1683 desideretur,
1318 1657 1353 1677 an
1377 1657 1444 1678 vero
1477 1649 1563 1677 rebus
1588 1648 1618 1677 in
1643 1653 1739 1681 statu,
1770 1652 1830 1680 quo

320 1702 488 1732 versentur,
512 1696 637 1732 relictis,
659 1697 772 1725 Absens
799 1698 905 1726 nullam
926 1699 1065 1735 jacturam
1082 1697 1213 1727 facturus
1235 1699 1296 1734 sit,
1325 1706 1352 1728 et
1375 1700 1416 1728 sic
1439 1701 1501 1737 ejus
1524 1706 1623 1727 arcana
1644 1697 1706 1726 sine
1725 1703 1829 1725 caussa

322 1747 491 1780 perscrutari
512 1755 571 1776 non
595 1749 749 1776 conducat.

361 1795 458 1832 Quum
482 1797 524 1826 sic
547 1806 605 1827 non
629 1799 690 1827 sinc
709 1799 851 1835 scrupulo
876 1799 1073 1835 legislatorem.
1087 1800 1237 1836 procedere
1258 1807 1389 1837 appareat
1413 1801 1448 1829 ad
1464 1799 1588 1829 rationes
1610 1796 1749 1826 Absentis
1768 1803 1832 1832 per-

328 1846 503 1882 qu³rendas,
532 1855 559 1876 et
580 1849 642 1877 aliis
665 1849 851 1885 aperiundas,
881 1850 946 1878 hinc
979 1858 1096 1886 quoque
1123 1851 1228 1886 judicis
1262 1852 1458 1879 auctoritatem
1493 1858 1551 1878 non
1578 1848 1684 1885 exigit,
1713 1847 1738 1875 si
1763 1845 1830 1882 quis

323 1894 514 1932 longinquum
543 1898 621 1929 forte.
641 1900 693 1928 iter
718 1900 901 1936 suscipiens,
931 1901 1049 1929 aut-diu
1069 1909 1099 1929 se
1116 1901 1284 1929 abfuturum
1304 1902 1490 1937 praevidens,
1518 1905 1732 1936 procuratorem
1757 1905 1828 1925 con-

1785 1953 1838 1976 sti-

351 2021 403 2050 (6)
424 2023 475 2047 vid,
495 2024 580 2054 Lmr,
592 2025 611 2048 1.
628 2026 646 2049 l.
665 2033 687 2054 p·
702 2032 759 2056 299,
779 2026 816 2055 qui
837 2028 900 2055 plura
923 2027 1014 2051 exhibet
1035 2029 1139 2057 exempl:
1158 2027 1300 2056 negotiorum
1319 2026 1402 2054 judici:
1416 2026 1580 2050 inuam-itatem
1598 2023 1780 2049 desldanntlum.
