1913 2417
389 143 662 177 RESPONSIO
693 141 741 173 AD*
770 137 1133 183 QUAESTIONEM
1162 137 1487 172 LrTERARIAM.
1666 143 1702 177 Γ]

184 231 365 266 «insolentia,
388 229 548 259 acerbiores
573 229 602 258 in
627 227 773 264 exigendis
796 225 915 254 tributis
939 224 1063 258 fiebant,
1092 222 1236 252 sociorum
1267 223 1418 258 opiniones
1448 229 1498 251 aut
1531 230 1590 252 non
1612 232 1694 252 cura·

190 284 283 318 bant,
302 289 349 311 aut
371 289 407 311 ne
433 281 571 317 rogabant
592 279 723 315 quidem,
746 278 784 306 ita
804 284 856 312 nt,
879 277 903 304 si
924 284 974 304 eos
998 274 1177 310 excipimus,
1200 273 1249 309 qui
1269 274 1358 309 quieti
1381 281 1407 302 et
1425 274 1487 303 otio
1511 282 1542 303 se
1560 283 1619 303 uon
1638 281 1698 304 tra-r

186 335 337 369 diderant‚
360 333 411 361 sed
437 332 627 361 Athenienses
649 330 678 358 in
704 330 778 358 bello
807 328 928 365 gerendo
952 327 1139 364 adjuverant,
1168 325 1276 360 quique
1304 325 1393 360 igitur
1417 326 1508 353 adhuc
1533 327 1699 356 metueban-

190 391 239 415 t-ur
263 385 297 413 ab
322 384 410 420 ipsis,
436 383 538 411 caeteri
563 382 656 417 socii,
680 381 754 410 haud
774 380 812 408 ita
844 379 936 407 multo
960 384 1028 414 post
1060 377 1158 404 initam
1188 376 1372 410 societatem,
1399 376 1515 404 nomine
1539 378 1697 414 αὐτόνομοι,

192 445 287 466 revera
310 437 366 473 jam
392 436 500 468 ὑπήκοοι
524 440 636 468 essent,
666 432 746 468 quod
768 439 847 467 aegre
870 429 991 458 ferentes
1015 428 1112 464 plures
1137 426 1269 455 civitates
1296 434 1357 455 sese
1377 427 1448 463 jugo
1473 427 1589 455 liberare
1613 437 1701 457 cona-

184 494 230 518 tae
253 494 341 516 sunt:
365 494 462 515 verum
486 485 534 513 ille
554 484 703 513 deficiendi
727 489 849 512 conatus
870 487 946 509 certe
969 486 1035 508 ante
1060 478 1165 506 bellum
1194 476 1491 513 Peloponnesiacum,
1518 478 1607 506 nullis
1635 478 1699 507 feli·

185 540 260 569 citer
276 538 381 567 evenit.
423 536 543 572 Naxos,
565 544 638 572 quae
660 538 697 565 A.
712 535 769 573 466
788 532 910 567 defecit,
932 530 1023 567 prima
1044 538 1078 558 ex
1095 529 1184 559 sociis
1208 529 1377 558 civitatibus
1402 529 1532 566 subjecta
1553 537 1596 558 est
1611 530 1701 568 (1),

185 591 288 621 deinde
309 590 426 618 Thasos
451 588 490 617 A.
518 588 594 625 463,
616 595 705 623 quum
726 594 775 622 per
795 585 880 613 trium
897 590 1036 611 annorum
1055 581 1180 618 spatium
1201 580 1428 609 Atheniensibus
1447 580 1604 610 restitisset
1619 581 1699 618 (2).

190 640 357 672 Verisimile
377 647 439 676 est,
461 640 568 668 multos
594 638 691 667 socios
715 637 753 666 A.
773 644 851 673 449,
873 635 902 663 id
922 641 987 669 est,
1009 641 1078 669 pace
1099 641 1164 661 cum
1190 631 1282 660 Persis
1300 631 1393 666 facta,
1414 631 1571 661 defecisse:
1596 641 1701 668 causa,

188 694 267 724 enim
301 691 450 723 societatis
480 690 619 719 ineundae
647 689 786 723 sublata,
814 688 890 715 haud
922 693 1024 714 temere
1053 685 1195 721 conjicere
1226 683 1312 712 nobis
1340 683 1488 719 videmur,
1515 683 1614 712 socios
1643 691 1705 712 non

189 753 287 781 aequo
314 744 410 772 animo
441 743 566 778 vidisse,
596 749 626 769 se
645 761 655 776 ‚
684 739 887 768 defensoribus
920 746 981 767 non
1015 737 1139 772 amplius
1166 735 1346 772 indigentes,
1373 740 1467 763 tamen
1499 735 1533 763 ad
1563 733 1708 763 defensio-

189 805 254 827 nem
279 804 361 825 suam
386 792 613 823 Atheniensibus
637 790 772 827 pecunias
796 791 861 819 dare
884 789 992 818 debere.
1033 788 1129 816 Insula
1153 786 1253 815 Samos
1277 786 1392 815 demum
1423 788 1462 815 A.
1483 794 1539 823 440
1565 794 1579 813 a
1600 785 1706 814 Pericle

191 847 349 877 obsidione
375 851 459 880 capta
483 850 511 872 et
532 843 664 879 subjecta
686 848 751 876 est,
773 841 909 876 quoniam
930 840 1041 869 scilicet
1058 847 1139 867 suam
1162 846 1228 867 cum
1246 837 1371 866 Milesiis
1394 836 1600 865 dissensionem
1618 837 1709 865 Athe-

190 898 336 930 niensium
359 895 478 925 arbitrio
500 894 679 923 committere
701 892 845 921 noluisset
872 892 949 928 (3).
995 890 1141 919 Credibile
1161 896 1205 917 est
1226 888 1329 923 etiam,
1357 889 1461 916 mult-as
1488 887 1617 916 civitates
1649 895 1709 915 non

189 948 335 979 defecisse
359 946 494 983 quidem,
524 945 575 974 sed
603 943 796 973 nihilominus
821 941 958 979 paulatim
986 942 1021 970 ad
1044 941 1159 969 eandem
1192 949 1223 969 ac
1256 946 1379 968 caeteras
1411 945 1516 967 sortem
1551 938 1644 966 fuisse
1668 946 1711 967 re-

189 1002 303 1031 dactas.
343 997 424 1027 Aliae
445 1003 564 1032 quoque
593 995 690 1024 statim
722 995 829 1028 ὑπήκοοι
855 993 948 1021 factae
981 998 1069 1027 sunt,
1095 999 1167 1027 quae
1201 990 1403 1026 Aeginetarum
1432 989 1550 1017 fortuna
1581 988 1657 1024 fuit,
1685 989 1712 1017 si

191 1051 330 1088 quidem,
352 1047 510 1077 secundum
538 1046 704 1082 opinionem
725 1051 854 1074 nostram
872 1045 924 1081 (v.
950 1052 980 1079 p.
1004 1044 1076 1080 10.)
1101 1042 1243 1077 foederis,
1267 1049 1331 1070 cum
1351 1039 1577 1069 Atheniensibus
1602 1041 1638 1068 A.
1654 1047 1711 1077 470

194 1103 287 1137 facti,
317 1098 473 1137 participes
498 1105 558 1126 non
581 1096 700 1126 fuerint.
749 1097 833 1126 Certe
856 1097 895 1125 A.
912 1103 970 1132 457
1000 1102 1030 1123 se
1053 1094 1223 1123 submittere
1247 1092 1340 1121 coacti
1365 1097 1433 1120 sunt
1459 1090 1505 1119 his
1536 1089 1712 1118 conditioni·

196 1154 275 1188 bus,
297 1158 330 1181 ut
352 1158 452 1179 muros
476 1149 641 1184 diruerent,
663 1156 750 1177 naves
771 1148 913 1176 traderent
931 1152 958 1174 et
975 1145 1006 1174 in
1029 1151 1176 1182 posterum
1193 1143 1299 1172 ferrent
1316 1143 1456 1172 tributum
1483 1141 1563 1178 (4).
1604 1140 1712 1178 Quam-

198 1213 284 1241 quam
320 1209 420 1239 postea
455 1202 602 1235 ’Λθηναίων
631 1200 810 1232 ὑπακούοντες
826 1219 836 1234 ,
864 1198 934 1234 ὅμως
967 1198 1029 1232 πρὸς
1064 1197 1111 1230 τὴν
1136 1196 1238 1226 ἐκείνων
1266 1195 1375 1230 γνώμην
1403 1193 1458 1223 αἰεὶ
1485 1192 1605 1222 ἔσωσαν
1631 1192 1709 1229 (5).

196 1256 269 1285 Jtem
293 1254 445 1288 Potidaea,
467 1251 636 1288 Olynthus,
659 1251 789 1286 aliaeque
814 1249 844 1278 in
862 1248 1032 1277 Macedonia
1055 1247 1207 1282 civitates,
1231 1253 1303 1282 quae
1319 1253 1334 1273 a
1355 1243 1527 1280 Thucydide
1555 1242 1585 1271 in
1609 1249 1712 1278 quarto

181 1307 274 1336 :libro
297 1306 328 1335 in
351 1304 473 1339 ὑπηκόοις
501 1308 708 1337 numerantur,
737 1308 895 1337 numquam
930 1300 1078 1335 αὐτονομίᾳ
1110 1305 1177 1326 usae
1206 1297 1350 1325 videntur.
1391 1294 1446 1323 Sed
1477 1295 1545 1322 haec
1567 1294 1601 1322 de
1619 1294 1714 1330 primo

196 1357 384 1386 subditorum
413 1361 514 1389 genere
538 1352 702 1387 sufficiant,
733 1359 810 1380 nunc
837 1351 872 1378 ad
894 1350 1033 1383 alterum,
1055 1348 1084 1376 id
1103 1354 1167 1383 est,
1188 1347 1223 1375 ad
1246 1346 1427 1382 κληρουχίαις,
1449 1344 1607 1373 veniamus.

238 1406 386 1435 Nimirum
414 1412 479 1431 cum
513 1404 560 1430 alii
583 1402 721 1430 Graeciae
752 1399 878 1436 populi,
906 1406 966 1427 tum
991 1398 1182 1427 Athenienses
1209 1397 1340 1425 solebant
1366 1396 1396 1424 in
1429 1395 1555 1423 devictas
1583 1395 1714 1425 civitates

207 1463 319 1486 certum
343 1461 502 1490 pauperum
527 1452 634 1481 civium
658 1459 808 1480 numerum
834 1449 965 1484 mittere,
987 1448 1037 1484 qui
1059 1449 1105 1477 vel
1125 1454 1205 1478 totos
1232 1455 1325 1475 earum
1348 1454 1452 1482 εει-οε,
1474 1445 1519 1473 vel
1543 1452 1648 1481 partem
1672 1447 1717 1479 in-

206 1515 249 1538 ter
282 1514 313 1535 se
342 1505 526 1539 dividerent,
562 1510 610 1539 et,
641 1510 730 1539 quum
759 1501 962 1537 unusquisque
991 1499 1115 1535 aliquam
1145 1505 1231 1526 terrae
1261 1497 1422 1532 portionem
1455 1496 1615 1531 acciperet,
1645 1505 1717 1532 quae

203 1563 298 1596 κλῆρος
323 1556 503 1592 vocabatur,
524 1552 819 1592 xanpovxotsappellati
839 1558 921 1582 sunt,
960 1551 1051 1581 Erant
1075 1551 1163 1588 igitur
1187 1549 1343 1587 κληρουχία,
1366 1546 1518 1582 coloniae,
1549 1555 1619 1583 quae
1641 1554 1716 1576 vete-⁴

1676 1607 1721 1628 res

205 1685 375 1720 ξυμφέροιεν,
394 1683 469 1711 abr-0⁸⁵
489 1684 535 1716 δὲ,
555 1684 635 1711 §mire
657 1684 799 1714 ἆποςοιῖεν,
826 1681 1002 1715 ἀπαράσκευοι
1024 1679 1069 1708 καὶ
1089 1678 1175 1712 ἄποροι
1200 1678 1228 1710 ἔς
1251 1678 1295 1705 τὶν
1315 1676 1429 1708 πόλεμον
1451 1674 1599 1703 azbi-exuro.
1634 1676 1663 1699 Et
1680 1683 1721 1700 no-

202 1740 328 1762 bilissimas
347 1737 470 1758 Plutarchi
487 1739 554 1761 locus
575 1738 598 1759 in
616 1736 712 1760 Cimone
734 1742 756 1758 c.
772 1740 807 1758 rr.
829 1731 966 1759 Πλέοντοις
991 1730 1040 1761 γὰρ
1063 1726 1161 1757 αὐτοὺς
1182 1722 1375 1758 (Aemathiae)
1393 1724 1508 1754 συνεχῶς
1528 1722 1571 1746 ux}
1598 1721 1640 1746 διῐι
1666 1729 1723 1753 χει·

205 1783 247 1814 οὒς
270 1782 383 1814 ἔχοντας
408 1779 448 1806 ἀεῖ
477 1782 514 1806 τᾶ
537 1780 628 1808 ἔπλει,
654 1779 699 1804 ux)
722 1777 893 1809 τρεφομένους
918 1776 962 1801 καὶ
992 1774 1138 1803 ἀσκοῦντας
1169 1771 1198 1797 ἐκ
1226 1773 1273 1801 τῆς
1302 1769 1387 1796 αὑτῶν
1416 1767 1558 1800 cmxv-⁴123
1581 1766 1720 1797 ἐθισθέντες

208 1828 346 1861 Φοβεῑσθκι
370 1828 414 1852 καὶ
435 1828 604 1855 κολακεῦειν,
629 1824 721 1851 ἔλαθον
744 1823 803 1849 ἀντὶ
828 1823 975 1854 συμμάχων
999 1821 1138 1849 ὑποτελεῖς
1161 1819 1205 1844 uu}
1226 1816 1315 1842 δοῦλοι
1335 1814 1483 1848 γεγονότες.

239 1879 290 1906 (ι)
312 1877 406 1903 Τνιιιιμ.
424 1877 447 1905 1,
470 1879 506 1905 9⁸-
529 1871 619 1904 Πρώτη
645 1881 676 1898 τε
698 1870 766 1898 αὕτη
791 1870 870 1899 πόλις
888 1867 962 1901 (τῶν
978 1864 1105 1900 Ναξίου)
1125 1864 1264 1898 ξυμμκχῑς
1282 1865 1350 1896 παρὰ
1374 1863 1404 1890 το
1427 1860 1567 1891 κοιΘεε-ἥκῧς
1583 1858 1721 1888 &eumer

211 1921 308 1947 ’έπειτοι
330 1919 357 1944 δὲ
377 1920 420 1944 navi
448 1923 499 1945 τῶν
518 1920 624 1949 ἄλλων,
642 1919 676 1948 ὣς
702 1917 786 1948 ἑκάς-ῃ
808 1914 913 1948 ξυνέβη.

240 1969 294 1993 (2)
318 1963 411 1989 Tlmcytl.
432 1964 455 1990 l,
481 1969 533 1986 Ιοο.
700 1962 752 1988 (3)
777 1959 870 1986 Thmyd.
893 1960 914 1986 Ι,
934 1962 984 1985 ¹¹7·

238 2006 296 2035 (4)
319 2004 413 2033 Tlmcyd.
433 2004 459 2034 l,
482 2005 531 2029 108.
695 2000 865 2031 (5),Tlmcyd,
886 2001 932 2029 lv,
953 2001 988 2027 56,
