1913 2417
721 148 1228 183 οιὶΑΤιο.74
1603 158 1661 197 “25

159 236 334 271 -bmnibus
363 238 617 283 phaenomenis,
655 251 737 284 quae
779 242 820 274 ab
851 243 980 275 incertis
1012 250 1067 275 aut
1104 244 1214 277 multis
1252 245 1517 278 concurrentibus
1557 248 1661 280 causis

181 295 407 338 dependeant,
441 296 544 335 viam,
578 308 674 340 quam
720 299 864 342 sequitur
900 307 1040 338 natura,
1079 301 1223 345 detegere
1258 314 1318 334 nos
1346 303 1455 335 docet:
1486 314 1582 347 quam
1615 303 1688 362 obs

183 361 311 382 causam
338 354 419 384 hanc
445 360 545 385 artem
566 353 717 392 cuilibet,
745 366 794 386 res
820 355 963 398 publicas
983 357 1194 399 gubernanti,
1228 358 1398 391 hominum
1424 360 1559 392 salutem
1584 370 1657 404 prou

182 409 309 439 curenti
324 431 333 447 ,
355 408 487 441 effectus
513 420 679 442 causarum
702 411 898 454 inquirenti,
922 423 1019 455 quam
1046 415 1183 447 maxime
1204 415 1423 447 commendari
1448 423 1584 459 oportet.

224 465 416 497 Tristissima
448 476 558 497 revera
584 473 631 498 est
653 474 761 499 nostra
790 478 878 507 sors,
911 468 1017 501 forsan
1055 472 1134 503 mihi
1167 482 1184 502 a
1215 473 1369 515 quopiam
1404 472 1572 514 objicitur,
1604 473 1650 510 si,

179 524 227 551 tot
254 521 339 552 curis
369 527 416 552 tot
447 522 560 553 studiis
595 524 766 567 impliciti,
801 526 852 557 his
884 531 948 556 tam
984 526 1082 557 ardua
1111 534 1143 559 et
1179 527 1321 560 difficilia
1357 529 1654 561 mathematicorum

178 576 284 608 studia
308 577 482 621 adjungere
504 590 680 621 conemur,
702 584 729 614 si
752 589 878 626 tempus
903 582 1149 625 dispendamus,
1183 585 1222 616 ad
1244 596 1280 617 ea
1304 585 1550 629 consequenda,
1573 596 1654 628 quae

175 633 307 665 nullum
333 633 440 666 forsan
476 636 731 669 emolumentum
768 639 862 671 nobis
896 639 960 670 sint
983 639 1134 678 allatura3
1165 648 1197 672 at
1225 653 1266 673 ne
1292 642 1535 673 innovatoribus
1563 653 1655 674 aures

176 686 405 733 praebeamus,
439 698 525 724 totus
544 717 552 732 ,
582 700 618 725 ut
650 694 881 737 probavimus,
913 696 1207 728 mathematicarum
1247 699 1452 730 scientiarum
1491 699 1578 730 orbis
1607 700 1654 730 in-

176 747 262 788 signi
286 746 508 780 emendatione
538 757 679 782 mutatus
709 758 777 790 est;
805 753 951 794 sequitur
978 754 1103 795 itaque,
1135 760 1273 785 veterem
1301 755 1482 787 studiorum
1507 755 1654 787 ordinem

172 801 218 832 ad
245 813 363 834 novam
393 805 598 837 scientiarum
632 807 851 840 conditionem
881 809 1148 841 commutandum
1184 822 1310 842 necesse
1340 822 1424 851 esse;
1445 818 1475 843 et
1493 811 1582 855 quod
1616 811 1657 844 ad

173 857 399 897 difficultates,
428 872 508 904 quas
543 863 722 896 Matheseos
757 865 985 897 obtrectatores
1017 867 1048 898 ei
1084 867 1251 906 tribuunt,
1286 869 1420 900 minime
1451 869 1655 912 negaverim,

175 915 280 957 prima
310 916 387 947 artis
411 918 569 962 principia
607 920 724 952 multas
757 922 917 955 molestias
955 934 1047 967 saepe
1090 925 1320 968 incipientibus
1353 936 1489 969 parere3
1519 933 1658 958 attamen

170 982 268 1003 causa
295 983 363 1004 non
395 974 430 1004 in
463 981 529 1006 arte
558 976 647 1018 ipsa,
682 977 737 1009 sed
762 979 795 1010 in
822 981 938 1011 mentis
963 983 1136 1020 caecitate,
1167 982 1410 1026 multorumque
1440 982 1654 1025 ineptitudine

175 1027 217 1059 ad
251 1039 301 1060 res
335 1029 411 1061 satis
440 1031 624 1064 attendendi
652 1035 834 1077 quaerenda
866 1044 913 1068 est
932 1048 942 1068 :
978 1037 1040 1069 hoc
1074 1039 1189 1070 vitium
1207 1061 1217 1077 ,
1247 1039 1330 1070 iuter
1360 1040 1522 1082 graviores
1553 1040 1653 1070 animi

176 1084 309 1116 morbos
330 1084 553 1126 referendum,
588 1088 628 1120 ad
661 1091 751 1132 quod
789 1093 967 1124 sanandum
996 1094 1123 1126 nullum
1153 1094 1268 1126 melius
1298 1095 1361 1126 nisi
1382 1096 1582 1134 Geometriae
1604 1107 1655 1128 re-

174 1140 318 1172 medium
342 1143 522 1186 praecipere
548 1155 742 1187 possumus3
773 1159 812 1180 eo
836 1150 945 1181 minus
976 1151 1115 1193 graviter
1140 1152 1275 1194 premit,
1299 1152 1326 1183 si
1351 1153 1424 1195 quis
1454 1152 1577 1184 ardenti
1600 1152 1654 1184 de·

172 1195 296 1228 siderio
321 1197 361 1228 ad
385 1199 584 1231 Geometriae
610 1202 715 1234 studia
734 1214 768 1235 se
791 1205 980 1245 contulerit;
1003 1213 1072 1238 tum
1101 1206 1305 1240 difficultates
1331 1210 1437 1240 statim
1464 1209 1654 1242 diminuun—

174 1259 249 1292 tur,
273 1259 368 1297 atque
389 1254 424 1285 in
453 1255 633 1300 voluptates
661 1267 912 1294 commutantur.
965 1263 1052 1303 Quid
1081 1265 1188 1308 itaque
1214 1266 1401 1309 quempiam
1439 1264 1653 1299 absterneret?

178 1309 353 1351 Quodnam
381 1310 649 1354 impedImentum
674 1327 749 1348 eum
773 1319 946 1351 retineret?
991 1322 1096 1360 Quam
1124 1321 1232 1353 nobile
1253 1322 1311 1362 sit,
1341 1321 1568 1364 intelligentiae
1591 1324 1654 1354 im·

174 1366 324 1409 peritiam
353 1377 522 1410 supe1are3
558 1381 753 1416 magnaque,
785 1381 937 1419 tanquam
964 1378 1138 1409 certissima
1168 1378 1301 1410 illustris
1334 1379 1484 1410 victoriae
1509 1386 1652 1423 tropaea,

175 1421 238 1454 sibi
260 1434 462 1468 comparare,
484 1434 646 1473 quotquot
669 1441 728 1473 per
749 1431 832 1465 hanc
858 1434 943 1466 viam
970 1442 1139 1478 angustam
1166 1436 1207 1468 ad
1233 1442 1369 1480 augusta
1402 1436 1653 1479 contenderunt,

171 1480 280 1510 testari
303 1489 449 1523 possunt.

215 1535 352 1580 Insuper
379 1549 583 1581 quaerentem
609 1545 750 1589 aliquem
776 1547 857 1579 mihi
885 1549 995 1581 audire
1013 1550 1143 1590 videor,
1177 1558 1286 1583 utrum
1311 1552 1414 1583 cuivis
1439 1562 1565 1584 necesse
1589 1551 1649 1590 sit,

174 1596 279 1622 totum
310 1594 605 1638 mathematicarum
636 1602 747 1633 orbem
773 1606 981 1646 percurrere?
1026 1609 1069 1638 Ut
1099 1608 1138 1639 ad
1174 1608 1257 1640 hanc
1289 1609 1571 1653 largiloquentium
1602 1616 1651 1644 re·1

170 1646 354 1680 flectionem
383 1653 458 1683 satis
484 1661 557 1697 apte
589 1663 621 1688 et
642 1668 702 1700 pro
726 1659 771 1689 rei
800 1661 1022 1703 magnitudine
1046 1665 1255 1707 respondeam
1271 1689 1280 1703 ,
1307 1666 1475 1698 observare
1502 1665 1581 1696 mihi
1613 1664 1652 1698 li·:

169 1711 259 1743 ceat,
284 1706 476 1740 mathemata
500 1721 518 1741 e
541 1711 663 1755 duplici
697 1714 824 1747 diverso
853 1724 981 1760 aspectu
1008 1730 1075 1751 esse
1113 1721 1363 1754 consideranda:
1396 1726 1463 1755 sive
1492 1726 1651 1766 quatenus

171 1769 251 1799 ars,
281 1763 348 1794 sive
376 1772 535 1807 quatenus
562 1770 627 1800 sint
655 1772 808 1810 scientia,
839 1773 866 1804 si
890 1774 1049 1819 Mathesin
1076 1783 1227 1820 tanquam
1257 1786 1357 1810 artem
1391 1780 1646 1817 consideremus,

170 1816 266 1848 nobis
291 1818 394 1851 obfert
422 1824 590 1865 rationes,
627 1837 740 1858 omnes
776 1828 811 1859 in
844 1831 988 1862 numeris
1018 1839 1050 1863 et
1081 1835 1221 1865 extensis
1249 1836 1395 1867 veritates
1427 1837 1590 1875 eruen‹li;
1624 1838 1651 1867 si

174 1882 244 1903 eam
269 1880 420 1918 tanquam
445 1882 610 1912 scientiam
635 1890 774 1925 spectare
800 1884 958 1925 velimus,
988 1899 1056 1919 non
1080 1895 1126 1920 est
1158 1892 1220 1921 nisi
1252 1892 1444 1924 immensum
1470 1900 1648 1936 receptacu-

172 1926 241 1960 lum
269 1933 438 1976 omnium,
460 1947 540 1979 quas
563 1949 613 1971 ars
635 1941 772 1980 eruerit,
794 1941 923 1974 utilium
953 1945 1144 1985 veritatum3
1165 1957 1204 1979 eo
1232 1959 1328 1982 sensu
1350 1949 1463 1982 similis
1481 1956 1528 1982 est
1556 1949 1646 1981 Lexi-

947 2001 977 2031 D
1590 2015 1648 2042 (Ὃς
