1913 2417
315 177 352 207 14
587 167 825 206 JACOBI
882 166 1190 198 HERMANI
1247 169 1558 200 PHILIPSE

318 249 472 281 Tribunali
490 255 588 287 petat,
609 257 642 279 ut
663 251 810 286 remediis,
833 258 905 286 quae
930 250 958 279 in
975 256 1091 287 promtu
1110 251 1212 287 habet,
1233 257 1348 288 utatur,
1369 258 1397 281 et
1418 253 1660 283 administrationi
1680 254 1824 289 bonorum

315 302 461 331 consulat.
502 301 576 329 Nam
604 302 637 330 de
660 302 711 330 hac
740 308 856 340 tantum
874 302 1014 338 petitione
1043 303 1129 332 dubia
1161 303 1269 332 moveri
1300 310 1443 340 possunt,
1473 312 1546 341 quae
1572 306 1661 342 vulgo
1685 311 1825 342 petuntur

314 362 349 382 ex
372 352 485 381 articuli
506 352 616 381 verbis:
638 361 690 380 sur
710 353 741 380 la
764 352 903 382 demanda
921 353 968 381 des
983 355 1097 392 parties
1119 355 1300 392 immersam
1319 363 1385 384 curn
1409 356 1481 383 illud
1500 362 1606 392 sponte
1629 356 1736 392 cuique
1756 366 1824 387 con-

315 413 427 434 cessum
449 403 597 438 videatur,
619 403 667 438 qui
692 403 737 432 vel
764 405 988 440 necessitudini,
1016 405 1061 434 vel
1085 405 1247 441 amicitiae,
1276 414 1349 442 quae
1372 407 1414 435 illi
1434 415 1499 435 cum
1523 407 1655 435 Absente
1674 408 1827 438 intercede-

314 456 381 491 bat,
411 455 465 483 hoc
497 462 529 482 se
553 453 651 482 debere
672 453 786 490 pietatis
810 455 933 484 officium
958 456 1150 492 arbitrantur;
1181 458 1249 486 adeo
1277 464 1309 485 ut
1334 458 1390 486 soli
1418 458 1448 487 in
1468 466 1586 487 censum
1613 458 1660 486 hic
1692 459 1826 495 veniant,

315 506 365 542 qui
392 506 422 533 in
448 505 588 540 praesenti
620 505 724 535 auxilia
757 505 814 534 sibi
849 507 1032 542 expostulare
1056 507 1171 543 possint
1194 516 1210 536 a
1232 507 1385 537 'Pribunali
1414 509 1520 545 primae
1551 509 1716 538 instantiae.
1758 510 1824 539 Huc

316 557 406 594 igitur
429 556 500 584 redit
525 557 674 591 quaestio:
697 558 818 593 quinam
839 558 968 587 idoneam
998 559 1113 594 petendi
1135 567 1264 589 caussam
1288 559 1427 595 habeant,
1455 567 1488 588 ut
1510 561 1597 597 judex
1622 568 1719 589 eorum
1741 561 1828 590 ratio-

312 617 375 638 nem
398 607 501 636 habere
524 607 638 643 possit,
660 617 753 644 neque
777 609 916 638 continuo
942 617 1039 638 eorum
1064 610 1231 646 petitionem
1257 611 1373 648 rejicere
1397 611 1517 640 debeat?

352 660 410 688 Ubi
428 659 594 694 interpretes
618 660 654 687 ad
678 659 754 688 hunc
786 660 882 689 locum
910 660 1101 697 inspicImus,
1130 662 1285 691 sententias
1313 662 1466 690 admodum
1493 662 1619 691 diversas
1643 661 1828 697 deprehendi-

312 720 394 740 mus:
417 711 446 739 hi
468 709 541 738 enim
563 709 711 746 latiorem,
734 711 776 739 illi
798 711 992 747 angustiorem
1016 721 1134 741 sensum
1155 714 1288 742 tribuunt
1309 712 1425 742 verbis:
1453 713 1493 741 lec
1508 714 1625 751 parties
1647 714 1823 742 interesse‘es.

351 762 398 790 Ne
423 770 490 790 vero
517 761 646 789 omnium
671 762 827 791 sententias
857 763 903 791 hic
933 764 1031 792 ordine
1056 764 1189 800 deinceps
1222 772 1420 801 exponamus,
1448 764 1547 799 potius
1572 763 1644 800 quid
1672 763 1757 793 nobis
1780 772 1827 793 ve-

308 814 376 843 tius
399 813 551 847 videatur,
574 812 700 848 quidque
721 821 754 841 ex
778 814 922 849 cujusque
944 815 1086 843 sententia
1101 815 1306 844 admittendum
1327 815 1386 850 sit,
1406 815 1590 851 indagemus3
1605 814 1744 851 inprimis
1763 823 1823 851 quo

314 873 400 893 sensu
422 864 489 892 haec
510 863 626 892 articuli
653 864 738 892 verba
765 872 799 892 ex
826 864 919 900 ipsius
942 865 1113 901 legislatoris
1137 872 1249 901 mente,
1269 872 1298 895 et
1320 866 1491 902 principiis,
1508 865 1619 901 quibus
1644 872 1732 895 totam
1754 866 1828 894 hanc

313 914 472 944 doctrinam
492 914 707 950 superstruxit,
728 915 786 944 sint
809 915 1001 951 intelligenda.
1052 916 1104 945 Uti
1127 924 1221 946 autem
1247 918 1378 954 inprimis
1404 917 1496 953 primo
1520 917 1674 946 Absentiae
1695 923 1824 952 tempore

313 965 469 1002 prudenter
499 965 707 1000 procedendum
741 974 804 995 esse
834 967 948 1002 putavit
975 967 1138 1003 legislator,
1168 976 1204 997 ne
1235 968 1309 997 forte
1342 975 1440 997 contra
1465 975 1654 1003 praesumtam
1684 967 1826 997 Absentis

307 1017 490 1044 voluntatem
511 1016 581 1052 quid
602 1022 720 1052 agatur,
743 1017 793 1052 qui
816 1025 850 1046 eo
874 1017 1000 1046 consilio
1023 1018 1097 1046 nihil
1118 1020 1152 1047 de
1173 1020 1258 1048 bonis
1283 1019 1345 1048 suis
1370 1019 1505 1047 statuisse
1527 1025 1677 1054 censetur,
1701 1019 1780 1054 quod
1794 1026 1826 1047 se

313 1065 394 1095 brevi
414 1067 569 1095 rediturum
598 1067 777 1096 existimabat
800 1068 893 1104 (9):
932 1068 975 1096 sic
999 1070 1161 1098 commodis
1178 1069 1316 1098 Absentis
1331 1089 1342 1104 ,
1367 1077 1545 1105 eorumque,
1573 1069 1680 1105 quibus
1701 1077 1767 1098 cum
1790 1077 1826 1098 eo

314 1116 462 1154 negotium
483 1118 636 1153 gerendum
664 1124 726 1153 est,
747 1124 797 1147 aut
821 1119 871 1155 qui
890 1119 997 1156 justam
1019 1119 1054 1148 ab
1077 1128 1110 1149 eo
1134 1120 1247 1157 petendi
1267 1128 1399 1149 caussam
1421 1120 1499 1149 nacti
1525 1126 1611 1155 sunt,
1631 1128 1748 1150 eatenus
1765 1128 1828 1150 tan-

313 1173 376 1197 tum
403 1168 640 1204 prospiciendum
660 1168 797 1204 videtur,
825 1176 969 1205 quatenus
997 1170 1026 1199 in
1049 1171 1188 1207 praesenti
1216 1171 1335 1208 aliquod
1362 1171 1522 1208 periculum
1550 1179 1612 1200 esse
1644 1171 1758 1208 possit,
1790 1178 1827 1200 ne

311 1218 389 1248 bona
409 1219 596 1255 relinquendo
624 1219 654 1248 in
680 1226 779 1256 statu,
808 1229 867 1256 quo
890 1220 1022 1257 fuerant,
1045 1223 1181 1251 damnum
1199 1223 1306 1252 oriatur
1320 1223 1378 1259 ipsi
1393 1223 1534 1258 Absenti,
1561 1228 1611 1251 aut
1634 1223 1690 1258 iis,
1711 1223 1763 1259 qui
1776 1222 1827 1260 jus

312 1270 432 1306 aliquod
455 1270 489 1298 ab
515 1278 550 1298 eo
573 1270 775 1300 vindicandum
805 1271 937 1301 habeant.
976 1273 1038 1309 Jam
1064 1282 1133 1302 vero
1158 1282 1192 1302 ex
1218 1274 1317 1303 eodem
1342 1274 1488 1310 principio
1514 1274 1597 1309 sequi
1621 1274 1748 1308 videtur,
1778 1281 1826 1302 ne-

312 1321 440 1357 minem,
462 1321 520 1349 nisi
540 1321 601 1358 ejus
626 1321 732 1350 directe
754 1321 886 1357 intersit,
909 1323 985 1352 bona
1006 1331 1065 1352 non
1088 1332 1198 1352 manere
1219 1324 1248 1352 in
1274 1330 1371 1360 statu,
1394 1332 1454 1359 quo
1474 1324 1578 1352 absens
1599 1331 1633 1352 ea
1655 1324 1827 1360 reliquerat,

309 1372 360 1401 <vel
385 1380 419 1401 ex
439 1372 578 1408 pietatis,
607 1373 652 1401 vel
676 1372 817 1401 amicitiae
837 1373 931 1402 officio
951 1382 1047 1402 curam
1071 1374 1212 1403 bonorum
1235 1375 1271 1403 ad
1292 1382 1322 1402 se
1352 1375 1460 1403 trahere
1490 1382 1595 1411 posse,
1624 1381 1652 1403 et
1673 1374 1725 1403 hac
1745 1374 1827 1402 solli-

311 1422 443 1451 citudine
464 1423 582 1451 ductum
608 1423 765 1459 quidquam
786 1432 802 1452 a
827 1423 979 1453 Tribunali
1001 1431 1095 1462 petere
1119 1434 1226 1462 posse,
1256 1432 1304 1454 aut
1330 1426 1392 1462 eius
1416 1425 1552 1454 auxilium
1578 1425 1750 1461 implorare,
1777 1423 1830 1453 ubi

310 1474 378 1510 ipsa
403 1475 446 1502 lex
469 1473 591 1503 Absenti
622 1475 781 1505 conducere
812 1476 915 1505 statuit
941 1475 1035 1513 ipsius
1066 1477 1189 1505 rationes
1219 1477 1341 1513 privatas
1365 1484 1392 1505 et
1421 1485 1520 1505 arcana
1553 1476 1660 1505 nemini
1680 1475 1824 1511 patefieri:

315 1527 385 1555 adeo
408 1532 439 1555 ut
463 1533 546 1554 omne
569 1524 625 1553 hoc
644 1525 758 1561 pietatis
776 1527 898 1555 officium
922 1528 1177 1556 circumscribatur
1193 1526 1329 1556 facultate
1352 1527 1569 1557 Procuratorem
1586 1526 1707 1563 Regium
1726 1527 1830 1555 adeun-

315 1578 367 1613 di,
387 1585 509 1612 eumque
534 1576 682 1605 cert101·e1n
708 1577 848 1614 faciendi,
870 1578 940 1614 quid
962 1585 1079 1615 agatur„
1102 1587 1238 1614 quaenam
1264 1586 1309 1607 res
1332 1579 1479 1607 derelictae
1504 1579 1646 1614 quandam
1673 1577 1828 1614 specialem

316 1636 414 1656 curam
440 1627 595 1656 desiderare
615 1627 784 1665 videantur,
813 1638 947 1666 quaenam
975 1630 1039 1666 jura
1068 1629 1207 1658 Absentis
1226 1631 1415 1665 expostulent
1444 1629 1644 1658 Procuratoris
1675 1628 1830 1657 auctorita-

313 1688 392 1713 ·tcm,
413 1686 444 1707 ut
472 1678 496 1706 is
520 1679 622 1708 oculos
643 1679 750 1715 aperiat
776 1682 805 1709 in
830 1687 934 1710 statum
953 1679 1090 1708 Absentis
1111 1686 1139 1708 et
1159 1680 1187 1708 vi
1209 1681 1351 1716 muneris,
1374 1690 1434 1717 quo
1451 1680 1622 1709 Absentiam
1640 1687 1708 1708 cura
1724 1679 1748 1707 ei
1765 1686 1830 1715 spe-

313 1731 413 1759 ciatim
440 1729 603 1758 demandata
626 1736 687 1765 est,
708 1739 723 1758 a
748 1731 900 1759 Tribunali
926 1731 987 1766 ipse
1011 1737 1108 1766 petat,
1130 1732 1209 1766 quod
1237 1731 1293 1760 sibi
1317 1741 1371 1767 pro
1397 1740 1487 1765 rerum
1513 1730 1664 1760 momentis
1688 1729 1759 1757 utile
1785 1729 1828 1757 vi-

318 1783 426 1810 deatur,
472 1781 523 1808 Sic
550 1780 656 1816 igitur,
687 1782 783 1817 quoad
815 1783 908 1818 ipsius
932 1781 1069 1810 Absentis
1095 1782 1266 1817 commoda,
1296 1783 1346 1818 qui
1378 1790 1592 1818 procuratorem
1622 1788 1682 1810 non
1714 1780 1830 1816 reliquit

317 1834 424 1861 idoneo
452 1831 581 1859 mandato
606 1831 799 1869 instructum,
828 1842 933 1869 nemo,
960 1833 1026 1860 licet
1054 1833 1216 1861 arctissimo
1245 1833 1428 1870 cognationis
1453 1833 1572 1862 vinculo
1605 1839 1671 1861 cum
1702 1831 1830 1860 Absente

317 1885 438 1921 junctus
461 1881 516 1916 sit,
545 1882 606 1918 ejus
641 1891 789 1919 personam
823 1885 965 1914 sustinere
994 1889 1093 1920 potest
1125 1883 1157 1912 in
1177 1884 1289 1921 Judicio
1319 1892 1354 1913 eo
1376 1883 1491 1920 colore,
1519 1891 1554 1913 ut
1578 1883 1670 1913 solius
1694 1881 1831 1912 Absentis

1775 1932 1834 1961 sol—

348 1997 398 2025 (ς)
420 1996 471 2018 Vid-
495 1997 567 2018 oratio
584 1997 628 2018 viri
641 2000 708 2025 ampl.
728 1998 968 2026 Bfgn-Preanwnut,
986 1999 1083 2028 Motis),
1098 2001 1165 2022 Τοῐι.
1180 1999 1205 2021 11.
1229 2006 1252 2027 p.
1270 2004 1321 2026 17⁰·
