1913 2417
345 149 631 183 RESPONSIO
650 158 703 183 Ab
726 150 1086 192 Q-UAESTIONEM
1110 150 1531 186 PHILOSOPHICAM.
1653 163 1693 196 99

213 234 393 272 Pyrrhonem
418 242 518 264 contra
541 235 690 265 institutio
715 235 864 265 dialectiea
886 242 915 264 et
938 235 1069 272 Sceptica
1089 236 1152 273 J'atn·
1173 235 1208 265 ab
1237 236 1322 265 initio
1341 237 1376 266 ad
1395 238 1615 274 Scepticismum
1639 247 1687 267 ar-

177 294 302 317 maverat
326 294 353 316 et
377 288 562 316 instruxerat.
602 287 747 316 Didicerat
769 287 818 315 ille
847 295 882 316 ex
910 287 1075 316 Democriti·
1095 287 1174 316 libris
1204 295 1340 317 sens-uum
1366 289 1448 318 fidem
1479 298 1630 326 spernere,
1657 296 1686 319 et

175 339 211 367 ad
233 338 352 367 rationis
376 339 517 374 praesidia
539 337 711 374 confugere,
746 346 918 374 omnemque
941 338 1059 368 omnino
1085 339 1237 368 veritatem
1258 339 1288 368 in
1312 338 1465 375 profundo·
1492 348 1554 369 esse
1577 342 1683 370 demer-

172 397 243 418 sam.
293 391 317 418 A
339 389 447 425 quibus
474 389 620 418 elementis
649 397 709 424 quo
739 390 828 417 modo
857 389 1065 426 Scepticismus
1098 390 1231 425 oriatur,
1260 391 1408 419 ostendere
1438 399 1538 420 sumus
1571 392 1680 421 conati.

173 440 245 469 Non
269 439 419 477 profectus
447 447 504 468 erat
530 440 668 477 Pyrrho,
700 440 938 476 quemadmodum
962 441 1130 469 Academiae
1152 442 1259 476 duces,
1287 450 1302 470 a
1326 442 1519 479 Dogmatismi
1552 441 1685 471 fontibus

172 497 206 520 et.
225 491 409 528 magisterio,
441 499 513 526 quae
535 491 680 527 ingenium
705 491 735 519 in
762 491 916 520 universali
948 491 1140 528 Scepticismo
1167 492 1318 521 condendo
1342 493 1484 522 vincirent
1508 499 1536 522 et
1564 493 1689 522 adstrin-

174 548 284 578 gerent.
332 542 388 570 sed
414 542 537 578 ingenio
552 550 645 578 suus,
669 549 780 578 poterat
811 542 890 571 illius
915 543 1023 580 ingenii
1053 551 1170 572 cursum
1204 543 1421 580 libertatemque
1446 543 1548 580 sequi,
1575 544 1688 573 nullius

173 592 307 622 custodia
338 593 519 621 auctoritatis
555 594 628 621 intra
651 594 790 629 quosdam
815 594 972 624 sententiae
1004 595 1147 623 cancellos
1176 594 1357 631 compulsus.
1406 594 1549 623 Praeterea
1578 595 1689 624 videtur

173 644 310 681 Pyrrho,
340 649 373 672 ut
397 645 546 673 recentiori
570 653 640 673 aevo
666 643 790 673 Huetius
814 652 842 673 et
871 644 993 682 Baylizts
1009 666 1020 681 ‚
1050 654 1091 674 ext
1105 645 1241 674 historiae
1270 645 1412 681 imprimis
1447 646 1695 682 philosophicae,

177 703 261 730 quam
287 695 396 732 egregie
417 703 479 723 eum
500 694 636 723 habuisse
659 702 773 731 oportet
795 696 939 732 cognitam
962 702 989 724 et
1013 702 1212 732 perspectam,
1229 696 1348 731 studio,
1370 696 1579 725 dubitationem
1602 705 1684 726 suam

174 746 348 782 arripuisse3
371 746 406 774 ad
429 746 513 781 quod«
531 755 603 774 cums
620 747 765 775 accederet
791 747 941 783 appositae
960 746 1161 775 institutionis>
1180 746 1224 774 vis
1237 765 1255 781 ,·
1268 746 1351 776 facile
1371 754 1469 783 patet,
1491 749 1637 783 quomodo
1654 748 1685 777 in

172 797 404 834 gravissimarum
425 797 643 826 contentionum
670 797 910 834 tempestatibus,
940 797 1037 826 omnis
1057 803 1149 825 certae
1176 797 1334 834 cujusdam
1351 799 1505 826 sententiae
1525 798 1678 834 naufragio

175 847 275 882 sacto,
296 848 330 876 ad
354 848 599 884 Scepticismum,
627 854 769 883 tamquam
793 849 828 876 ad
850 856 969 882 saxum,
1003 848 1113 876 delatus
1137 848 1194 877 sit..
1228 847 1344 876 Scilicet
1369 849 1465 884 prodit
1486 850 1547 886 ejus
1571 849 1688 886 Scepti-

172 898 257 927 cismi
282 899 372 933 ratio,
404 899 497 927 totius
522 898 723 934 philosophiae
751 898 938 934 omniumque
966 904 1155 935 systematum
1184 897 1345 927 universam
1369 905 1396 927 et
1426 899 1594 928 interiorem·
1614 908 1685 929 con.

171 950 394 984 siderationem,
413 948 548 984 quoniam
571 948 632 985 ejus
655 948 884 984 oppugnationis
909 950 1059 986 principia>
1070 955 1099 978 et
1123 949 1216 985 capita
1239 957 1339 978 ornnes
1358 949 1489 978 similiter
1506 950 1676 987 disciplinas

171 1001 416 1036 complectuntur,
465 999 628 1029 Arcesilam
663 1005 762 1028 autem·
789 1005 817 1027 et
848 999 1057 1034 Carneadem,
1083 1006 1110 1028 et
1137 999 1285 1028 Philonem
1327 1000 1449 1028 vidimus
1478 1009 1512 1029 ex
1544 1003 1685 1037 peculiari

173 1050 287 1080 Stoicae
303 1050 447 1078 docti-icae
468 1050 565 1078 studio
589 1057 775 1086 progressos,
796 1057 861 1078 nou·
873 1050 1004 1080 voluisse
1020 1051 1054 1078 de
1068 1049 1208 1078 industria
1225 1050 1279 1079 aliz
1298 1050 1532 1087 Dogmaticorum
1554 1061 1676 1089 genera,

174 1109 260 1137 quam
283 1100 399 1130 Stoicos
412 1121 422 1136 ‚
447 1100 644 1136 disputatione
660 1108 710 1128 sua
728 1099 882 1136 implicare.
923 1101 1027 1137 Neque
1048 1101 1118 1129 adeo
1135 1103 1181 1129 sui
1200 1108 1262 1129 esse
1285 1108 1418 1137 poterant
1441 1110 1531 1137 quam«
1546 1102 1684 1141 Pyrrho,

174 1159 202 1180 et
225 1153 254 1181 in
278 1151 393 1180 materie
414 1151 639 1187 philosophiae,
660 1159 743 1187 quam
772 1151 948 1188 gubernabat
963 1151 1135 1187 institutio,
1151 1158 1178 1180 et
1201 1151 1232 1180 in
1257 1150 1350 1181 forma
1369 1153 1590 1190 constituenda,
1612 1163 1686 1191 quae

172 1209 231 1233 erat
256 1203 369 1231 Stoicae
392 1202 536 1231 doctrinae
557 1203 732 1238 adaptanda„

212 1253 307 1283 Tertia
327 1261 497 1288 causarum,
518 1262 534 1282 a
553 1253 656 1289 quibus
673 1253 910 1283 Academicorum
925 1261 953 1283 et
975 1254 1172 1291 Scepticorum
1195 1254 1347 1284 discrimen
1364 1255 1446 1285 fluxit
1455 1276 1470 1291 ,-
1488 1257 1589 1286 classis
1602 1278 1611 1293 ,
1632 1264 1678 1287 est

172 1311 267 1334 status
283 1304 485 1340 philosophiae
499 1304 792 1340 diseiplinarumque,
810 1314 929 1340 quarum
949 1305 977 1334 in
994 1306 1137 1342 gignendo
1153 1314 1180 1334 et
1199 1306 1349 1335 formando
1368 1313 1555 1343 utrorumque
1569 1308 1680 1345 Scepti-

175 1356 267 1384 cismo
293 1354 409 1389 aliquod
434 1353 491 1382 fuit
513 1360 709 1384 momentum,
744 1355 852 1384 Civilis
878 1356 951 1384 enim
975 1356 1077 1384 horum
1100 1363 1260 1392 temporum
1285 1355 1414 1385 conditio
1436 1357 1465 1386 in
1490 1359 1542 1386 alia
1567 1360 1684 1395 saepius

169 1413 300 1442 magnam
323 1403 523 1432 auctoritatem
549 1404 666 1439 habuit,
688 1405 721 1433 in
740 1405 892 1435 discrimen
907 1427 917 1441 ,
936 1409 1023 1442 quod·
1038 1406 1151 1441 quidem
1173 1414 1228 1435 nos
1252 1413 1427 1443 tractamus,
1448 1416 1508 1437 non
1534 1409 1641 1439 habuit.

209 1453 412 1490 Philosophiae
441 1461 613 1490 progressus
643 1453 803 1490 Pyrrhonis
835 1462 926 1484 aetate
959 1463 986 1484 et
1017 1457 1166 1487 Arcesilae
1198 1456 1255 1484 fere
1287 1457 1359 1485 idem
1388 1457 1462 1492 fuit,
1491 1459 1552 1488 sive
1579 1460 1683 1495 potius

171 1507 259 1544 hujus
280 1511 370 1534 aetate
393 1504 493 1540 maior.
533 1503 639 1532 Verum
664 1504 694 1532 in
719 1505 927 1542 differentiam,
957 1514 1040 1542 quam
1060 1508 1216 1541 volumus»,
1246 1509 1398 1544 praecipue
1422 1509 1512 1537 valuit
1536 1511 1680 1542 variorum

176 1563 362 1594 systematum
386 1554 659 1590 philosopbioorum
684 1564 749 1584 cum
774 1557 943 1586 Academiae
962 1564 989 1586 et
1006 1557 1165 1594 Pyrrhonis
1179 1557 1370 1593 Scepticismo
1397 1560 1474 1587 varia
1496 1561 1676 1598 conjunctio.

169 1609 270 1646 Cujus
288 1606 397 1635 ratione
416 1605 640 1633 necessitudinis
661 1611 804 1643 quatuor,
831 1615 864 1636 ut
886 1608 1079 1642 dictumest,
1107 1608 1256 1645 generibus
1289 1616 1413 1645 possunt
1436 1611 1605 1647 disciplinae
1632 1614 1677 1642 di·

170 1658 298 1695 stingui:
329 1664 417 1685 unum
442 1663 552 1692 genuS,
582 1656 660 1691 quod
690 1658 814 1694 genuitg.
838 1658 979 1694 alterum,
1007 1659 1093 1694 quod
1119 1658 1281 1687 Academici
1311 1666 1338 1687 et
1361 1660 1515 1696 Pyrrhonii
1541 1663 1597 1691 sibi
1625 1672 1679 1700 op.

169 1709 353 1746 pugnandum
384 1714 581 1743 proposuere3
611 1707 749 1743 tertium,
776 1710 855 1745 quod
875 1709 909 1739 ab
936 1710 988 1739 his
1003 1709 1092 1739 fuerit
1117 1716 1229 1746 partum
1263 1716 1296 1739 et
1315 1710 1431 1740 inchoa:
1436 1721 1498 1748 um3
1528 1721 1681 1751 quartum,

169 1769 185 1790 a
210 1768 270 1796 quo
297 1759 369 1796 ipsis
392 1758 497 1787 bellum
522 1758 659 1788 indictum
680 1758 746 1790 fuir.

205 1810 441 1839 Academicorum
466 1809 686 1845 Scepticismum
717 1810 817 1847 genuit
849 1808 1067 1850 D'ogmatismus
1098 1811 1251 1848 Platonis,
1280 1820 1307 1842 et
1337 1814 1373 1843 a=d
1395 1823 1426 1843 se
1455 1817 1677 1854 oppugnandam
1704 1828 1707 1829 ⁷

167 1861 302 1892 excitavit
326 1860 459 1890 Zenonis
481 1860 638 1890 affirmatio.
678 1861 771 1890 Stoici
795 1870 894 1892 contra
920 1864 1114 1899 implacabiles
1140 1863 1307 1893 inimicitias
1335 1865 1594 1903 contentionesque
1613 1876 1679 1897 sus-

166 1918 299 1949 ceperant
329 1911 465 1940 adversus
488 1911 688 1948 Academiam,
718 1915 790 1948 quie
815 1915 924 1943 tandem
949 1914 979 1943 in
1005 1916 1103 1944 eodem
1130 1921 1195 1943 ortu
1224 1914 1416 1951 Dogmatismi
1438 1924 1536 1945 rursus
1559 1919 1677 1950 occidit.

207 1963 370 1999 Pyrrhonis
393 1962 600 1992 dubitationem
624 1970 791 1999 pepererunt
810 1964 915 1993 bellum
937 1966 1074 1994 adversus
1097 1965 1330 2002 Empiristnum‚
1352 1966 1594 2003 philosophorum
1614 1969 1674 1997 <iis-

163 2014 337 2051 tensiones,
356 2018 385 2042 et
407 2013 562 2054 praecipue
587 2014 722 2044 Platonis
741 2015 970 2053 Aristoteln'sque
990 2016 1143 2046 discordia.
1183 2016 1298 2046 Etenim
1320 2015 1409 2046 Plato
1436 2025 1570 2047 sensuum
1593 2019 1676 2048 fidem

948 2066 978 2098 N
998 2069 1016 2097 a
1628 2075 1681 2111 pe·
