1913 2417
604 147 931 177 ANDREAF,
999 146 1187 176 BONN.
1598 153 1637 188 ις

152 250 258 276 autem
295 241 414 285 absque
450 240 563 272 ordine
595 246 784 282 congestum
817 239 952 270 curiosis
982 244 1125 274 tantum,
1160 247 1227 268 non
1259 247 1336 268 vero
1357 235 1508 268 studiosis
1531 236 1634 280 place-

152 301 228 339 bat,
254 310 433 332 sommus
465 309 538 329 mox
561 297 600 328 ad
619 298 812 340 aptissimam
842 297 999 329 rationem
1022 294 1161 336 artisque
1185 292 1329 335 regulam
1347 293 1516 336 disposuit.
1562 295 1630 326 Hae

153 359 187 389 in
213 369 246 389 re
268 356 429 399 exemplar
452 355 571 386 summi
599 364 671 385 RU1
686 363 803 384 senti
827 359 969 391 secutus,
1008 351 1204 382 leesaurwn
1228 349 1321 381 illum
1345 352 1509 393 egregium
1530 351 1636 383 confe-

148 415 209 451 cit,
234 414 290 456 qui
318 411 522 448 adhucdum,
562 410 603 442 ad
638 421 800 442 summam
836 409 933 452 hujus
966 408 1056 440 urbis
1093 406 1241 446 laudem,
1272 407 1388 440 ossium
1415 407 1635 441 morbosorum

152 471 339 502 Bovianum
359 467 564 506 inscribitur,
589 467 698 498 addito
725 467 820 498 etiam
845 465 988 509 catalogo
1027 471 1217 503 auctorum,
1247 464 1306 507 qui
1338 463 1395 495 has
1425 470 1529 507 partes
1556 476 1635 498 enu-

149 526 246 558 cleate
283 521 516 561 tractaverunt}
549 525 630 567 quin
665 530 697 555 et
731 524 861 566 adjectis
895 522 1062 560 iconibus,
1094 520 1213 565 quibus
1245 519 1468 564 indefatigatae
1499 520 1550 554 vir
1582 522 1634 554 in-

151 582 291 614 dustriae
313 581 382 613 illas
413 583 518 626 pinxit
543 582 610 625 ipse
632 587 663 612 et
692 580 874 613 illustravit.
920 582 990 611 lmo
1010 584 1096 610 tanta
1126 577 1187 609 fuit
1221 588 1371 610 nonum
1400 580 1435 609 in
1461 577 1545 610 hanc
1565 586 1635 610 rem

147 640 312 684 diligentia
339 647 434 683 atque
461 649 556 677 cura,
584 644 621 669 ut
647 648 707 669 nec
732 638 870 681 tempori
903 643 959 668 aut
995 634 1098 667 labori
1125 641 1180 665 aut
1201 634 1356 677 pecuniae
1385 645 1536 678 parcens,
1571 634 1634 668 hu.

146 698 198 740 jus
224 695 363 727 thesauri
388 696 541 737 imagines
566 694 633 725 suis
659 694 843 739 sumptibus
874 694 938 724 aeri
965 691 1157 735 sculpendas
1181 691 1329 734 jurisque
1360 691 1482 734 publici
1514 691 1634 724 facien·

147 753 204 785 das
229 753 362 785 dederit.
414 751 604 784 Dolendum
634 750 732 782 eheul
762 761 798 782 ac
829 749 893 782 fere
921 749 1099 792 lugendum
1134 750 1172 780 A.
1197 750 1252 787 A„
1282 748 1388 790 operis
1416 748 1514 791 hujus
1539 758 1632 791 egre-

145 810 214 852 gii,
253 809 294 840 ab
325 808 501 848 omnibus,
537 810 595 851 qui
619 814 876 851 conspexerunt,
899 807 981 851 quin
1004 804 1191 848 singillatim
1216 815 1235 836 a
1266 815 1373 836 somx
1386 815 1628 845 inmunem,

145 866 218 897 viro
262 865 462 905 clarissimo,
499 865 722 896 vehementius
752 865 871 896 laudati
908 863 1001 904 (3),
1031 862 1257 894 tantummodo
1290 868 1354 893 tres
1388 861 1557 894 fasciculos
1593 863 1630 895 iu

145 922 251 954 lucem
288 922 444 965 prodiisse
461 945 473 961 ‚
510 929 697 965 ceteraque,
733 923 883 965 quamvis
917 932 988 953 aere
1019 921 1151 963 jamjam
1177 929 1345 963 expressa,
1375 918 1465 951 velut
1486 919 1636 963 abjectaff

148 978 297 1011 derelicta
331 985 362 1011 et
394 978 459 1011 fere
490 979 616 1010 inutilia
637 980 750 1020 jacere.

191 1038 278 1067 Num
321 1036 404 1073 arti,
445 1046 543 1079 quam
577 1035 705 1066 assiduo
741 1045 837 1077 opere
864 1034 908 1065 ita
934 1037 1098 1072 tractavit,
1132 1044 1318 1066 somnus
1344 1032 1404 1065 soli
1427 1032 1631 1074 inservierit‚'

144 1092 333 1134 nullamque
355 1092 452 1134 igitur
475 1092 569 1122 aliam
595 1090 797 1133 disciplinam
823 1097 879 1121 aut
904 1097 1003 1122 artem
1033 1092 1067 1122 in
1093 1091 1217 1122 honore
1241 1089 1408 1127 habuerit,
1441 1101 1500 1122 vos
1524 1092 1563 1124 A.
1587 1092 1629 1125 Aa

148 1147 279 1179 fortasse
312 1148 474 1190 quaeritis.
528 1147 614 1187 Quid
639 1158 699 1189 ego
723 1153 828 1177 autem
855 1146 1024 1178 defendam
1049 1149 1178 1185 virum,
1209 1146 1314 1190 qualis
1338 1146 1391 1178 ille
1416 1146 1496 1187 fuit,
1524 1147 1629 1182 literas

150 1214 224 1236 rum
257 1205 404 1234 omnium
437 1203 710 1240 amantissimum,
741 1203 972 1241 lectissimum,
1006 1204 1243 1245 cultissimum,
1273 1204 1332 1246 qui
1354 1204 1472 1235 artium
1497 1212 1629 1238 cuncta-

149 1271 222 1291 rum
250 1266 282 1291 et
306 1259 526 1290 doctrinarum
550 1269 669 1289 nexum
690 1260 903 1290 arctissimum
931 1267 963 1291 et
989 1259 1117 1291 vincula
1142 1270 1216 1290 cum
1237 1270 1448 1292 cicunomss
1471 1260 1631 1302 laudavit,

152 1316 345 1354 aestimavit,
382 1315 544 1357 regalique
576 1316 708 1346 nomine
741 1315 854 1358 dignas
885 1315 955 1347 illas
988 1327 1101 1347 omnes
1135 1327 1261 1359 semper
1295 1318 1516 1349 existimavit?
1564 1319 1629 1351 Vix

147 1384 252 1405 unum
277 1378 331 1403 aut
355 1372 442 1403 aliud
468 1372 669 1403 eruditorum
699 1374 732 1403 in
768 1372 826 1403 hac
850 1373 980 1404 civitate
1005 1374 1109 1404 extitit
1135 1375 1387 1416 commercium,
1418 1374 1507 1417 quod
1534 1374 1628 1407 illum

149 1432 184 1461 in
213 1429 372 1461 sodalium
412 1438 587 1460 numerum
630 1428 808 1460 adscribere
850 1441 918 1461 non
956 1429 1056 1462 officii
1094 1431 1145 1462 sui
1177 1430 1316 1463 duceret.
1376 1432 1422 1463 lta
1453 1431 1626 1474 collegium

149 1486 229 1518 illud
248 1510 257 1525 ,
288 1485 378 1530 quod
403 1486 466 1517 sub
489 1485 691 1518 Concordiae
724 1492 755 1517 el
784 1487 947 1518 Libertatis
985 1488 1118 1519 nomine
1147 1487 1326 1531 permultos
1357 1498 1459 1519 annos
1495 1488 1625 1528 floruit,

146 1553 341 1586 omnemque
364 1543 555 1574 eruditionis
574 1543 700 1585 copiam
728 1542 807 1574 olim
838 1542 929 1574 facile
961 1544 1222 1587 comprehendit,
1254 1551 1324 1575 tum
1353 1544 1491 1575 maxime
1523 1544 1625 1584 illud,

144 1600 236 1643 quod
269 1599 360 1631 Felix
385 1600 507 1631 Meritis
531 1598 637 1636 audit,
660 1598 929 1643 splendoremque
954 1611 1051 1632 suum
1079 1601 1222 1644 priscum
1246 1601 1414 1632 continuis
1438 1600 1626 1633 adhucdum

148 1663 241 1688 ornat
265 1655 466 1698 fulgoribus,
498 1657 581 1687 inter
612 1662 766 1698 patronos
795 1658 943 1699 primos,
979 1658 1098 1688 amicos
1122 1665 1153 1689 et
1185 1663 1333 1700 parentes
1364 1657 1457 1688 illum
1489 1657 1622 1697 habuit,

147 1724 288 1757 quorum
308 1712 388 1744 adeo
413 1712 572 1744 sodalium
604 1712 874 1756 quinquagenalia
899 1714 1042 1745 oratione
1070 1714 1196 1746 solenni
1227 1714 1408 1747 celebravit.
1462 1715 1509 1745 Ita
1528 1721 1560 1746 et
1584 1714 1624 1747 il-

145 1770 210 1802 lam
236 1771 334 1812 hujus
359 1769 486 1812 collegii
507 1769 693 1813 palaestram
719 1771 993 1812 inauguraturus,
1018 1771 1052 1801 in
1079 1782 1143 1813 qua
1163 1771 1297 1802 humani
1313 1772 1459 1815 corporis
1478 1770 1620 1815 effigiem

143 1827 185 1858 ad
220 1826 357 1859 formam
396 1826 541 1858 hominis
569 1828 655 1866 vivi,
687 1833 750 1864 ast,
782 1826 879 1865 nudi,
915 1827 964 1859 vel
996 1827 1136 1859 carbone
1170 1828 1220 1859 vel
1249 1827 1385 1871 plumbo
1410 1835 1521 1871 parato
1546 1830 1624 1861 artis

145 1892 287 1916 amantes
311 1883 532 1923 delinearent,
555 1884 733 1915 orationem
761 1883 802 1914 de
818 1894 969 1915 consensu.
986 1886 1063 1917 arcis
1094 1885 1273 1928 grapie'cae
1300 1895 1373 1916 cum
1404 1885 1537 1928 reliquis
1567 1893 1623 1916 ar-

147 1941 226 1975 tibus
255 1951 296 1974 ac
330 1939 506 1985 disciplinis
537 1941 673 1981 habuit,
705 1951 849 1973 numeris
875 1941 1029 1974 omnibus
1054 1942 1132 1975 adeo
1155 1942 1335 1974 absolutam
1364 1949 1397 1974 et
1418 1951 1623 1974 consumma-

1537 2004 1624 2040 tana!²
