1913 2417
307 188 348 221 ῃ
650 176 1483 216 P.J.UYLENBR.0EK

320 261 391 290 bene
415 261 614 290 animadvertit
637 262 713 290 doct.
733 269 788 289 van
808 261 861 289 den
886 260 1009 289 I-Ieuveli
1029 261 1117 298 (Ι),
1139 261 1194 289 sibi
1218 267 1287 289 sunt
1311 260 1564 294 contradictoriae,
1587 257 1718 294 quinimo
1740 261 1824 289 altera

321 320 356 341 ex
373 312 461 340 altera
479 313 580 341 oritur.
623 313 707 346 Aqua
725 312 848 347 lagenam
867 312 1045 348 ingrediens,
1067 312 1155 349 h-ujus
1174 311 1340 340 densitatem
1364 318 1465 341 mutat.
1504 310 1573 339 Non
1588 317 1679 340 autem
1699 311 1824 339 densitas

319 364 427 392 mutari
452 369 568 399 potest,
591 363 662 397 quin
686 362 730 390 vel
755 363 908 397 volumen,
928 363 973 391 vel
997 371 1088 391 massa
1110 369 1254 397 mutetur,
1278 364 1412 392 volumen
1432 368 1653 397 autemsemper
1675 361 1750 389 idem
1768 369 1826 389 ma-

315 421 387 448 net,
413 422 480 450 ergo
506 421 598 441 massa
622 413 723 441 mutari
753 413 853 448 debet,
884 420 910 441 et
932 414 1044 448 quidem
1069 414 1245 442 increscere:
1276 414 1355 449 quod
1388 415 1593 442 incrementum
1627 418 1738 440 tantum
1764 417 1825 447 est,

315 470 455 501 quantum
483 470 527 492 est
552 463 698 498 quantitas
723 471 821 498 aquae.
864 463 957 499 Igitur
980 473 1044 493 cum
1071 473 1163 493 massa
1186 464 1358 498 increverit,
1389 465 1503 500 pondus
1528 463 1690 493 necessario
1721 462 1826 497 etiam,

315 521 343 544 et
367 514 480 550 quidem
507 514 534 542 in
559 515 651 542 eadem
675 513 802 550 ratione,
825 514 921 550 augeri
947 515 1054 544 debuit.
1094 515 1170 544 Hinc
1192 524 1278 545 aucto
1302 517 1445 552 pondere,
1470 516 1567 551 lagena
1596 514 1714 549 impleta
1734 512 1824 548 magis

318 566 377 601 agit
399 565 428 593 in
451 565 608 598 bilancem‚
639 573 723 600 quam
750 572 850 594 vacua.
902 564 949 593 Sic
974 566 1056 594 etiam
1083 567 1270 596 ratiocinatur
1295 575 1348 595 van
1375 559 1428 594 den
1454 565 1574 593 Heuveu
1597 566 1686 602 (2),
1713 570 1741 592 et
1766 564 1828 599 ipse

314 614 517 650 Hesseiingius
542 617 629 653 (3),
651 615 700 643 ubi
726 616 836 644 scilicet
859 615 957 652 lagena
983 623 1051 652 post
1072 625 1172 652 aquam
1205 618 1361 654 ingressam
1391 617 1486 644 clausa
1508 622 1564 645 est.
1606 616 1714 645 Eodem
1734 620 1827 643 autem

308 666 419 698 ,recidit
443 675 476 694 ex
493 667 554 702 ejus
578 667 716 695 sententia
735 666 802 704 (4)
825 673 918 694 utrum
938 667 1035 703 lagena
1053 667 1148 696 clausa
1168 668 1225 704 sit,
1247 677 1281 697 an
1305 676 1421 704 aperta,
1442 668 1509 696 dum
1531 673 1622 694 tamen
1641 672 1724 702 negat
1740 666 1828 702 (5),

316 725 420 752 aquam
446 717 475 745 in
500 717 597 753 lagena
619 723 714 752 aperta
736 717 771 745 ad
791 717 862 745 hanc
890 717 979 752 ipsam
1004 718 1161 753 pertinere,
1193 727 1277 753 quam
1304 718 1398 747 thesin
1427 725 1500 746 recte
1524 717 1636 753 quidem
1666 716 1751 745 nob1s
1777 725 1829 753 op-

315 775 463 804 pugnasse
480 767 592 796 videtur
616 775 778 803 anonymus
802 768 879 805 (6).
921 768 996 796 Utut
1022 775 1086 804 est,
1116 769 1177 797 sive
1202 777 1274 804 aqua
1297 769 1325 797 in
1351 770 1448 805 lagena
1472 774 1565 803 aperta
1591 768 1626 796 ad
1658 776 1717 796 eam
1744 767 1831 803 perti-

315 825 402 853 neat,
423 819 484 847 sive
508 826 567 847 non
590 818 629 847 ita
653 819 825 848 censendum
845 819 963 848 cuidam
987 819 1135 854 videatur,
1164 820 1320 856 explicatio
1345 821 1519 848 diversarum
1543 819 1714 848 densitatum
1737 818 1828 854 expli-

324 869 434 897 cationi
463 870 648 897 increscentis
670 871 807 906 ponderis
831 871 945 898 minime
969 876 1012 898 est
1033 871 1192 905 contraria;
1221 870 1355 905 quoniam
1380 870 1408 899 in
1430 870 1509 898 omni
1531 878 1617 903 casu,
1646 870 1830 904 quemadmo-

322 921 392 949 dum
414 921 472 957 J'am
500 921 614 957 saepius
639 920 696 948 fuit
717 921 846 955 dictum,
867 929 939 956 aqua
963 921 991 948 in
1018 921 1114 956 lagena
1138 920 1278 956 gravitate
1305 929 1355 949 sua
1379 921 1487 949 resistit
1510 920 1652 956 pressioni
1675 920 1826 956 exteriori,

307 978 348 1003 *et
370 971 411 998 sic
437 971 538 1005 eflicit,
560 972 639 1006 quod
660 976 742 1000 antea
764 972 979 1006 pondusculum
1003 971 1164 999 addititium
1186 971 1311 1005 fecerat,
1339 973 1417 1006 quod
1439 971 1564 1004 solutis,
1595 976 1626 998 ut
1648 970 1686 999 ita
1716 971 1828 1006 dicam,

320 1021 467 1056 vinculis,
490 1030 561 1056 quae
586 1021 658 1049 illud
681 1022 710 1050 in
732 1029 805 1057 aqua
828 1021 1006 1056 retinebant,
1035 1022 1091 1058 jam
1123 1022 1255 1050 deorsum
1279 1021 1404 1057 labitur,
1434 1028 1461 1050 et
1481 1029 1578 1051 secum
1603 1021 1729 1058 lagenam
1751 1022 1832 1051 ducit

317 1078 347 1102 et
369 1072 521 1101 bilancem.

361 1124 453 1161 Quod
478 1124 513 1152 ad
535 1123 596 1159 ejus
618 1124 841 1152 exnerimentum
867 1131 933 1152 cum
965 1125 1062 1161 lagena
1086 1132 1198 1153 ceracea
1222 1124 1344 1160 attinet,
1370 1124 1412 1153 ita
1435 1125 1510 1153 clare
1541 1130 1570 1152 et
1600 1124 1752 1160 perspicue
1777 1131 1832 1153 nos

323 1175 485 1204 docuerunt
511 1182 565 1202 van
589 1173 703 1202 Marum
730 1174 799 1211 (7)
824 1181 852 1202 et
875 1175 985 1203 Aeneae
1007 1176 1096 1212 (8),
1118 1176 1187 1210 quid
1207 1184 1237 1204 ea
1259 1177 1293 1204 de
1316 1184 1344 1204 re
1367 1175 1425 1211 sit,
1446 1183 1478 1204 ut
1502 1176 1634 1212 majorem
1661 1174 1717 1210 ipsi
1741 1174 1834 1203 affun-

318 1226 388 1256 -dere
411 1226 503 1254 iucem
529 1225 604 1253 haud
627 1226 782 1254 valeamus.
832 1226 880 1254 Sic
915 1233 943 1254 et
965 1226 1075 1262 egregie
1101 1235 1166 1255 cum
1190 1227 1288 1264 lagena
1312 1227 1425 1255 inversa
1454 1226 1677 1262 experimentum
1707 1224 1834 1254 instituit

321 1285 378 1307 van
401 1278 454 1305 den
474 1276 597 1304 Heuvell
622 1276 698 1312 (9).
740 1275 874 1304 Ceterum
904 1277 960 1305 hoc
982 1277 1226 1312 experimentum,
1254 1278 1363 1313 quippe
1386 1284 1486 1306 contra
1503 1283 1609 1313 partem
1635 1275 1763 1305 ultimam
1785 1284 1832 1304 ex·-

319 1327 473 1364 perimenti
497 1326 634 1362 Boyleani
660 1326 836 1361 adductum,
868 1333 899 1355 ut
927 1327 1042 1356 materia
1064 1328 1179 1363 lagenae
1205 1328 1233 1355 in
1255 1336 1349 1363 aqua,
1378 1336 1469 1363 neque
1493 1336 1568 1362 aqua
1591 1328 1618 1355 in
1640 1327 1736 1363 lagena
1761 1335 1834 1362 pon-

318 1378 412 1407 -derari
435 1377 591 1414 probetur,
613 1376 653 1405 nil
678 1376 782 1412 efficit,
805 1378 871 1413 quia
895 1387 961 1414 pars
983 1379 1063 1414 prior
1078 1378 1162 1407 etiam
1182 1379 1215 1406 in
1230 1387 1346 1407 censum
1362 1379 1452 1408 venit.
1492 1378 1568 1407 Cum
1593 1385 1730 1413 praeterea
1751 1386 1834 1407 nemo

324 1436 453 1464 unquam
477 1435 598 1455 asserere
622 1427 762 1462 voluerit,
785 1428 839 1456 hoc
864 1429 950 1457 niodo
973 1430 1079 1457 directe
1104 1438 1206 1464 aquam
1234 1430 1263 1457 in
1284 1438 1357 1465 aqua
1382 1428 1532 1465 ponderari
1557 1436 1642 1463 posse
1666 1429 1766 1465 (ιο),

366 1479 455 1516 Quod
480 1479 514 1506 ad
539 1477 729 1506 defensionem
756 1479 833 1508 doct.
859 1488 912 1507 van
934 1478 1068 1514 Marum,
1090 1480 1224 1516 deinceps
1243 1480 1331 1516 adjuti
1348 1489 1362 1508 a
1383 1481 1461 1508 doct.
1486 1480 1596 1508 Aeneae
1618 1479 1736 1514 attinet,
1757 1487 1835 1515 prae-

326 1531 402 1559 ctare
428 1537 520 1564 neque
543 1528 603 1556 sine
629 1529 746 1557 veritate
772 1536 893 1565 uterque
919 1531 1067 1558 contendit
1095 1537 1196 1558 contra
1221 1531 1453 1565 ilesseimgium,
1482 1529 1567 1558 ssuida
1591 1529 1619 1557 in
1644 1530 1740 1558 fluidis
1761 1530 1838 1565 ejus-

328 1581 390 1609 dem
413 1579 564 1608 densitatis
584 1579 732 1614 ponderari
751 1589 856 1615 posse,
879 1580 1033 1615 nimirum,
1056 1581 1079 1608 si
1104 1581 1150 1608 iiia
1172 1589 1236 1609 cum
1254 1581 1427 1616 corporibus
1448 1580 1632 1609 densioribus
1658 1580 1835 1616 conjungan-

328 1638 388 1661 tur.
427 1630 631 1667 Experimenta
658 1636 685 1657 et
710 1638 874 1666 argumenta
892 1633 974 1661 doct.
998 1634 1108 1662 Aeneae
1130 1632 1164 1660 ad
1186 1632 1394 1667 evincendum,
1417 1632 1495 1667 qnod
1517 1639 1590 1667 aqua
1614 1631 1642 1658 in
1665 1638 1737 1666 aqua
1757 1638 1835 1665 pon-

1792 1680 1843 1709 de·

352 1762 407 1789 (ι)
432 1762 493 1783 conf.
512 1761 558 1786 ejus
579 1760 673 1784 Di-,scrn
696 1768 717 1787 p,
731 1767 758 1787 ⁴⁷
774 1767 824 1789 sqq.
1021 1762 1076 1790 (a)
1098 1765 1112 1785 1.
1133 1765 1147 1785 D.
1171 1771 1191 1790 p.
1204 1769 1239 1789 ζμ.

354 1803 409 1830 (3)
430 1804 490 1825 conf.
510 1805 556 1829 ejus
576 1803 670 1824 Dissert.
692 1809 715 1830 p.
734 1808 767 1825 ιο.
1030 1806 1081 1831 (4)
1103 1805 1150 1826 vid.
1171 1805 1227 1825 ibid.

354 1843 410 1871 (5)
433 1843 487 1865 ibid.
508 1850 529 1870 p.
543 1845 564 1865 8.
1029 1845 1082 1871 (6)
1107 1845 1168 1866 cons.
1187 1845 1305 1872 Jaarbock.
1326 1850 1369 1867 van
1393 1844 1461 1866 Kuntt
1482 1849 1510 1865 en
1533 1844 1662 1867 Wctensch.
1680 1843 1723 1867 1.1.

351 1883 407 1911 (7)
429 1882 489 1906 cons.
509 1890 574 1910 supra
594 1892 615 1911 p.
630 1891 665 1909 ιι.
1027 1884 1078 1911 (8)
1103 1892 1170 1913 supra
1187 1892 1210 1913 p.
1225 1891 1252 1913 45
1269 1892 1301 1912 sq.

355 1924 409 1952 (9)
427 1923 465 1944 vid
494 1925 540 1945 c²u<
562 1926 654 1947 nissen.
677 1933 698 1951 p.
714 1931 748 1950 32.

356 1964 371 1991 (
384 1963 430 1991 ιο)
450 1964 510 1986 cons.
531 1964 565 1985 hic
588 1966 667 1987 iterum
690 1965 799 1991 nni-icant:
818 1964 941 1991 expiicatio
967 1967 1118 1993 phaenomeni
1138 1967 1198 1990 circa
1219 1967 1307 1990 simiam
1336 1973 1406 1995 aquae
1427 1967 1568 1995 immersum,
1590 1973 1655 1996 supra
1680 1973 1701 1995 p.
1715 1972 1740 1994 33
1761 1972 1792 1994 tq.
1814 1967 1841 1989 nd

327 2011 394 2034 qum
417 2006 592 2033 explicuioncm
613 2005 686 2028 nunu>
704 2006 839 2034 litigandum
861 2006 913 2027 ntis
937 2008 1058 2030 atieudisse
1078 2008 1176 2031 videtur.
