1913 2417
268 182 309 221 14
627 182 668 217 G.
727 186 764 217 c.
819 183 859 216 n.
936 185 1145 218 suar
1184 185 1349 219 NAG‘A
1388 184 1422 219 Ά-

279 267 324 295 vis
348 273 441 296 autem
465 267 535 297 folia
559 270 638 298 vario
661 269 811 298 admodum
833 276 895 297 sese
917 269 1004 299 nobis
1029 269 1181 300 exhibeant
1204 271 1283 307 situ,
1312 278 1341 300 et
1365 271 1521 308 multiplici
1550 272 1635 301 modo
1658 272 1687 302 in
1710 281 1778 302 cau-

280 318 358 346 libus
381 325 408 346 et
433 320 517 348 ramis
546 321 759 357 disponantur,
780 320 827 349 hic
851 326 944 349 tamen
967 321 1042 350 situs
1065 329 1124 350 non
1146 322 1243 351 varius
1263 329 1290 351 et
1313 323 1480 359 mutabilis,
1502 330 1533 352 ut
1556 324 1707 353 Botanices
1725 325 1778 353 mi-

279 377 333 398 nus
358 370 456 407 peritis
474 372 564 400 videri
581 378 680 407 posset
693 393 703 407 ‚
726 373 755 400 in
774 371 875 407 quavis
890 372 1026 408 singulari
1043 373 1139 409 planta
1155 373 1348 412 (indiuiduo)
1373 374 1606 410 deprehenditur.'
1643 375 1685 404 Ut
1701 376 1777 405 enim

273 426 377 449 'natura
409 421 503 450 ubivis
526 428 633 451 certum
654 423 930 459 determinatumque
952 424 1082 459 sequitur
1103 425 1252 460 ordinem,
1275 426 1318 455 sic
1336 426 1421 455 etiam
1441 426 1470 455 in
1493 426 1632 456 foliorum
1649 427 1781 463 pulcher-

283 471 351 500 rima
377 472 583 502 distributione
605 475 639 502 ad
664 475 804 511 egregiam
825 481 855 503 et
879 475 1033 504 mirabilem
1058 477 1220 513 composita
1244 484 1288 506 est
1311 477 1515 514 symmetriam.

315 522 415 561 Quum
440 524 575 553 foliorum
590 545 600 560 ,
623 532 732 561 practer
758 526 849 562 alios,
876 526 907 554 hi
929 534 1045 563 quoque
1060 527 1119 556 sint
1135 536 1226 563 usus,
1246 535 1298 564 ut,
1326 535 1353 557 et
1374 537 1464 558 rorem
1481 535 1585 558 eterra
1609 530 1781 559 adscenden-

279 579 336 601 tem
358 575 550 610 absorbeant,
570 581 600 604 et
621 585 743 612 corpora
769 577 822 605 ae'ri
838 578 1078 615 Atmosphaerico
1099 579 1284 608 saluberrima
1298 587 1466 616 excernant,
1489 581 1524 609 iis
1542 581 1576 609 ab
1592 582 1720 610 omnium
1741 589 1783 615 re„-

280 633 342 653 rum
369 626 572 656 Gubernatore
597 628 741 665 ejusmodi
762 637 919 659 concessus
937 637 981 659 est
1004 631 1097 666 situs,
1119 630 1170 666 qui
1184 630 1229 658 his
1243 639 1341 659 eorum
1361 631 1587 667 functionibus,
1607 640 1657 668 per
1678 631 1781 662 faciem

280 676 441 707 inferiorem
466 679 653 715 peragendis,
680 680 800 708 maxime
822 679 926 710 faveat.
967 681 1048 711 Folia
1068 690 1169 718 nempe
1190 682 1284 711 omnia
1301 682 1339 710 ita
1363 689 1433 712 sunt
1449 683 1612 719 disposita,
1635 690 1686 720 ut,
1715 690 1781 712 cum

280 728 415 758 humores
442 739 457 758 e
481 737 576 760 terraev
595 731 703 768 gremio
725 738 872 768 surgentes
892 733 927 761 ab
953 741 1011 762 uno
1036 733 1111 763 folio
1137 742 1222 769 quam
1243 733 1359 763 minime
1381 743 1435 770 pro
1454 734 1649 771 sequentibus
1670 735 1785 763 interci-

277 779 414 817 piantur,
437 788 497 811 tum
521 789 554 811 ut
575 783 702 819 liquores
720 783 940 812 Excrementitii
962 785 1036 822 (qui
1057 785 1092 814 ab
1118 785 1180 821 ipsa
1206 782 1302 821 planta
1327 785 1450 814 resorbti
1471 786 1566 815 varios
1586 787 1705 817 morbos
1721 786 1783 824 gig-

279 838 355 862 nunt
375 833 472 872 (1))
493 833 634 863 liberrime
654 834 792 869 defluere,
814 842 866 863 nec
887 835 921 864 ab
941 836 1006 865 aliis
1027 837 1128 866 iterum
1149 836 1231 866 foliis
1251 836 1392 866 resorberi
1411 837 1539 874 possint.

979 914 1008 949 §.
1050 922 1078 944 2.

551 987 592 1015 Ut
613 988 679 1015 hnic
701 987 758 1025 legi
780 988 922 1025 satisfiat»,
946 999 1088 1027 quaenam
1108 991 1323 1027 requirantur,
1345 992 1513 1028 exponitur.

318 1060 400 1090 Folia
421 1067 454 1091 ut
471 1069 623 1099 utramque
638 1065 710 1095 hanc
735 1065 914 1095 functionem
925 1086 936 1101 ,
960 1066 989 1094 in
1006 1065 1191 1095 absorbtione
1207 1073 1234 1094 et
1247 1066 1408 1094 excretione
1423 1066 1567 1101 positam,
1583 1065 1691 1102 optime
1705 1074 1787 1103 pera-

287 1119 352 1147 gere
370 1113 505 1150 possint,
529 1117 608 1151 quod
627 1117 662 1145 ad
681 1125 779 1146 eorum
803 1117 891 1146 situm
913 1117 1099 1154 requiruntur
1118 1118 1282 1153 sequentia:

325 1171 351 1191 1-
382 1165 510 1195 Primum
526 1167 699 1203 requisitum
724 1168 754 1196 in
774 1176 808 1197 eo
827 1169 957 1205 positum
979 1174 1043 1204 est,
1065 1174 1097 1197 ut
1118 1167 1188 1197 folia
1213 1167 1268 1197 sibi
1286 1175 1346 1197 non
1367 1167 1576 1204 respondeant,
1597 1167 1618 1196 i.
1635 1176 1658 1197 e.
1680 1173 1712 1196 ut
1729 1176 1789 1198 non

284 1212 314 1241 in
339 1213 435 1242 eadem
457 1217 532 1246 linea
554 1219 683 1248 verticali
711 1220 806 1255 posita
833 1220 905 1249 sint.
952 1219 1034 1248 Folia
1056 1219 1095 1248 ita
1109 1219 1221 1249 ⁴debent
1246 1219 1275 1248 in
1305 1220 1418 1256 plantae
1439 1219 1521 1247 caule
1544 1227 1606 1248 esse
1627 1219 1789 1256 disposita,

284 1271 317 1292 Ut
339 1272 460 1301 vaPOreS
484 1269 660 1298 alimentares
685 1270 819 1305 terracei‚
846 1271 997 1299 columnae
1019 1271 1054 1299 ad
1079 1271 1171 1299 instar
1196 1271 1416 1304 adscendentes,
1443 1270 1478 1298 ad
1498 1269 1633 1299 foliorum
1658 1271 1788 1300 omnium

279 1314 381 1344 faciem
414 1315 580 1345 inferiorem
609 1320 751 1349 liberrime
778 1322 910 1351 accedere
933 1322 1070 1358 possint,
1098 1329 1150 1349 nec
1181 1321 1216 1348 ab
1249 1320 1438 1350 inferioribus
1466 1321 1700 1357 intercipiantur:
1731 1321 1787 1349 hoc

279 1366 355 1396 enim
381 1367 407 1395 si
429 1367 571 1397 obtineret
592 1368 686 1397 locum
699 1390 709 1404 ,
731 1369 870 1398 foliorum
890 1373 1071 1405 superiorum
1092 1371 1175 1408 vigor
1196 1380 1264 1401 mox
1285 1371 1399 1408 periret.

323 1425 350 1446 2.
380 1417 411 1445 Si
434 1425 502 1446 vero
527 1417 598 1447 folia
623 1419 719 1448 adsint
748 1420 777 1448 in
801 1421 895 1449 eadem
921 1420 996 1448 linea
1019 1419 1146 1448 verricaii
1169 1424 1284 1453 posita,
1313 1421 1486 1452 requiritur,
1517 1428 1549 1446 ut
1572 1422 1696 1454 spatium
1718 1421 1790 1450 satis

291 1468 418 1496 notabile
455 1468 529 1497 inter
558 1469 629 1498 folia
660 1470 715 1498 hoc
745 1472 831 1500 modo
864 1471 921 1499 sibi
953 1469 1154 1506 respondentia
1180 1468 1270 1497 adsit:
1298 1468 1454 1497 dummodo
1477 1468 1551 1497 enim
1572 1469 1666 1505 folia,
1694 1470 1722 1499 in
1747 1480 1791 1500 ea-

286 1517 349 1545 dem
373 1519 446 1547 linea
466 1520 595 1549 verticali
619 1521 735 1557 posita,
759 1522 828 1550 satis
854 1530 868 1550 a
886 1530 916 1550 se
935 1521 1058 1550 invicem
1080 1520 1207 1555 distent,
1234 1527 1354 1556 vapores
1375 1519 1597 1555 adscendentes,
1620 1529 1696 1557 quos
1717 1522 1791 1552 infe-

290 1567 350 1596 rius
375 1568 477 1598 folium
500 1580 554 1607 pro
583 1579 662 1608 parte
690 1573 895 1608 interceperat,
923 1570 1089 1600 elasticitate
1113 1577 1140 1599 et
1161 1570 1331 1600 attractione
1355 1570 1456 1598 iterum
1478 1571 1616 1609 conjungi
1642 1581 1669 1603 et
1691 1574 1733 1604 sic
1756 1575 1791 1604 ad

284 1618 387 1648 solium
409 1622 563 1657 superius,
585 1622 675 1658 priori
695 1624 870 1659 respondens
881 1625 897 1659 ,'
912 1624 1041 1652 accedere
1061 1629 1199 1658 possunt.

984 1701 1011 1736 §-
1055 1709 1080 1737 3·

575 1774 655 1804 Haec
676 1775 730 1804 [luo
752 1777 894 1814 requisita
916 1778 947 1805 in
969 1779 1044 1806 omni
1056 1777 1200 1813 soliorum
1220 1777 1278 1804 sim
1300 1777 1499 1806 observantur.

332 1849 420 1886 Quod
444 1851 653 1888 plurimorum,
676 1861 753 1888 quae
771 1853 845 1882 cauli
873 1853 1034 1890 plantarum
1060 1852 1243 1883 adscendenti
1264 1853 1408 1889 insident,
1436 1853 1572 1882 foliorum
1597 1861 1683 1883 unum
1707 1862 1792 1891 quam

295 1900 411 1929 minime
433 1906 507 1937 tegat
531 1904 672 1939 alterum,
695 1905 739 1933 vel
764 1911 839 1933 recta
865 1905 890 1933 ei
916 1905 1087 1942 respondeat
1113 1904 1205 1940 linea,
1228 1904 1360 1941 pluribus
1380 1905 1472 1935 modis
1492 1905 1601 1943 egregie
1617 1906 1797 1944 comprobari

1741 1965 1796 1993 po·

320 2015 369 2044 (1)
386 2015 438 2039 Vld.
454 2014 635 2045 Moldenhawer,
650 2016 673 2039 in
687 2017 855 2040 Dr'mrrnttoue
870 2026 885 2044 s.
902 2020 917 2043 Ι.
932 2025 983 2049 pag.
999 2020 1033 2044 80-
