1913 2417
296 184 337 224 14
752 186 780 218 J·
844 187 879 218 P.
946 185 1306 219 E.VOUTE

295 277 400 310 adhuc
424 284 584 316 versetur,
609 276 670 309 hoe
697 284 865 310 consecuta
887 285 959 317 est,
990 286 1027 310 ut
1049 279 1143 312 multi
1167 280 1325 323 ejusmodi
1350 279 1454 311 studia
1489 280 1755 320 instauraverint‚

293 337 353 378 qui
380 345 435 371 ea,
468 345 486 365 a
511 334 593 366 fictis
620 334 795 366 rationibus
820 327 1054 378 principiorum
1086 337 1228 378 sejuncta
1244 359 1255 376 ‚
1284 336 1462 369 revocanda
1494 344 1686 369 censuerunt
1717 337 1756 369 ad

295 391 377 422 citus
403 397 435 422 et
466 397 563 422 totam
595 397 740 422 naturam
772 393 932 422 montium
955 399 986 423 et
1015 392 1073 424 soli
1097 392 1282 436 diligentius
1305 392 1586 432 considerandam,
1619 393 1759 425 ubicun-

298 458 361 490 que
395 453 449 478 aut
488 448 521 477 in
558 446 700 489 abruptis
738 447 815 490 ripis
849 447 1022 480 fluminum
1061 456 1253 481 structuram
1286 451 1388 493 ipsam
1420 457 1453 481 et
1480 450 1626 482 ordinem
1660 450 1762 482 intro·

297 504 416 546 spicere
441 503 551 537 liceat.
583 508 636 533 aut
667 502 790 535 labores
818 503 1000 536 fodinarum
1035 505 1110 537 huic
1137 505 1352 538 observationi
1378 507 1578 538 occasionem
1609 506 1759 550 praebere

297 558 478 591 videantur.
525 560 614 599 Quae
637 561 747 592 omnia
769 572 843 592 cum
874 562 1029 593 rationem
1054 569 1086 594 et
1101 563 1312 594 constantiam
1329 562 1628 595 demonstraverunt
1655 563 1689 594 in
1712 573 1763 593 re·

296 614 357 646 bus
386 614 621 660 subterraneis,
652 616 710 648 ubi
738 624 828 649 antea
853 617 935 649 nihil
961 625 1082 661 praeter
1105 618 1229 650 subitos
1254 625 1286 650 et
1312 619 1456 651 turbatos
1487 627 1593 651 motus
1623 619 1762 650 somnia·

297 670 394 709 bant,
420 678 488 702 tum
517 664 790 705 confirmaverunt
819 675 1006 717 Geologiam
1036 685 1103 706 non
1135 685 1205 706 eam
1237 686 1303 707 esse
1333 675 1512 707 doctrinam
1541 686 1623 719 quae
1648 685 1666 706 a
1692 685 1761 705 cau·

294 728 337 759 sis
360 727 518 771 proficisci
541 736 700 772 oporteat,
733 731 788 761 sed
810 742 890 774 quae
914 731 1054 762 laborem
1084 731 1257 774 indagandi
1291 733 1429 763 maxime
1457 738 1632 775 proponat,
1662 741 1761 774 quae-

297 795 360 827 que
382 796 448 816 non
476 791 540 816 tam
565 785 725 817 solertiam
750 787 784 818 iu
808 787 1003 830 explicandis
1029 788 1325 827 vicissitudinibus,
1357 796 1393 819 ut
1415 788 1478 820 fere
1501 799 1570 820 mos
1594 788 1762 830 hucusque

297 839 358 872 fuit
376 865 384 879 ‚
408 852 504 884 quam
526 843 689 874 veritatem
721 843 756 874 in
779 843 995 876 describendis
1025 852 1055 876 et
1077 844 1278 876 conferendis
1304 845 1342 876 iis
1358 844 1448 888 vquae
1471 851 1546 876 sunt
1563 868 1571 884 ,
1602 843 1766 887 postulare-

299 897 455 928 videatur.
1258 933 1261 935 ,
1476 903 1479 907 '

339 953 533 985 Mutationes
564 954 598 985 in
623 955 867 999 Atmosphaera,
893 967 932 988 ex
951 957 1070 1000 quibus
1094 960 1244 989 oriuntur
1262 963 1460 1001 tempestates
1485 958 1520 988 in
1540 955 1653 988 iisdem
1669 956 1765 996 locis,

296 1009 422 1042 climata
446 1012 480 1042 in
511 1011 663 1047 diversis,
685 1019 789 1044 tantae
816 1012 885 1044 fieri
914 1013 1087 1056 aliquando
1110 1014 1194 1046 visae
1222 1020 1324 1053 sunt,
1353 1020 1390 1045 ut
1415 1014 1482 1056 ipsa
1506 1012 1632 1045 climata
1647 1014 1766 1056 migra·

295 1078 329 1098 re
350 1073 382 1098 et
404 1068 440 1098 in
468 1067 547 1098 alios
571 1067 658 1099 locos
682 1070 847 1111 pervenire
871 1076 1068 1111 putarentur.
1127 1072 1215 1110 Quae
1242 1081 1338 1108 cum,
1360 1071 1419 1101 etsi
1445 1069 1582 1100 maxime
1606 1069 1648 1101 ob
1664 1069 1764 1100 situm

297 1124 384 1156 orbis
413 1129 445 1155 et
468 1123 562 1162 solis,
586 1130 692 1155 tamen
719 1131 751 1156 et
774 1124 844 1156 aliis
872 1124 911 1156 de
942 1125 1045 1156 causis
1065 1124 1263 1165 efficiantur,
1287 1136 1395 1158 earum
1415 1125 1571 1156 rationem
1590 1132 1766 1168 'nunquam

292 1180 555 1223 cognovissemus
581 1181 644 1212 nisi
666 1181 705 1212 ad
731 1181 1008 1223 investigationem
1033 1182 1268 1226 principiorum
1291 1182 1439 1225 adjuncta
1463 1180 1574 1213 fuisset
1589 1180 1761 1224 descriptio

296 1238 437 1280 ipsarum
465 1243 687 1279 tempestatum
709 1237 818 1280 quales
851 1247 919 1268 esse
958 1238 1170 1280 reperiantur.
1223 1238 1285 1270 Sed
1316 1238 1393 1269 haec
1426 1236 1549 1268 nullam
1578 1236 1691 1269 habuit
1722 1236 1764 1267 fi·

296 1294 369 1326 dem
398 1299 470 1325 ante
495 1292 658 1324 saeculum
682 1294 850 1336 superius,
873 1304 947 1324 cum
969 1294 1111 1336 primurn
1136 1293 1253 1338 gradus
1282 1294 1394 1325 caloris
1419 1300 1504 1325 certa
1525 1303 1675 1324 mensura
1697 1294 1766 1324 exi·

298 1362 372 1394 gere
393 1349 574 1382 didicimus.
627 1351 683 1380 Est
712 1356 818 1382 autem
851 1348 931 1380 illud
966 1352 1239 1388 recentissimum,
1273 1350 1312 1382 de
1339 1349 1578 1393 tempestatibus
1606 1355 1639 1380 et
1669 1349 1763 1380 omni

298 1408 378 1439 aeris
407 1407 531 1437 ratione
568 1406 690 1437 tabulas
719 1405 895 1443 conficere,
925 1406 958 1437 in
981 1406 1129 1449 pluribus
1153 1408 1249 1446 locis,
1273 1407 1408 1450 singulis
1437 1405 1551 1438 diebus
1579 1405 1672 1445 a'nni3
1693 1410 1765 1437 tu‘m

295 1464 460 1496 observata
486 1462 754 1504 comprehendere
786 1474 843 1505 per
866 1462 949 1505 leges
974 1465 1147 1505 empyticas
1172 1464 1272 1495 dictas
1299 1470 1486 1507 propterea,
1518 1461 1608 1505 quod
1634 1473 1673 1493 ex
1699 1461 1766 1493 col-

297 1520 466 1553 collatione
497 1517 745 1557 observationis,
776 1529 844 1549 non
869 1529 909 1549 ex
941 1521 1071 1550 scientia
1097 1530 1264 1551 causarum
1295 1519 1490 1551 efficiuntur.
1535 1520 1679 1558 Quarum
1713 1527 1764 1549 ra·

299 1578 345 1609 tio
378 1577 405 1607 si
433 1574 606 1618 prudenter
638 1573 845 1612 adhibeatur,
876 1585 951 1605 cum
987 1575 1068 1606 nihil
1105 1583 1243 1607 statuant
1277 1577 1338 1607 nisi
1371 1575 1460 1618 quod
1491 1585 1564 1606 vere
1600 1580 1763 1617 repertum

296 1634 355 1670 sit,
391 1643 458 1663 non
484 1630 627 1672 intelligo
657 1641 715 1661 cur
745 1630 888 1661 doctrina
926 1630 1075 1673 indignae
1105 1643 1249 1675 uuquam
1274 1631 1433 1674 judicatae
1454 1629 1593 1667 fuerint,
1617 1627 1710 1672 cujus
1734 1631 1762 1661 si

297 1689 373 1720 finis
395 1689 436 1719 sit
466 1687 629 1717 veritatem
655 1696 761 1717 rerum
787 1698 998 1729 cognoscere,
1030 1687 1153 1719 faculius
1177 1699 1319 1719 errorem
1346 1686 1478 1723 vitabit,
1508 1687 1541 1717 iu
1564 1685 1762 1717 observanda

301 1752 434 1781 natura,
469 1753 565 1785 quam
594 1743 629 1773 in
659 1742 870 1785 disceptandis
902 1744 1077 1786 principiis.
1124 1746 1313 1776 Existimant
1336 1743 1460 1788 physici
1483 1752 1535 1773 eas
1555 1742 1622 1783 jam
1655 1742 1761 1773 termi-

301 1813 362 1834 nos
388 1800 526 1832 indicare
547 1798 597 1830 vel
622 1799 755 1829 summis
780 1800 860 1830 aeris
884 1800 1175 1839 vicissitudinibus,
1201 1808 1235 1832 ut
1263 1812 1329 1832 non
1348 1799 1517 1831 videantur
1539 1799 1663 1829 climata
1691 1808 1761 1841 per-

296 1857 439 1896 mutari,
472 1855 526 1887 sed
556 1854 653 1886 modo
692 1854 869 1897 paullulum
902 1855 1084 1895 declinare,
1116 1859 1216 1889 instar
1254 1857 1388 1888 fortasse
1421 1855 1550 1886 illorum
1587 1854 1764 1897 spatiorum

297 1911 526 1949 astronomiae,
552 1922 632 1954 quae
661 1912 770 1942 multis
795 1911 927 1943 saeculis
955 1913 1143 1955 explentur,
1177 1913 1296 1957 quibus
1323 1913 1403 1944 dum
1426 1911 1549 1943 alterno
1573 1917 1664 1943 motu
1690 1921 1761 1954 par-

298 1977 344 2003 tes
368 1968 550 2012 agitantur,
573 1968 678 2011 ipsum
705 1974 841 2011 systema
868 1969 1034 2002 immobile
1056 1971 1208 2014 persistat.

1715 2020 1767 2056 Ad
