1913 2417
375 109 879 141 COMMENTATIO
938 108 1287 139 BOTANICA.
1546 117 1581 139 αι

112 195 153 225 Ut
168 200 259 224 autem
279 194 402 230 partium
422 193 548 222 omnium
561 214 570 229 ,
585 201 599 221 e
615 192 722 228 quibus
741 191 810 220 folia
828 197 1062 227 componuntur,
1078 191 1184 220 fabrica
1202 191 1303 220 melius
1318 191 1403 220 nobi-s
1418 193 1558 221 elucescat
1567 213 1582 227 ,,

74 254 169 274 earum
192 253 335 281 quamque
357 245 480 273 breviter
503 243 671 272 describam.
720 242 764 270 Ne
789 249 880 270 autem
908 243 967 270 sinc
990 243 1088 271 ordine
1114 242 1160 272 fiat
1181 243 1248 271 haec
1274 249 1374 272 nostra
1397 243 1577 279 physiologi-

71 306 105 325 ca
128 296 266 326 foliorum
293 295 450 331 descriptio
466 316 476 330 ,
507 294 544 323 ita
567 293 738 330 procedam,
767 300 799 321 ut
829 293 953 329 primum
984 293 1129 329 partium,
1157 303 1172 322 e
1197 294 1304 330 quibus
1329 293 1399 322 folia
1423 301 1580 330 constant,

72 347 227 382 fabricam,
248 347 313 376 dein
330 355 444 380 earum,
467 345 561 381 quoad
583 344 691 374 similes
715 344 744 372 in
769 345 849 372 caule
871 345 1030 380 plantarum
1056 345 1243 374 adscendente
1265 345 1448 375 inveniendas
1466 351 1579 382 partes,

69 397 256 428 differentiam
270 418 280 433 ,
300 404 330 427 et
351 397 463 425 tandem
488 396 618 433 cujusvis
643 404 729 424 usum
750 395 875 424 breviter
899 395 953 425 sim
975 395 1167 426 indicaturus.

779 486 809 521 §-
850 493 882 523 5.

748 562 927 600 Epidcrmis,

110 653 270 688 cuticula,
298 652 335 682 ob
360 651 574 681 similitudinem
601 658 667 680 cum
694 650 880 687 Epidermide
904 651 1034 687 corporis
1069 651 1211 688 humani,
1239 650 1404 688 Epidermis
1437 652 1526 689 vulgo
1549 652 1597 680 di⁴

70 710 139 739 cta,
172 705 354 734 involucrum
387 703 460 732 illud
493 702 736 731 membranaceum
762 703 963 731 tenuissimum
989 703 1150 739 plantarum
1173 703 1318 738 exterius,
1348 703 1423 731 vasis
1458 703 1593 732 minutis-

71 755 173 790 simis,
202 761 259 783 rete
285 754 498 788 formantibus,
525 754 664 789 repletum
694 754 798 790 (10),
825 761 884 781 non
913 759 1024 782 tautum
1057 753 1086 782 in
1110 754 1191 783 caule
1214 755 1374 789 plantarum
1400 753 1596 782 adscendente

71 806 192 842 ejusque
214 805 319 840 ramis,
347 805 395 833 sed
417 804 500 832 etiam
524 804 554 832 in
584 803 664 833 foliis
688 805 844 840 reperitur:
867 804 896 832 in
917 804 998 832 foliis
1014 812 1083 833 vero
1108 804 1184 832 haud
1208 805 1305 832 eodem
1331 805 1449 839 studio,
1482 813 1539 839 quo
1561 804 1597 832 in

70 855 190 891 reliquis
216 855 415 893 vegetabilium
440 855 592 891 partibus,
619 855 772 891 hucusque
796 855 952 883 examinata
973 862 1031 890 est,
1054 864 1143 891 quum
1161 863 1271 891 praeter
1290 856 1482 884 Saussurt'um
1504 858 1562 891 (11
1576 856 1594 891 )

73 913 102 935 et
124 907 275 936 Kieseram
293 927 304 942 ,
338 914 442 941 nemo,
475 912 616 942 quantum
646 906 753 941 sciam,
782 906 812 934 in
836 906 1033 942 Epidermidis
1057 905 1195 935 foliorum
1222 913 1396 935 structuram
1430 905 1593 934 accuratius

71 957 268 993 inquisiverit.
311 956 439 986 Primum
464 957 553 993 igitur
575 957 677 993 paucis
701 964 770 986 sunt
784 957 984 992 memoranda,
1007 965 1079 993 quae
1101 958 1137 985 de
1158 957 1212 986 hac
1234 957 1372 986 follorum
1397 963 1476 994 parte
1505 957 1593 986 Saus·

71 1009 168 1037 surius
192 1008 345 1037 indicavit,

108 1059 156 1087 Ex
179 1059 235 1088 viri
257 1059 344 1096 hujus
369 1059 409 1087 cl'.
442 1058 582 1088 sententia
612 1059 750 1089 foliorum
779 1059 944 1097 Epidermis
970 1058 1191 1096 deprehenditur
1215 1059 1376 1099 membrana
1400 1057 1592 1093 tenuissima,

74 1118 187 1146 semper
209 1110 370 1145 pellucida‚
399 1110 574 1146 dilatabilis‚
602 1111 783 1148 incolorata,
805 1111 1002 1149 subjectorum
1024 1111 1149 1139 colorem
1178 1109 1326 1138 referens:
1347 1110 1376 1137 in
1399 1110 1450 1138 hae
1467 1108 1593 1145 Epider-

71 1161 147 1189 mide
166 1161 262 1190 nullae
287 1161 478 1191 observantur
494 1162 603 1198 fibrae,
625 1163 697 1192 nulli
714 1163 799 1199 pori,
822 1170 849 1191 et
872 1163 960 1191 verbo
978 1162 1058 1190 nulla
1085 1161 1269 1198 conspicitur
1291 1160 1466 1197 organisatio
1488 1162 1551 1197 (12
1563 1160 1590 1195 ).

71 1211 106 1240 In
129 1213 318 1247 plurimarum
348 1214 510 1249 plantarum
541 1214 622 1242 foliis
653 1214 763 1242 coloris
787 1213 970 1250 albo-grisei
997 1219 1024 1241 et
1055 1213 1201 1249 granulata
1231 1218 1376 1248 apparet,
1399 1219 1472 1248 quae
1501 1216 1597 1239 tamen

71 1262 191 1299 granula
215 1262 251 1290 ad
273 1270 332 1290 eam
355 1270 414 1290 non
435 1264 577 1298 pertinere
600 1264 733 1292 videntur
754 1265 814 1301 (13
828 1265 856 1300 >-

110 1312 187 1342 Cum
213 1312 265 1340 hac
293 1319 386 1341 autem
409 1313 565 1342 Sauum-ii
583 1313 779 1349 Epidermidis
801 1314 996 1351 descriptione
1017 1322 1118 1350 parum
1144 1314 1281 1343 convenit
1300 1322 1353 1351 ea,
1377 1322 1462 1350 quam
1485 1312 1600 1342 exhibet

75 1365 126 1394 Cl.
148 1364 294 1392 Kiescrus.
331 1363 378 1392 Ex
396 1364 484 1402 hujus
503 1365 558 1393 viri
582 1365 766 1400 Clarissimi,
789 1365 840 1401 qui
858 1365 887 1394 in
913 1365 999 1394 variis
1014 1366 1167 1394 admodum
1194 1366 1355 1401 plantarum
1375 1365 1528 1401 speciebus
1552 1363 1599 1391 fo-

70 1417 176 1446 liorum
206 1415 418 1450 Epidermidem
455 1416 577 1445 examini
599 1416 736 1452 penitiori
761 1416 898 1445 submisit
926 1417 1037 1454 (14),
1063 1423 1090 1444 et
1120 1417 1230 1445 invenit
1255 1417 1310 1445 hoc
1336 1415 1473 1445 foliorum
1510 1414 1596 1441 invo-

68 1467 183 1496 lucrum
201 1487 212 1502 ,
241 1466 355 1502 egregio
388 1467 552 1503 organismo
582 1467 756 1495 instructum
776 1488 788 1503 ,
816 1475 832 1495 e
861 1467 938 1496 vasis
968 1467 1103 1503 plurImis
1129 1467 1295 1503 conjunctis
1329 1473 1356 1492 et
1379 1471 1437 1492 rete
1466 1463 1595 1492 forman-

70 1518 150 1547 tibus
171 1517 388 1553 compositum,
417 1523 444 1545 et
468 1518 630 1547 numerosis
654 1518 733 1554 por-is
762 1517 890 1546 obsitum
914 1525 996 1553 esse,
1025 1517 1157 1554 egregia,
1187 1515 1301 1551 saepius
1325 1515 1381 1552 jam
1406 1515 1493 1544 citata
1518 1523 1601 1544 com-

72 1569 247 1597 mentatione
263 1589 272 1603 ,
296 1569 435 1597 nonnulla
466 1569 495 1598 h.
514 1570 535 1598 1.
560 1570 588 1598 in
619 1569 742 1598 medium
766 1568 922 1605 proferrem
933 1588 949 1604 ‚2
974 1568 1031 1596 nisi
1049 1567 1240 1601 confiderem,
1271 1567 1325 1595 hoc
1351 1566 1439 1602 liujus
1461 1565 1512 1595 Cl.
1531 1566 1597 1594 Viri

70 1627 167 1655 opus,
197 1627 255 1654 quo
280 1626 335 1646 tam
360 1618 431 1646 bene
459 1619 492 1647 de
520 1619 564 1647 Re
591 1619 729 1648 Herbaria
755 1620 874 1649 meritus
900 1626 963 1654 est,
994 1619 1030 1647 in
1051 1619 1182 1655 cujusvis
1211 1618 1361 1645 Botaniccs
1387 1617 1511 1646 cultoris
1536 1626 1596 1646 ma-

72 1670 159 1700 nibus
179 1669 305 1704 versari,
334 1675 360 1697 et
379 1669 471 1705 probe
492 1669 561 1699 mihi
584 1679 753 1707 persuasum
779 1677 873 1708 esset,
902 1679 968 1707 me,
991 1670 1144 1707 pulchram
1168 1669 1248 1698 illam
1274 1675 1301 1697 et
1325 1676 1486 1697 accuratam
1513 1669 1604 1706 hujus>

1554 1720 1601 1749 fo-

98 1773 172 1800 (ῐο)
191 1771 242 1794 Vid.
261 1770 341 1791 Klsscr
363 1771 375 1791 Ι
398 1777 416 1794 e.
437 1778 487 1799 pag,
506 1778 555 1796 Mo.

95 1812 163 1840 (n)
184 1812 236 1834 Vld.
251 1812 409 1832 Observax'ans
423 1819 459 1834 yur
472 1813 571 1834 PBt-ortt
587 1814 623 1834 des
637 1813 731 1834 Fauillas
745 1819 766 1834 ur
779 1814 815 1834 des
830 1814 918 1835 paules
933 1820 973 1842 par
990 1811 1023 1836 HJ
1039 1815 1065 1835 B.
1080 1809 1105 1832 ἀὲ
1121 1812 1242 1839 Sanum-e,
1258 1810 1270 1833 ὲ
1286 1812 1381 1834 Geneve
1398 1811 1459 1839 1762.
1483 1813 1562 1842 Chap··
1572 1813 1603 1836 v-

71 1855 99 1876 de
116 1853 252 1880 l'Epiderme
273 1859 421 1880 proprement
439 1856 476 1876 dlt·
493 1856 532 1876 des
553 1856 660 1878 Feuilles.

95 1894 161 1922 (ια)
178 1894 282 1913 Sannum
305 1893 320 1915 Ι,
336 1899 354 1915 c,
377 1900 426 1920 pag.
442 1901 485 1921 9⁴,
500 1895 535 1920 9⁰¹·
819 1896 886 1925 (¹3)
909 1896 1033 1920 Sausmre,
1055 1900 1104 1922 pag.
1121 1898 1158 1920 9⁴.

96 1934 163 1961 (14)
179 1933 228 1956 vid.
246 1932 294 1959 ejux
313 1934 420 1955 Memoire
440 1941 479 1955 sur
491 1935 664 1962 l’orgsmliarion
677 1936 713 1956 das
726 1936 833 1963 Planus,
855 1936 879 1956 ln
897 1936 982 1963 Testa-rs
997 1935 1084 1957 Tmedc
1102 1935 1231 1959 Gonootsch.
1252 1935 1287 1959 St.
1303 1936 1374 1960 XVIII
1385 1951 1393 1965 ,
1413 1942 1464 1964 pag.
1481 1941 1519 1963 141
1534 1942 1598 1965 seqq.

73 1976 129 2000 nb.
144 1975 200 1998 xlx.
220 1974 256 2001 fis·
274 1981 308 2002 5⁰·
331 1981 397 2003 seqq.
867 2006 892 2035 C
1025 1970 1029 1972 ’

878 2016 879 2019 ,
914 2014 935 2043 3¹
