<?xml version="1.0" encoding="UTF-8"?>
<!DOCTYPE html PUBLIC "-//W3C//DTD XHTML 1.0 Transitional//EN"
    "http://www.w3.org/TR/xhtml1/DTD/xhtml1-transitional.dtd">
<html xmlns="http://www.w3.org/1999/xhtml" xml:lang="en" lang="en">
 <head>
  <title>
</title>
<meta http-equiv="Content-Type" content="text/html;charset=utf-8" />
  <meta name='ocr-system' content='tesseract 3.04.00' />
  <meta name='ocr-capabilities' content='ocr_page ocr_carea ocr_par ocr_line ocrx_word'/>
</head>
<body>
  <div class='ocr_page' id='page_1' title='image "annalesacademiae19rijk_0668.png"; bbox 0 0 1913 2417; ppageno 0'>
   <div class='ocr_carea' id='block_1_1' title="bbox 243 196 1379 238">
    <p class='ocr_par' dir='ltr' id='par_1_1' title="bbox 243 196 1379 238">
     <span class='ocr_line' id='line_1_1' title="bbox 243 196 1379 238; baseline 0 -10"><span class='ocrx_word' id='word_1_1' title='bbox 243 208 280 238; x_wconf 82' lang='lat'>54</span> <span class='ocrx_word' id='word_1_2' title='bbox 602 198 632 235; x_wconf 93' lang='lat' dir='ltr'>J.</span> <span class='ocrx_word' id='word_1_3' title='bbox 709 197 748 226; x_wconf 88' lang='lat' dir='ltr'>R.</span> <span class='ocrx_word' id='word_1_4' title='bbox 825 196 1379 233; x_wconf 65' lang='lat' dir='ltr'>TI-IORBEcltE</span> 
     </span>
    </p>
   </div>
   <div class='ocr_carea' id='block_1_2' title="bbox 242 278 1765 1644">
    <p class='ocr_par' dir='ltr' id='par_1_2' title="bbox 242 278 1760 521">
     <span class='ocr_line' id='line_1_2' title="bbox 245 278 1751 317; baseline -0.001 -8"><span class='ocrx_word' id='word_1_5' title='bbox 245 279 426 317; x_wconf 84' lang='lat' dir='ltr'>subjicienda</span> <span class='ocrx_word' id='word_1_6' title='bbox 455 285 518 315; x_wconf 85' lang='lat' dir='ltr'>est,</span> <span class='ocrx_word' id='word_1_7' title='bbox 540 287 596 308; x_wconf 84' lang='lat' dir='ltr'>una</span> <span class='ocrx_word' id='word_1_8' title='bbox 617 287 728 312; x_wconf 66' lang='lat' dir='ltr'>rerum„</span> <span class='ocrx_word' id='word_1_9' title='bbox 751 285 783 307; x_wconf 92' lang='lat' dir='ltr'>ut</span> <span class='ocrx_word' id='word_1_10' title='bbox 807 285 962 315; x_wconf 83' lang='lat' dir='ltr'>apparent,</span> <span class='ocrx_word' id='word_1_11' title='bbox 984 278 1066 307; x_wconf 84' lang='lat' dir='ltr'>altera</span> <span class='ocrx_word' id='word_1_12' title='bbox 1088 284 1119 307; x_wconf 91' lang='lat' dir='ltr'>ut</span> <span class='ocrx_word' id='word_1_13' title='bbox 1141 287 1236 309; x_wconf 89' lang='lat' dir='ltr'>revera</span> <span class='ocrx_word' id='word_1_14' title='bbox 1259 287 1340 310; x_wconf 85' lang='lat' dir='ltr'>sunt.</span> <span class='ocrx_word' id='word_1_15' title='bbox 1379 280 1472 311; x_wconf 85' lang='lat' dir='ltr'>Omne</span> <span class='ocrx_word' id='word_1_16' title='bbox 1491 286 1558 310; x_wconf 83' lang='lat' dir='ltr'>vero</span> <span class='ocrx_word' id='word_1_17' title='bbox 1586 281 1679 310; x_wconf 77' lang='lat' dir='ltr'>omnis</span> <span class='ocrx_word' id='word_1_18' title='bbox 1703 289 1751 312; x_wconf 85' lang='lat' dir='ltr'>ve.</span> 
     </span>
     <span class='ocr_line' id='line_1_3' title="bbox 244 323 1752 370; baseline 0.003 -11"><span class='ocrx_word' id='word_1_19' title='bbox 244 331 337 360; x_wconf 86' lang='lat' dir='ltr'>ritatis</span> <span class='ocrx_word' id='word_1_20' title='bbox 359 337 509 366; x_wconf 81' lang='lat' dir='ltr'><strong>certaeque</strong></span> <span class='ocrx_word' id='word_1_21' title='bbox 527 329 703 367; x_wconf 80' lang='lat' dir='ltr'>cognitionis</span> <span class='ocrx_word' id='word_1_22' title='bbox 727 330 899 365; x_wconf 80' lang='lat' dir='ltr'>praesidium</span> <span class='ocrx_word' id='word_1_23' title='bbox 923 330 952 358; x_wconf 90' lang='lat' dir='ltr'>in</span> <span class='ocrx_word' id='word_1_24' title='bbox 976 330 1123 360; x_wconf 83' lang='lat' dir='ltr'>intellectu</span> <span class='ocrx_word' id='word_1_25' title='bbox 1143 332 1261 367; x_wconf 85' lang='lat' dir='ltr'>posuit,</span> <span class='ocrx_word' id='word_1_26' title='bbox 1283 337 1310 360; x_wconf 88' lang='lat' dir='ltr'>et</span> <span class='ocrx_word' id='word_1_27' title='bbox 1333 332 1418 361; x_wconf 88' lang='lat' dir='ltr'>rebus</span> <span class='ocrx_word' id='word_1_28' title='bbox 1436 331 1670 369; x_wconf 83' lang='lat' dir='ltr'>intelligibilibus</span> <span class='ocrx_word' id='word_1_29' title='bbox 1684 323 1752 370; x_wconf 55' lang='lat'>(133</span> 
     </span>
     <span class='ocr_line' id='line_1_4' title="bbox 244 380 1756 424; baseline 0.001 -13"><span class='ocrx_word' id='word_1_30' title='bbox 244 390 347 411; x_wconf 84' lang='lat' dir='ltr'>sensus</span> <span class='ocrx_word' id='word_1_31' title='bbox 370 382 485 418; x_wconf 88' lang='lat' dir='ltr'>putavit</span> <span class='ocrx_word' id='word_1_32' title='bbox 508 389 561 410; x_wconf 85' lang='lat' dir='ltr'>nec</span> <span class='ocrx_word' id='word_1_33' title='bbox 584 380 660 409; x_wconf 89' lang='lat' dir='ltr'>fidos</span> <span class='ocrx_word' id='word_1_34' title='bbox 686 387 713 409; x_wconf 89' lang='lat' dir='ltr'>et</span> <span class='ocrx_word' id='word_1_35' title='bbox 732 381 914 416; x_wconf 86' lang='lat' dir='ltr'>imbecillos,</span> <span class='ocrx_word' id='word_1_36' title='bbox 935 389 1038 417; x_wconf 84' lang='lat' dir='ltr'>resque</span> <span class='ocrx_word' id='word_1_37' title='bbox 1061 381 1116 410; x_wconf 91' lang='lat' dir='ltr'>sub</span> <span class='ocrx_word' id='word_1_38' title='bbox 1144 390 1248 411; x_wconf 88' lang='lat' dir='ltr'>sensus</span> <span class='ocrx_word' id='word_1_39' title='bbox 1269 383 1402 412; x_wconf 81' lang='lat' dir='ltr'><strong>cadentes</strong></span> <span class='ocrx_word' id='word_1_40' title='bbox 1427 383 1518 412; x_wconf 87' lang='lat' dir='ltr'>fluxas</span> <span class='ocrx_word' id='word_1_41' title='bbox 1540 388 1568 411; x_wconf 88' lang='lat' dir='ltr'>et</span> <span class='ocrx_word' id='word_1_42' title='bbox 1585 381 1756 424; x_wconf 82' lang='lat' dir='ltr'>mutabiles:</span> 
     </span>
     <span class='ocr_line' id='line_1_5' title="bbox 243 431 1760 470; baseline 0.001 -9"><span class='ocrx_word' id='word_1_43' title='bbox 243 434 319 462; x_wconf 84' lang='lat' dir='ltr'>unde</span> <span class='ocrx_word' id='word_1_44' title='bbox 341 434 420 462; x_wconf 88' lang='lat' dir='ltr'>nulla</span> <span class='ocrx_word' id='word_1_45' title='bbox 447 433 588 466; x_wconf 75' lang='lat' dir='ltr'>oriretur,</span> <span class='ocrx_word' id='word_1_46' title='bbox 610 431 671 460; x_wconf 88' lang='lat' dir='ltr'>sive</span> <span class='ocrx_word' id='word_1_47' title='bbox 699 440 783 467; x_wconf 86' lang='lat' dir='ltr'>vera,</span> <span class='ocrx_word' id='word_1_48' title='bbox 805 432 865 461; x_wconf 89' lang='lat' dir='ltr'>sive</span> <span class='ocrx_word' id='word_1_49' title='bbox 889 431 1001 460; x_wconf 87' lang='lat' dir='ltr'>stabilis</span> <span class='ocrx_word' id='word_1_50' title='bbox 1024 432 1165 468; x_wconf 80' lang='lat' dir='ltr'>scientia3</span> <span class='ocrx_word' id='word_1_51' title='bbox 1188 433 1297 469; x_wconf 89' lang='lat' dir='ltr'>quibus</span> <span class='ocrx_word' id='word_1_52' title='bbox 1322 441 1502 469; x_wconf 80' lang='lat' dir='ltr'>consequens</span> <span class='ocrx_word' id='word_1_53' title='bbox 1520 439 1583 469; x_wconf 87' lang='lat' dir='ltr'>est,</span> <span class='ocrx_word' id='word_1_54' title='bbox 1603 432 1760 470; x_wconf 75' lang='lat' dir='ltr'>colligente</span> 
     </span>
     <span class='ocr_line' id='line_1_6' title="bbox 242 483 1547 521; baseline -0.001 -8"><span class='ocrx_word' id='word_1_55' title='bbox 242 485 362 513; x_wconf 74' lang='lat' dir='ltr'>Socrate</span> <span class='ocrx_word' id='word_1_56' title='bbox 385 484 452 521; x_wconf 69' lang='grc' dir='ltr'>(α)</span> <span class='ocrx_word' id='word_1_57' title='bbox 476 483 548 512; x_wconf 89' lang='lat' dir='ltr'>nihil</span> <span class='ocrx_word' id='word_1_58' title='bbox 573 484 640 511; x_wconf 89' lang='lat' dir='ltr'>sciri</span> <span class='ocrx_word' id='word_1_59' title='bbox 661 489 688 511; x_wconf 91' lang='lat' dir='ltr'>et</span> <span class='ocrx_word' id='word_1_60' title='bbox 712 483 742 512; x_wconf 88' lang='lat' dir='ltr'>in</span> <span class='ocrx_word' id='word_1_61' title='bbox 766 488 914 519; x_wconf 87' lang='lat' dir='ltr'>utramque</span> <span class='ocrx_word' id='word_1_62' title='bbox 934 489 1040 518; x_wconf 87' lang='lat' dir='ltr'>partem</span> <span class='ocrx_word' id='word_1_63' title='bbox 1070 484 1104 512; x_wconf 85' lang='lat' dir='ltr'>de</span> <span class='ocrx_word' id='word_1_64' title='bbox 1129 484 1266 513; x_wconf 85' lang='lat' dir='ltr'>omnibus</span> <span class='ocrx_word' id='word_1_65' title='bbox 1294 493 1382 521; x_wconf 87' lang='lat' dir='ltr'>posse</span> <span class='ocrx_word' id='word_1_66' title='bbox 1408 484 1547 513; x_wconf 83' lang='lat' dir='ltr'>affirmari.</span> 
     </span>
    </p>

    <p class='ocr_par' dir='ltr' id='par_1_3' title="bbox 243 534 1758 881">
     <span class='ocr_line' id='line_1_7' title="bbox 282 534 1758 565; baseline -0.001 -1"><span class='ocrx_word' id='word_1_67' title='bbox 282 536 343 564; x_wconf 82' lang='lat' dir='ltr'>Hac</span> <span class='ocrx_word' id='word_1_68' title='bbox 376 541 467 563; x_wconf 88' lang='lat' dir='ltr'>autem</span> <span class='ocrx_word' id='word_1_69' title='bbox 501 535 632 563; x_wconf 87' lang='lat' dir='ltr'>doctrina</span> <span class='ocrx_word' id='word_1_70' title='bbox 659 534 830 563; x_wconf 88' lang='lat' dir='ltr'>innutritum</span> <span class='ocrx_word' id='word_1_71' title='bbox 855 541 882 563; x_wconf 88' lang='lat' dir='ltr'>et</span> <span class='ocrx_word' id='word_1_72' title='bbox 906 534 1091 563; x_wconf 84' lang='lat' dir='ltr'>informatum</span> <span class='ocrx_word' id='word_1_73' title='bbox 1117 535 1282 564; x_wconf 75' lang='lat' dir='ltr'>Arcesilam</span> <span class='ocrx_word' id='word_1_74' title='bbox 1303 536 1446 565; x_wconf 81' lang='lat' dir='ltr'>advertere</span> <span class='ocrx_word' id='word_1_75' title='bbox 1470 534 1568 564; x_wconf 81' lang='lat' dir='ltr'>debuit</span> <span class='ocrx_word' id='word_1_76' title='bbox 1593 534 1758 564; x_wconf 82' lang='lat' dir='ltr'>Platonicae</span> 
     </span>
     <span class='ocr_line' id='line_1_8' title="bbox 243 585 1757 623; baseline 0 -9"><span class='ocrx_word' id='word_1_77' title='bbox 243 586 447 623; x_wconf 85' lang='lat' dir='ltr'>philosophiae</span> <span class='ocrx_word' id='word_1_78' title='bbox 473 593 523 622; x_wconf 83' lang='lat' dir='ltr'>per</span> <span class='ocrx_word' id='word_1_79' title='bbox 547 585 691 613; x_wconf 76' lang='lat' dir='ltr'>Zenonem</span> <span class='ocrx_word' id='word_1_80' title='bbox 715 585 948 621; x_wconf 84' lang='lat' dir='ltr'>condiscipulum</span> <span class='ocrx_word' id='word_1_81' title='bbox 981 585 1145 616; x_wconf 83' lang='lat' dir='ltr'>subversio.</span> <span class='ocrx_word' id='word_1_82' title='bbox 1193 587 1374 623; x_wconf 87' lang='lat' dir='ltr'>Auspicatus</span> <span class='ocrx_word' id='word_1_83' title='bbox 1403 591 1447 614; x_wconf 88' lang='lat' dir='ltr'>est</span> <span class='ocrx_word' id='word_1_84' title='bbox 1480 586 1560 614; x_wconf 82' lang='lat' dir='ltr'>Zeno</span> <span class='ocrx_word' id='word_1_85' title='bbox 1582 586 1655 616; x_wconf 80' lang='lat' dir='ltr'>hanc</span> <span class='ocrx_word' id='word_1_86' title='bbox 1678 594 1757 615; x_wconf 84' lang='lat' dir='ltr'>ever-</span> 
     </span>
     <span class='ocr_line' id='line_1_9' title="bbox 245 636 1756 674; baseline -0.001 -9"><span class='ocrx_word' id='word_1_87' title='bbox 245 637 354 666; x_wconf 83' lang='lat' dir='ltr'>sionem</span> <span class='ocrx_word' id='word_1_88' title='bbox 382 645 398 665; x_wconf 89' lang='lat' dir='ltr'>a</span> <span class='ocrx_word' id='word_1_89' title='bbox 425 636 576 665; x_wconf 84' lang='lat' dir='ltr'>nobilitata</span> <span class='ocrx_word' id='word_1_90' title='bbox 599 645 649 665; x_wconf 88' lang='lat' dir='ltr'>sua</span> <span class='ocrx_word' id='word_1_91' title='bbox 672 636 857 671; x_wconf 84' lang='lat' dir='ltr'>definitione,</span> <span class='ocrx_word' id='word_1_92' title='bbox 878 644 976 665; x_wconf 88' lang='lat' dir='ltr'>verum</span> <span class='ocrx_word' id='word_1_93' title='bbox 1000 636 1095 665; x_wconf 89' lang='lat' dir='ltr'>visum</span> <span class='ocrx_word' id='word_1_94' title='bbox 1120 636 1218 666; x_wconf 88' lang='lat' dir='ltr'>dicens</span> <span class='ocrx_word' id='word_1_95' title='bbox 1243 637 1415 674; x_wconf 86' lang='lat' dir='ltr'>impressum</span> <span class='ocrx_word' id='word_1_96' title='bbox 1441 637 1624 673; x_wconf 84' lang='lat' dir='ltr'>effictumque</span> <span class='ocrx_word' id='word_1_97' title='bbox 1644 645 1678 666; x_wconf 86' lang='lat' dir='ltr'>ex</span> <span class='ocrx_word' id='word_1_98' title='bbox 1700 644 1756 671; x_wconf 85' lang='lat' dir='ltr'>eo,</span> 
     </span>
     <span class='ocr_line' id='line_1_10' title="bbox 244 686 1758 727; baseline -0.001 -11"><span class='ocrx_word' id='word_1_99' title='bbox 244 689 320 727; x_wconf 87' lang='lat' dir='ltr'>unde</span> <span class='ocrx_word' id='word_1_100' title='bbox 344 694 437 723; x_wconf 86' lang='lat' dir='ltr'>esset,</span> <span class='ocrx_word' id='word_1_101' title='bbox 468 689 550 724; x_wconf 88' lang='lat' dir='ltr'>quale</span> <span class='ocrx_word' id='word_1_102' title='bbox 574 695 637 716; x_wconf 85' lang='lat' dir='ltr'>esse</span> <span class='ocrx_word' id='word_1_103' title='bbox 661 695 720 716; x_wconf 86' lang='lat' dir='ltr'>non</span> <span class='ocrx_word' id='word_1_104' title='bbox 746 693 845 723; x_wconf 86' lang='lat' dir='ltr'>posset</span> <span class='ocrx_word' id='word_1_105' title='bbox 874 695 908 715; x_wconf 81' lang='lat' dir='ltr'>ex</span> <span class='ocrx_word' id='word_1_106' title='bbox 939 695 992 722; x_wconf 90' lang='lat' dir='ltr'>eo,</span> <span class='ocrx_word' id='word_1_107' title='bbox 1020 687 1094 715; x_wconf 86' lang='lat' dir='ltr'>unde</span> <span class='ocrx_word' id='word_1_108' title='bbox 1118 695 1178 717; x_wconf 89' lang='lat' dir='ltr'>non</span> <span class='ocrx_word' id='word_1_109' title='bbox 1207 694 1282 717; x_wconf 90' lang='lat' dir='ltr'>esset</span> <span class='ocrx_word' id='word_1_110' title='bbox 1302 688 1383 726; x_wconf 80' lang='lat'>(3).</span> <span class='ocrx_word' id='word_1_111' title='bbox 1435 688 1516 717; x_wconf 90' lang='lat' dir='ltr'>Hanc</span> <span class='ocrx_word' id='word_1_112' title='bbox 1541 687 1630 724; x_wconf 88' lang='lat' dir='ltr'>igitur</span> <span class='ocrx_word' id='word_1_113' title='bbox 1660 686 1758 726; x_wconf 85' lang='lat' dir='ltr'>defiui-</span> 
     </span>
     <span class='ocr_line' id='line_1_11' title="bbox 246 736 1758 780; baseline -0.002 -12"><span class='ocrx_word' id='word_1_114' title='bbox 246 740 354 780; x_wconf 78' lang='lat' dir='ltr'>tionem</span> <span class='ocrx_word' id='word_1_115' title='bbox 385 739 478 775; x_wconf 88' lang='lat' dir='ltr'>primo</span> <span class='ocrx_word' id='word_1_116' title='bbox 506 740 571 767; x_wconf 86' lang='lat' dir='ltr'>ioco</span> <span class='ocrx_word' id='word_1_117' title='bbox 596 737 731 767; x_wconf 78' lang='lat' dir='ltr'>omnibus</span> <span class='ocrx_word' id='word_1_118' title='bbox 753 738 818 766; x_wconf 88' lang='lat' dir='ltr'>telis</span> <span class='ocrx_word' id='word_1_119' title='bbox 849 744 937 773; x_wconf 86' lang='lat' dir='ltr'>atque</span> <span class='ocrx_word' id='word_1_120' title='bbox 960 738 1099 767; x_wconf 86' lang='lat' dir='ltr'>machinis</span> <span class='ocrx_word' id='word_1_121' title='bbox 1128 740 1277 774; x_wconf 87' lang='lat' dir='ltr'>petendam</span> <span class='ocrx_word' id='word_1_122' title='bbox 1301 747 1365 767; x_wconf 86' lang='lat' dir='ltr'>esse</span> <span class='ocrx_word' id='word_1_123' title='bbox 1386 745 1414 767; x_wconf 94' lang='lat' dir='ltr'>et</span> <span class='ocrx_word' id='word_1_124' title='bbox 1435 738 1619 768; x_wconf 83' lang='lat' dir='ltr'>obsidendam</span> <span class='ocrx_word' id='word_1_125' title='bbox 1644 736 1758 765; x_wconf 89' lang='lat' dir='ltr'>censuit</span> 
     </span>
     <span class='ocr_line' id='line_1_12' title="bbox 243 788 1756 827; baseline -0.001 -7"><span class='ocrx_word' id='word_1_126' title='bbox 243 789 413 826; x_wconf 74' lang='lat' dir='ltr'>Arcesilas,</span> <span class='ocrx_word' id='word_1_127' title='bbox 433 790 524 827; x_wconf 85' lang='lat' dir='ltr'>deque</span> <span class='ocrx_word' id='word_1_128' title='bbox 546 798 576 818; x_wconf 88' lang='lat' dir='ltr'>ea</span> <span class='ocrx_word' id='word_1_129' title='bbox 600 789 694 818; x_wconf 88' lang='lat' dir='ltr'>omnis</span> <span class='ocrx_word' id='word_1_130' title='bbox 719 796 762 817; x_wconf 89' lang='lat' dir='ltr'>est</span> <span class='ocrx_word' id='word_1_131' title='bbox 783 788 826 823; x_wconf 87' lang='lat' dir='ltr'>ei,</span> <span class='ocrx_word' id='word_1_132' title='bbox 847 795 876 817; x_wconf 92' lang='lat' dir='ltr'>et</span> <span class='ocrx_word' id='word_1_133' title='bbox 899 789 957 818; x_wconf 82' lang='lat' dir='ltr'>fere</span> <span class='ocrx_word' id='word_1_134' title='bbox 979 798 1035 818; x_wconf 86' lang='lat' dir='ltr'>una</span> <span class='ocrx_word' id='word_1_135' title='bbox 1051 798 1117 818; x_wconf 90' lang='lat' dir='ltr'>cum</span> <span class='ocrx_word' id='word_1_136' title='bbox 1135 789 1251 818; x_wconf 70' lang='lat' dir='ltr'>Zenone</span> <span class='ocrx_word' id='word_1_137' title='bbox 1267 789 1416 819; x_wconf 81' lang='lat' dir='ltr'>contentio</span> <span class='ocrx_word' id='word_1_138' title='bbox 1438 789 1519 827; x_wconf 86' lang='lat'><strong>(4).</strong></span> <span class='ocrx_word' id='word_1_139' title='bbox 1558 789 1642 826; x_wconf 86' lang='lat' dir='ltr'>Quae</span> <span class='ocrx_word' id='word_1_140' title='bbox 1661 788 1756 818; x_wconf 83' lang='lat' dir='ltr'>eadem</span> 
     </span>
     <span class='ocr_line' id='line_1_13' title="bbox 245 840 1469 881; baseline -0.002 -9"><span class='ocrx_word' id='word_1_141' title='bbox 245 849 349 881; x_wconf 86' lang='lat' dir='ltr'>postea</span> <span class='ocrx_word' id='word_1_142' title='bbox 372 848 460 878; x_wconf 88' lang='lat' dir='ltr'>caput</span> <span class='ocrx_word' id='word_1_143' title='bbox 481 840 538 869; x_wconf 89' lang='lat' dir='ltr'>fuit</span> <span class='ocrx_word' id='word_1_144' title='bbox 559 846 586 869; x_wconf 88' lang='lat' dir='ltr'>et</span> <span class='ocrx_word' id='word_1_145' title='bbox 610 849 658 869; x_wconf 83' lang='lat' dir='ltr'>arx</span> <span class='ocrx_word' id='word_1_146' title='bbox 683 840 891 876; x_wconf 81' lang='lat' dir='ltr'>disputationis</span> <span class='ocrx_word' id='word_1_147' title='bbox 915 840 1090 876; x_wconf 83' lang='lat' dir='ltr'>reliquorum</span> <span class='ocrx_word' id='word_1_148' title='bbox 1116 840 1199 868; x_wconf 88' lang='lat' dir='ltr'>etiam</span> <span class='ocrx_word' id='word_1_149' title='bbox 1221 840 1469 869; x_wconf 82' lang='lat' dir='ltr'>Academicorum.</span> 
     </span>
    </p>

    <p class='ocr_par' dir='ltr' id='par_1_4' title="bbox 244 890 1758 1187">
     <span class='ocr_line' id='line_1_14' title="bbox 284 890 1754 926; baseline -0.002 -3"><span class='ocrx_word' id='word_1_150' title='bbox 284 894 431 923; x_wconf 87' lang='lat' dir='ltr'>Nimirum</span> <span class='ocrx_word' id='word_1_151' title='bbox 463 893 516 921; x_wconf 89' lang='lat' dir='ltr'>hac</span> <span class='ocrx_word' id='word_1_152' title='bbox 546 891 710 921; x_wconf 83' lang='lat' dir='ltr'>definitione</span> <span class='ocrx_word' id='word_1_153' title='bbox 734 891 814 919; x_wconf 80' lang='lat' dir='ltr'>Zeno</span> <span class='ocrx_word' id='word_1_154' title='bbox 836 899 972 920; x_wconf 88' lang='lat' dir='ltr'>sensuum</span> <span class='ocrx_word' id='word_1_155' title='bbox 995 892 1195 920; x_wconf 86' lang='lat' dir='ltr'>auctoritatem</span> <span class='ocrx_word' id='word_1_156' title='bbox 1219 891 1258 919; x_wconf 88' lang='lat' dir='ltr'>ita</span> <span class='ocrx_word' id='word_1_157' title='bbox 1282 891 1415 919; x_wconf 81' lang='lat' dir='ltr'>tuebatur</span> <span class='ocrx_word' id='word_1_158' title='bbox 1433 896 1461 919; x_wconf 90' lang='lat' dir='ltr'>et</span> <span class='ocrx_word' id='word_1_159' title='bbox 1481 890 1692 926; x_wconf 84' lang='lat' dir='ltr'>concludebat,</span> <span class='ocrx_word' id='word_1_160' title='bbox 1719 895 1754 920; x_wconf 90' lang='lat' dir='ltr'>ut</span> 
     </span>
     <span class='ocr_line' id='line_1_15' title="bbox 244 940 1758 980; baseline -0.003 -5"><span class='ocrx_word' id='word_1_161' title='bbox 244 945 302 976; x_wconf 86' lang='lat' dir='ltr'>nisi</span> <span class='ocrx_word' id='word_1_162' title='bbox 332 953 363 974; x_wconf 83' lang='lat' dir='ltr'>ea</span> <span class='ocrx_word' id='word_1_163' title='bbox 391 944 564 980; x_wconf 85' lang='lat' dir='ltr'>profligata,</span> <span class='ocrx_word' id='word_1_164' title='bbox 594 942 689 971; x_wconf 84' lang='lat' dir='ltr'>omnis</span> <span class='ocrx_word' id='word_1_165' title='bbox 714 941 848 970; x_wconf 83' lang='lat' dir='ltr'>Platonis</span> <span class='ocrx_word' id='word_1_166' title='bbox 876 942 910 970; x_wconf 91' lang='lat' dir='ltr'>de</span> <span class='ocrx_word' id='word_1_167' title='bbox 932 942 1084 971; x_wconf 86' lang='lat' dir='ltr'>notionum</span> <span class='ocrx_word' id='word_1_168' title='bbox 1109 940 1241 971; x_wconf 89' lang='lat' dir='ltr'>fontibus</span> <span class='ocrx_word' id='word_1_169' title='bbox 1265 950 1297 971; x_wconf 87' lang='lat' dir='ltr'>ac</span> <span class='ocrx_word' id='word_1_170' title='bbox 1328 941 1468 977; x_wconf 87' lang='lat' dir='ltr'>veritate,</span> <span class='ocrx_word' id='word_1_171' title='bbox 1496 942 1531 970; x_wconf 92' lang='lat' dir='ltr'>de</span> <span class='ocrx_word' id='word_1_172' title='bbox 1556 941 1693 978; x_wconf 86' lang='lat' dir='ltr'>scientia,</span> <span class='ocrx_word' id='word_1_173' title='bbox 1721 941 1758 970; x_wconf 86' lang='lat' dir='ltr'>de</span> 
     </span>
     <span class='ocr_line' id='line_1_16' title="bbox 245 992 1757 1028; baseline -0.004 -2"><span class='ocrx_word' id='word_1_174' title='bbox 245 997 318 1027; x_wconf 87' lang='lat' dir='ltr'>ideis</span> <span class='ocrx_word' id='word_1_175' title='bbox 342 996 411 1024; x_wconf 88' lang='lat' dir='ltr'>adeo</span> <span class='ocrx_word' id='word_1_176' title='bbox 437 994 575 1023; x_wconf 86' lang='lat' dir='ltr'>sententia</span> <span class='ocrx_word' id='word_1_177' title='bbox 597 993 779 1027; x_wconf 86' lang='lat' dir='ltr'>concideret,</span> <span class='ocrx_word' id='word_1_178' title='bbox 800 999 887 1028; x_wconf 84' lang='lat' dir='ltr'>atque</span> <span class='ocrx_word' id='word_1_179' title='bbox 907 992 948 1020; x_wconf 87' lang='lat' dir='ltr'>ita</span> <span class='ocrx_word' id='word_1_180' title='bbox 969 998 1057 1028; x_wconf 84' lang='lat' dir='ltr'>caput</span> <span class='ocrx_word' id='word_1_181' title='bbox 1075 998 1104 1020; x_wconf 88' lang='lat' dir='ltr'>et</span> <span class='ocrx_word' id='word_1_182' title='bbox 1129 993 1337 1022; x_wconf 89' lang='lat' dir='ltr'>munimentum</span> <span class='ocrx_word' id='word_1_183' title='bbox 1362 992 1526 1021; x_wconf 83' lang='lat' dir='ltr'>Platonicae</span> <span class='ocrx_word' id='word_1_184' title='bbox 1548 993 1694 1022; x_wconf 88' lang='lat' dir='ltr'>doctrinae</span> <span class='ocrx_word' id='word_1_185' title='bbox 1715 993 1757 1021; x_wconf 88' lang='lat' dir='ltr'>la-</span> 
     </span>
     <span class='ocr_line' id='line_1_17' title="bbox 245 1042 1758 1082; baseline -0.003 -5"><span class='ocrx_word' id='word_1_186' title='bbox 245 1048 448 1077; x_wconf 83' lang='lat' dir='ltr'>befactaretur.</span> <span class='ocrx_word' id='word_1_187' title='bbox 494 1045 585 1082; x_wconf 91' lang='lat' dir='ltr'>Quod</span> <span class='ocrx_word' id='word_1_188' title='bbox 616 1043 767 1072; x_wconf 86' lang='lat' dir='ltr'>imminens</span> <span class='ocrx_word' id='word_1_189' title='bbox 798 1042 959 1079; x_wconf 84' lang='lat' dir='ltr'>periculum</span> <span class='ocrx_word' id='word_1_190' title='bbox 988 1042 1087 1079; x_wconf 75' lang='lat' dir='ltr'>coegit</span> <span class='ocrx_word' id='word_1_191' title='bbox 1119 1043 1284 1072; x_wconf 80' lang='lat' dir='ltr'>Arcesilam</span> <span class='ocrx_word' id='word_1_192' title='bbox 1305 1042 1442 1072; x_wconf 82' lang='lat' dir='ltr'>omnibus</span> <span class='ocrx_word' id='word_1_193' title='bbox 1468 1042 1563 1078; x_wconf 81' lang='lat' dir='ltr'>copiis</span> <span class='ocrx_word' id='word_1_194' title='bbox 1593 1050 1621 1072; x_wconf 91' lang='lat' dir='ltr'>et</span> <span class='ocrx_word' id='word_1_195' title='bbox 1646 1043 1758 1074; x_wconf 83' lang='lat' dir='ltr'>viribus</span> 
     </span>
     <span class='ocr_line' id='line_1_18' title="bbox 244 1092 1757 1132; baseline -0.003 -4"><span class='ocrx_word' id='word_1_196' title='bbox 244 1107 348 1129; x_wconf 88' lang='lat' dir='ltr'>novam</span> <span class='ocrx_word' id='word_1_197' title='bbox 380 1095 572 1126; x_wconf 85' lang='lat' dir='ltr'>definitionem</span> <span class='ocrx_word' id='word_1_198' title='bbox 606 1102 716 1130; x_wconf 78' lang='lat' dir='ltr'>arcere3</span> <span class='ocrx_word' id='word_1_199' title='bbox 746 1094 853 1130; x_wconf 89' lang='lat' dir='ltr'>quibus</span> <span class='ocrx_word' id='word_1_200' title='bbox 880 1101 1061 1129; x_wconf 89' lang='lat' dir='ltr'>consequens</span> <span class='ocrx_word' id='word_1_201' title='bbox 1090 1100 1169 1130; x_wconf 84' lang='lat' dir='ltr'>erat,</span> <span class='ocrx_word' id='word_1_202' title='bbox 1198 1100 1231 1122; x_wconf 91' lang='lat' dir='ltr'>ut</span> <span class='ocrx_word' id='word_1_203' title='bbox 1251 1093 1366 1123; x_wconf 84' lang='lat' dir='ltr'>tolleret</span> <span class='ocrx_word' id='word_1_204' title='bbox 1392 1092 1545 1131; x_wconf 82' lang='lat' dir='ltr'>judicium</span> <span class='ocrx_word' id='word_1_205' title='bbox 1561 1093 1704 1132; x_wconf 84' lang='lat' dir='ltr'>incogniti</span> <span class='ocrx_word' id='word_1_206' title='bbox 1726 1100 1757 1124; x_wconf 85' lang='lat' dir='ltr'>et</span> 
     </span>
     <span class='ocr_line' id='line_1_19' title="bbox 246 1145 1022 1187; baseline -0.006 -8"><span class='ocrx_word' id='word_1_207' title='bbox 246 1149 377 1187; x_wconf 81' lang='lat' dir='ltr'>cogniti,</span> <span class='ocrx_word' id='word_1_208' title='bbox 397 1147 528 1182; x_wconf 81' lang='lat' dir='ltr'>nihilque</span> <span class='ocrx_word' id='word_1_209' title='bbox 547 1153 634 1182; x_wconf 86' lang='lat' dir='ltr'>posse</span> <span class='ocrx_word' id='word_1_210' title='bbox 653 1145 855 1181; x_wconf 87' lang='lat' dir='ltr'>comprehendi</span> <span class='ocrx_word' id='word_1_211' title='bbox 875 1150 1022 1174; x_wconf 87' lang='lat' dir='ltr'>statueret.</span> 
     </span>
    </p>

    <p class='ocr_par' dir='ltr' id='par_1_5' title="bbox 245 1195 1758 1385">
     <span class='ocr_line' id='line_1_20' title="bbox 285 1195 1758 1233; baseline -0.003 -3"><span class='ocrx_word' id='word_1_212' title='bbox 285 1202 328 1230; x_wconf 80' lang='lat' dir='ltr'>lta</span> <span class='ocrx_word' id='word_1_213' title='bbox 349 1197 500 1229; x_wconf 84' lang='lat' dir='ltr'>Academia</span> <span class='ocrx_word' id='word_1_214' title='bbox 523 1206 539 1226; x_wconf 80' lang='lat' dir='ltr'>a</span> <span class='ocrx_word' id='word_1_215' title='bbox 560 1205 611 1226; x_wconf 88' lang='lat' dir='ltr'>sua</span> <span class='ocrx_word' id='word_1_216' title='bbox 633 1196 774 1225; x_wconf 78' lang='lat' dir='ltr'>sententia</span> <span class='ocrx_word' id='word_1_217' title='bbox 793 1195 967 1225; x_wconf 86' lang='lat' dir='ltr'>defendenda</span> <span class='ocrx_word' id='word_1_218' title='bbox 991 1204 1107 1233; x_wconf 83' lang='lat' dir='ltr'>aversa,</span> <span class='ocrx_word' id='word_1_219' title='bbox 1134 1201 1162 1224; x_wconf 89' lang='lat' dir='ltr'>et</span> <span class='ocrx_word' id='word_1_220' title='bbox 1186 1196 1221 1225; x_wconf 86' lang='lat' dir='ltr'>ad</span> <span class='ocrx_word' id='word_1_221' title='bbox 1251 1196 1370 1226; x_wconf 85' lang='lat' dir='ltr'>alienam</span> <span class='ocrx_word' id='word_1_222' title='bbox 1393 1196 1560 1226; x_wconf 85' lang='lat' dir='ltr'>sententiam</span> <span class='ocrx_word' id='word_1_223' title='bbox 1585 1203 1758 1233; x_wconf 80' lang='lat' dir='ltr'>oppugnan-</span> 
     </span>
     <span class='ocr_line' id='line_1_21' title="bbox 247 1246 1758 1285; baseline -0.005 -4"><span class='ocrx_word' id='word_1_224' title='bbox 247 1253 310 1281; x_wconf 85' lang='lat' dir='ltr'>dam</span> <span class='ocrx_word' id='word_1_225' title='bbox 332 1257 470 1280; x_wconf 84' lang='lat' dir='ltr'>conversa</span> <span class='ocrx_word' id='word_1_226' title='bbox 490 1254 555 1277; x_wconf 88' lang='lat' dir='ltr'>est:</span> <span class='ocrx_word' id='word_1_227' title='bbox 578 1255 650 1283; x_wconf 89' lang='lat' dir='ltr'>quae</span> <span class='ocrx_word' id='word_1_228' title='bbox 668 1247 804 1283; x_wconf 87' lang='lat' dir='ltr'>paulatim</span> <span class='ocrx_word' id='word_1_229' title='bbox 828 1246 1008 1284; x_wconf 85' lang='lat' dir='ltr'>oppugnatio</span> <span class='ocrx_word' id='word_1_230' title='bbox 1025 1247 1138 1283; x_wconf 78' lang='lat' dir='ltr'>effecit,</span> <span class='ocrx_word' id='word_1_231' title='bbox 1162 1253 1194 1276; x_wconf 90' lang='lat' dir='ltr'>ut</span> <span class='ocrx_word' id='word_1_232' title='bbox 1212 1247 1280 1277; x_wconf 85' lang='lat' dir='ltr'>rixis</span> <span class='ocrx_word' id='word_1_233' title='bbox 1308 1248 1558 1285; x_wconf 87' lang='lat' dir='ltr'>disputationique</span> <span class='ocrx_word' id='word_1_234' title='bbox 1586 1247 1758 1283; x_wconf 84' lang='lat' dir='ltr'>indulgens,</span> 
     </span>
     <span class='ocr_line' id='line_1_22' title="bbox 245 1297 1758 1339; baseline -0.005 -7"><span class='ocrx_word' id='word_1_235' title='bbox 245 1303 362 1339; x_wconf 83' lang='lat' dir='ltr'>longius</span> <span class='ocrx_word' id='word_1_236' title='bbox 392 1300 550 1329; x_wconf 87' lang='lat' dir='ltr'>discederet</span> <span class='ocrx_word' id='word_1_237' title='bbox 571 1299 607 1328; x_wconf 88' lang='lat' dir='ltr'>ab</span> <span class='ocrx_word' id='word_1_238' title='bbox 642 1298 690 1326; x_wconf 90' lang='lat' dir='ltr'>illa</span> <span class='ocrx_word' id='word_1_239' title='bbox 715 1298 878 1327; x_wconf 85' lang='lat' dir='ltr'>conditoris</span> <span class='ocrx_word' id='word_1_240' title='bbox 913 1299 1080 1334; x_wconf 88' lang='lat' dir='ltr'>sententia,</span> <span class='ocrx_word' id='word_1_241' title='bbox 1117 1299 1202 1336; x_wconf 72' lang='lat' dir='ltr'>quus</span> <span class='ocrx_word' id='word_1_242' title='bbox 1232 1299 1326 1336; x_wconf 87' lang='lat' dir='ltr'>ipsius</span> <span class='ocrx_word' id='word_1_243' title='bbox 1356 1299 1477 1327; x_wconf 89' lang='lat' dir='ltr'>tuendae</span> <span class='ocrx_word' id='word_1_244' title='bbox 1505 1298 1594 1335; x_wconf 83' lang='lat' dir='ltr'>gratia</span> <span class='ocrx_word' id='word_1_245' title='bbox 1620 1297 1758 1335; x_wconf 77' lang='lat' dir='ltr'>primitus</span> 
     </span>
     <span class='ocr_line' id='line_1_23' title="bbox 248 1348 1636 1385; baseline -0.004 -2"><span class='ocrx_word' id='word_1_246' title='bbox 248 1362 346 1383; x_wconf 80' lang='lat' dir='ltr'>omnes</span> <span class='ocrx_word' id='word_1_247' title='bbox 370 1352 440 1380; x_wconf 87' lang='lat' dir='ltr'>istae</span> <span class='ocrx_word' id='word_1_248' title='bbox 465 1350 532 1378; x_wconf 87' lang='lat' dir='ltr'>lites</span> <span class='ocrx_word' id='word_1_249' title='bbox 555 1355 583 1377; x_wconf 93' lang='lat' dir='ltr'>et</span> <span class='ocrx_word' id='word_1_250' title='bbox 603 1348 805 1377; x_wconf 85' lang='lat' dir='ltr'>contentiones</span> <span class='ocrx_word' id='word_1_251' title='bbox 831 1354 977 1385; x_wconf 87' lang='lat' dir='ltr'>susceptae</span> <span class='ocrx_word' id='word_1_252' title='bbox 1001 1355 1091 1377; x_wconf 81' lang='lat' dir='ltr'>erant.</span> <span class='ocrx_word' id='word_1_253' title='bbox 1133 1350 1188 1378; x_wconf 90' lang='lat' dir='ltr'>Sed</span> <span class='ocrx_word' id='word_1_254' title='bbox 1211 1351 1245 1378; x_wconf 91' lang='lat' dir='ltr'>ad</span> <span class='ocrx_word' id='word_1_255' title='bbox 1268 1350 1432 1378; x_wconf 79' lang='lat' dir='ltr'>Arcesilam</span> <span class='ocrx_word' id='word_1_256' title='bbox 1452 1355 1636 1378; x_wconf 78' lang='lat' dir='ltr'>revertamur.</span> 
     </span>
    </p>

    <p class='ocr_par' dir='ltr' id='par_1_6' title="bbox 246 1397 1760 1490">
     <span class='ocr_line' id='line_1_24' title="bbox 286 1397 1760 1434; baseline -0.004 -1"><span class='ocrx_word' id='word_1_257' title='bbox 286 1406 433 1433; x_wconf 82' lang='lat' dir='ltr'>Assensus</span> <span class='ocrx_word' id='word_1_258' title='bbox 464 1400 601 1428; x_wconf 89' lang='lat' dir='ltr'>retinendi</span> <span class='ocrx_word' id='word_1_259' title='bbox 633 1405 660 1427; x_wconf 91' lang='lat' dir='ltr'>et</span> <span class='ocrx_word' id='word_1_260' title='bbox 686 1399 720 1427; x_wconf 90' lang='lat' dir='ltr'>de</span> <span class='ocrx_word' id='word_1_261' title='bbox 752 1399 831 1428; x_wconf 87' lang='lat' dir='ltr'>omni</span> <span class='ocrx_word' id='word_1_262' title='bbox 863 1406 1035 1434; x_wconf 89' lang='lat' dir='ltr'>quacunque</span> <span class='ocrx_word' id='word_1_263' title='bbox 1065 1407 1094 1428; x_wconf 90' lang='lat' dir='ltr'>re</span> <span class='ocrx_word' id='word_1_264' title='bbox 1122 1399 1273 1428; x_wconf 84' lang='lat' dir='ltr'>dubitandi</span> <span class='ocrx_word' id='word_1_265' title='bbox 1305 1407 1420 1428; x_wconf 89' lang='lat' dir='ltr'>causam</span> <span class='ocrx_word' id='word_1_266' title='bbox 1453 1398 1605 1428; x_wconf 80' lang='lat' dir='ltr'>Arcesilas</span> <span class='ocrx_word' id='word_1_267' title='bbox 1627 1397 1760 1427; x_wconf 84' lang='lat' dir='ltr'>extitisse</span> 
     </span>
     <span class='ocr_line' id='line_1_25' title="bbox 246 1448 1760 1490; baseline -0.006 -5"><span class='ocrx_word' id='word_1_268' title='bbox 246 1464 305 1485; x_wconf 87' lang='lat' dir='ltr'>eam</span> <span class='ocrx_word' id='word_1_269' title='bbox 335 1453 516 1490; x_wconf 65' lang='lat' dir='ltr'>Augustinus</span> <span class='ocrx_word' id='word_1_270' title='bbox 542 1455 646 1486; x_wconf 87' lang='lat' dir='ltr'>putat,</span> <span class='ocrx_word' id='word_1_271' title='bbox 675 1450 755 1486; x_wconf 88' lang='lat' dir='ltr'>quod</span> <span class='ocrx_word' id='word_1_272' title='bbox 784 1450 928 1479; x_wconf 81' lang='lat' dir='ltr'>Zenonem</span> <span class='ocrx_word' id='word_1_273' title='bbox 956 1450 1064 1479; x_wconf 89' lang='lat' dir='ltr'>videret</span> <span class='ocrx_word' id='word_1_274' title='bbox 1098 1457 1182 1486; x_wconf 88' lang='lat' dir='ltr'>eum,</span> <span class='ocrx_word' id='word_1_275' title='bbox 1210 1450 1259 1479; x_wconf 87' lang='lat' dir='ltr'>cui</span> <span class='ocrx_word' id='word_1_276' title='bbox 1282 1455 1465 1479; x_wconf 84' lang='lat' dir='ltr'>sacrosancta</span> <span class='ocrx_word' id='word_1_277' title='bbox 1491 1448 1626 1477; x_wconf 82' lang='lat' dir='ltr'>Platonis</span> <span class='ocrx_word' id='word_1_278' title='bbox 1650 1449 1760 1477; x_wconf 81' lang='lat' dir='ltr'>decreta</span> 
     </span>
    </p>

    <p class='ocr_par' dir='ltr' id='par_1_7' title="bbox 1735 1504 1765 1528">
     <span class='ocr_line' id='line_1_26' title="bbox 1735 1504 1765 1528; baseline 0 0"><span class='ocrx_word' id='word_1_279' title='bbox 1735 1504 1765 1528; x_wconf 83' lang='lat' dir='ltr'>et</span> 
     </span>
    </p>

    <p class='ocr_par' dir='ltr' id='par_1_8' title="bbox 247 1565 1760 1644">
     <span class='ocr_line' id='line_1_27' title="bbox 274 1565 1760 1599; baseline -0.003 -8"><span class='ocrx_word' id='word_1_280' title='bbox 274 1571 328 1599; x_wconf 82' lang='grc' dir='ltr'>(ι)</span> <span class='ocrx_word' id='word_1_281' title='bbox 343 1570 391 1593; x_wconf 71' lang='lat' dir='ltr'>Cle.</span> <span class='ocrx_word' id='word_1_282' title='bbox 409 1569 479 1592; x_wconf 73' lang='lat' dir='ltr'>Acad-</span> <span class='ocrx_word' id='word_1_283' title='bbox 499 1566 517 1588; x_wconf 87' lang='lat' dir='ltr'>l·</span> <span class='ocrx_word' id='word_1_284' title='bbox 537 1570 559 1592; x_wconf 83' lang='lat'>3.</span> <span class='ocrx_word' id='word_1_285' title='bbox 588 1567 616 1589; x_wconf 80' lang='lat' dir='ltr'>de</span> <span class='ocrx_word' id='word_1_286' title='bbox 636 1566 778 1590; x_wconf 65' lang='lat' dir='ltr'>Academitis</span> <span class='ocrx_word' id='word_1_287' title='bbox 799 1567 926 1590; x_wconf 78' lang='lat' dir='ltr'>veteribus:</span> <span class='ocrx_word' id='word_1_288' title='bbox 957 1580 973 1594; x_wconf 86' lang='lat'>„</span> <span class='ocrx_word' id='word_1_289' title='bbox 988 1572 1066 1589; x_wconf 75' lang='lat' dir='ltr'>sensus</span> <span class='ocrx_word' id='word_1_290' title='bbox 1089 1572 1167 1589; x_wconf 81' lang='lat' dir='ltr'>omnes</span> <span class='ocrx_word' id='word_1_291' title='bbox 1187 1567 1281 1589; x_wconf 74' lang='lat' dir='ltr'>hebetes</span> <span class='ocrx_word' id='word_1_292' title='bbox 1300 1569 1324 1588; x_wconf 82' lang='lat' dir='ltr'>et</span> <span class='ocrx_word' id='word_1_293' title='bbox 1345 1566 1421 1587; x_wconf 71' lang='lat' dir='ltr'>tardos</span> <span class='ocrx_word' id='word_1_294' title='bbox 1442 1571 1492 1587; x_wconf 77' lang='lat' dir='ltr'>esse</span> <span class='ocrx_word' id='word_1_295' title='bbox 1516 1565 1693 1590; x_wconf 62' lang='lat' dir='ltr'>arbitrabantur,</span> <span class='ocrx_word' id='word_1_296' title='bbox 1714 1570 1760 1586; x_wconf 83' lang='lat' dir='ltr'>nee</span> 
     </span>
     <span class='ocr_line' id='line_1_28' title="bbox 247 1606 1758 1644; baseline -0.005 -10"><span class='ocrx_word' id='word_1_297' title='bbox 247 1630 263 1644; x_wconf 74' lang='lat'>‚,</span> <span class='ocrx_word' id='word_1_298' title='bbox 280 1612 400 1642; x_wconf 79' lang='lat' dir='ltr'>percipere</span> <span class='ocrx_word' id='word_1_299' title='bbox 419 1611 466 1631; x_wconf 89' lang='lat' dir='ltr'>ullo</span> <span class='ocrx_word' id='word_1_300' title='bbox 490 1610 558 1630; x_wconf 87' lang='lat' dir='ltr'>modo</span> <span class='ocrx_word' id='word_1_301' title='bbox 578 1614 613 1630; x_wconf 85' lang='lat' dir='ltr'>res</span> <span class='ocrx_word' id='word_1_302' title='bbox 634 1614 683 1635; x_wconf 78' lang='lat' dir='ltr'>eas,</span> <span class='ocrx_word' id='word_1_303' title='bbox 704 1615 760 1635; x_wconf 76' lang='lat' dir='ltr'>quae</span> <span class='ocrx_word' id='word_1_304' title='bbox 782 1607 898 1635; x_wconf 79' lang='lat' dir='ltr'>subjectae</span> <span class='ocrx_word' id='word_1_305' title='bbox 918 1609 1021 1630; x_wconf 79' lang='lat' dir='ltr'>sensibus</span> <span class='ocrx_word' id='word_1_306' title='bbox 1048 1609 1192 1633; x_wconf 60' lang='lat' dir='ltr'>viderentum</span> <span class='ocrx_word' id='word_1_307' title='bbox 1218 1613 1276 1635; x_wconf 84' lang='lat' dir='ltr'>quae</span> <span class='ocrx_word' id='word_1_308' title='bbox 1301 1612 1375 1628; x_wconf 82' lang='lat' dir='ltr'>essent</span> <span class='ocrx_word' id='word_1_309' title='bbox 1393 1611 1430 1628; x_wconf 79' lang='lat' dir='ltr'>aut</span> <span class='ocrx_word' id='word_1_310' title='bbox 1450 1607 1480 1628; x_wconf 78' lang='lat' dir='ltr'>lta</span> <span class='ocrx_word' id='word_1_311' title='bbox 1501 1613 1584 1633; x_wconf 75' lang='lat' dir='ltr'>purae</span> <span class='ocrx_word' id='word_1_312' title='bbox 1605 1612 1628 1628; x_wconf 72' lang='lat' dir='ltr'>ut</span> <span class='ocrx_word' id='word_1_313' title='bbox 1648 1606 1688 1628; x_wconf 83' lang='lat' dir='ltr'>sub</span> <span class='ocrx_word' id='word_1_314' title='bbox 1708 1611 1758 1627; x_wconf 77' lang='lat' dir='ltr'>sen·</span> 
     </span>
    </p>
   </div>
   <div class='ocr_carea' id='block_1_3' title="bbox 247 1645 1758 1724">
    <p class='ocr_par' dir='ltr' id='par_1_9' title="bbox 247 1645 1758 1724">
     <span class='ocr_line' id='line_1_29' title="bbox 248 1645 1756 1682; baseline -0.007 -5"><span class='ocrx_word' id='word_1_315' title='bbox 248 1670 264 1682; x_wconf 78' lang='lat'>,‚</span> <span class='ocrx_word' id='word_1_316' title='bbox 280 1660 328 1677; x_wconf 84' lang='lat' dir='ltr'>sum</span> <span class='ocrx_word' id='word_1_317' title='bbox 348 1654 428 1674; x_wconf 81' lang='lat' dir='ltr'>cadere</span> <span class='ocrx_word' id='word_1_318' title='bbox 447 1656 492 1671; x_wconf 87' lang='lat' dir='ltr'>non</span> <span class='ocrx_word' id='word_1_319' title='bbox 519 1655 626 1677; x_wconf 63' lang='lat' dir='ltr'>possenu</span> <span class='ocrx_word' id='word_1_320' title='bbox 652 1655 691 1672; x_wconf 79' lang='lat' dir='ltr'>aut</span> <span class='ocrx_word' id='word_1_321' title='bbox 715 1650 747 1671; x_wconf 79' lang='lat' dir='ltr'>ita</span> <span class='ocrx_word' id='word_1_322' title='bbox 767 1650 861 1671; x_wconf 79' lang='lat' dir='ltr'>mobiles</span> <span class='ocrx_word' id='word_1_323' title='bbox 881 1655 904 1671; x_wconf 86' lang='lat' dir='ltr'>et</span> <span class='ocrx_word' id='word_1_324' title='bbox 926 1650 1067 1675; x_wconf 67' lang='lat' dir='ltr'>concitatae,</span> <span class='ocrx_word' id='word_1_325' title='bbox 1087 1655 1111 1671; x_wconf 82' lang='lat' dir='ltr'>ut</span> <span class='ocrx_word' id='word_1_326' title='bbox 1129 1649 1186 1671; x_wconf 86' lang='lat' dir='ltr'>nihil</span> <span class='ocrx_word' id='word_1_327' title='bbox 1207 1654 1310 1675; x_wconf 81' lang='lat' dir='ltr'>umquam</span> <span class='ocrx_word' id='word_1_328' title='bbox 1334 1653 1402 1669; x_wconf 85' lang='lat' dir='ltr'>unum</span> <span class='ocrx_word' id='word_1_329' title='bbox 1420 1652 1478 1668; x_wconf 70' lang='lat' dir='ltr'>esset</span> <span class='ocrx_word' id='word_1_330' title='bbox 1505 1653 1625 1673; x_wconf 55' lang='lat' dir='ltr'>commun</span> <span class='ocrx_word' id='word_1_331' title='bbox 1647 1652 1675 1668; x_wconf 82' lang='lat' dir='ltr'>ne</span> <span class='ocrx_word' id='word_1_332' title='bbox 1696 1645 1756 1667; x_wconf 81' lang='lat' dir='ltr'>idem</span> 
     </span>
     <span class='ocr_line' id='line_1_30' title="bbox 247 1687 1758 1724; baseline -0.007 -7"><span class='ocrx_word' id='word_1_333' title='bbox 247 1709 263 1724; x_wconf 77' lang='lat'>‚,</span> <span class='ocrx_word' id='word_1_334' title='bbox 278 1695 382 1723; x_wconf 80' lang='lat' dir='ltr'>quidem,</span> <span class='ocrx_word' id='word_1_335' title='bbox 405 1692 455 1720; x_wconf 83' lang='lat' dir='ltr'>quia</span> <span class='ocrx_word' id='word_1_336' title='bbox 474 1691 616 1713; x_wconf 83' lang='lat' dir='ltr'>continenter</span> <span class='ocrx_word' id='word_1_337' title='bbox 634 1691 762 1713; x_wconf 74' lang='lat' dir='ltr'>laberentur</span> <span class='ocrx_word' id='word_1_338' title='bbox 780 1696 803 1712; x_wconf 91' lang='lat' dir='ltr'>et</span> <span class='ocrx_word' id='word_1_339' title='bbox 822 1690 916 1712; x_wconf 83' lang='lat' dir='ltr'>fluerent</span> <span class='ocrx_word' id='word_1_340' title='bbox 934 1691 1018 1713; x_wconf 75' lang='lat' dir='ltr'>omnia.</span> <span class='ocrx_word' id='word_1_341' title='bbox 1048 1691 1125 1718; x_wconf 76' lang='lat' dir='ltr'>Itaque</span> <span class='ocrx_word' id='word_1_342' title='bbox 1146 1691 1204 1712; x_wconf 82' lang='lat' dir='ltr'>hanc</span> <span class='ocrx_word' id='word_1_343' title='bbox 1224 1695 1313 1711; x_wconf 83' lang='lat' dir='ltr'>omnem</span> <span class='ocrx_word' id='word_1_344' title='bbox 1331 1694 1412 1716; x_wconf 79' lang='lat' dir='ltr'>partein</span> <span class='ocrx_word' id='word_1_345' title='bbox 1432 1693 1507 1709; x_wconf 80' lang='lat' dir='ltr'>rerum</span> <span class='ocrx_word' id='word_1_346' title='bbox 1530 1687 1665 1714; x_wconf 78' lang='lat' dir='ltr'>opinabilem</span> <span class='ocrx_word' id='word_1_347' title='bbox 1679 1687 1758 1713; x_wconf 74' lang='lat' dir='ltr'>appel·</span> 
     </span>
    </p>
   </div>
   <div class='ocr_carea' id='block_1_4' title="bbox 246 1728 1771 1763">
    <p class='ocr_par' dir='ltr' id='par_1_10' title="bbox 246 1728 1771 1763">
     <span class='ocr_line' id='line_1_31' title="bbox 246 1728 1771 1763; baseline -0.007 -5"><span class='ocrx_word' id='word_1_348' title='bbox 246 1751 266 1763; x_wconf 87' lang='lat'><strong>„</strong></span> <span class='ocrx_word' id='word_1_349' title='bbox 279 1736 368 1758; x_wconf 78' lang='lat' dir='ltr'>labant:</span> <span class='ocrx_word' id='word_1_350' title='bbox 390 1731 505 1756; x_wconf 82' lang='lat' dir='ltr'>scientiam</span> <span class='ocrx_word' id='word_1_351' title='bbox 525 1737 597 1755; x_wconf 74' lang='lat' dir='ltr'>autem</span> <span class='ocrx_word' id='word_1_352' title='bbox 616 1737 725 1758; x_wconf 70' lang='lat' dir='ltr'>nusquam</span> <span class='ocrx_word' id='word_1_353' title='bbox 749 1737 799 1754; x_wconf 79' lang='lat' dir='ltr'>esse</span> <span class='ocrx_word' id='word_1_354' title='bbox 826 1733 964 1758; x_wconf 77' lang='lat' dir='ltr'>censebant,</span> <span class='ocrx_word' id='word_1_355' title='bbox 986 1730 1030 1753; x_wconf 79' lang='lat' dir='ltr'>uisi</span> <span class='ocrx_word' id='word_1_356' title='bbox 1050 1731 1074 1753; x_wconf 86' lang='lat' dir='ltr'>in</span> <span class='ocrx_word' id='word_1_357' title='bbox 1093 1731 1162 1754; x_wconf 75' lang='lat' dir='ltr'>animi</span> <span class='ocrx_word' id='word_1_358' title='bbox 1184 1730 1316 1753; x_wconf 76' lang='lat' dir='ltr'>notionibus</span> <span class='ocrx_word' id='word_1_359' title='bbox 1335 1735 1401 1756; x_wconf 74' lang='lat' dir='ltr'>atque</span> <span class='ocrx_word' id='word_1_360' title='bbox 1424 1728 1577 1751; x_wconf 76' lang='lat' dir='ltr'>rntioulbus.”</span> <span class='ocrx_word' id='word_1_361' title='bbox 1607 1728 1674 1750; x_wconf 81' lang='lat' dir='ltr'>Vidd.</span> <span class='ocrx_word' id='word_1_362' title='bbox 1691 1731 1771 1748; x_wconf 71' lang='lat' dir='ltr'>auert-</span> 
     </span>
    </p>
   </div>
   <div class='ocr_carea' id='block_1_5' title="bbox 250 1774 1763 2052">
    <p class='ocr_par' dir='ltr' id='par_1_11' title="bbox 250 1774 681 1800">
     <span class='ocr_line' id='line_1_32' title="bbox 250 1774 681 1800; baseline -0.016 0"><span class='ocrx_word' id='word_1_363' title='bbox 250 1778 325 1800; x_wconf 72' lang='lat' dir='ltr'>lnudd.</span> <span class='ocrx_word' id='word_1_364' title='bbox 344 1783 356 1798; x_wconf 74' lang='lat' dir='ltr'>a</span> <span class='ocrx_word' id='word_1_365' title='bbox 375 1774 470 1796; x_wconf 69' lang='lat' dir='ltr'>Davn‘n&#39;a</span> <span class='ocrx_word' id='word_1_366' title='bbox 492 1778 540 1796; x_wconf 84' lang='lat' dir='ltr'>not.</span> <span class='ocrx_word' id='word_1_367' title='bbox 556 1779 590 1794; x_wconf 79' lang='grc' dir='ltr'>ιι.</span> <span class='ocrx_word' id='word_1_368' title='bbox 610 1780 633 1800; x_wconf 75' lang='lat' dir='ltr'>p.</span> <span class='ocrx_word' id='word_1_369' title='bbox 646 1778 681 1799; x_wconf 85' lang='lat'>35.</span> 
     </span>
    </p>

    <p class='ocr_par' dir='ltr' id='par_1_12' title="bbox 277 1808 1652 1846">
     <span class='ocr_line' id='line_1_33' title="bbox 277 1808 1652 1846; baseline -0.007 -6"><span class='ocrx_word' id='word_1_370' title='bbox 277 1817 331 1846; x_wconf 87' lang='lat'>(2)</span> <span class='ocrx_word' id='word_1_371' title='bbox 345 1818 370 1839; x_wconf 88' lang='lat' dir='ltr'>ln</span> <span class='ocrx_word' id='word_1_372' title='bbox 389 1816 503 1837; x_wconf 82' lang='lat' dir='ltr'>Theaetet.</span> <span class='ocrx_word' id='word_1_373' title='bbox 523 1821 545 1842; x_wconf 83' lang='lat' dir='ltr'>p.</span> <span class='ocrx_word' id='word_1_374' title='bbox 559 1815 607 1840; x_wconf 76' lang='lat'>18³.</span> <span class='ocrx_word' id='word_1_375' title='bbox 628 1815 655 1837; x_wconf 80' lang='grc' dir='ltr'>Δ.</span> <span class='ocrx_word' id='word_1_376' title='bbox 675 1812 736 1836; x_wconf 83' lang='lat' dir='ltr'>conf.</span> <span class='ocrx_word' id='word_1_377' title='bbox 757 1813 844 1839; x_wconf 77' lang='lat' dir='ltr'>Borger</span> <span class='ocrx_word' id='word_1_378' title='bbox 863 1814 891 1836; x_wconf 87' lang='lat' dir='ltr'>V.</span> <span class='ocrx_word' id='word_1_379' title='bbox 911 1815 946 1837; x_wconf 87' lang='lat' dir='ltr'>cl.</span> <span class='ocrx_word' id='word_1_380' title='bbox 965 1815 980 1836; x_wconf 89' lang='lat' dir='ltr'>l.</span> <span class='ocrx_word' id='word_1_381' title='bbox 1001 1815 1016 1835; x_wconf 93' lang='lat' dir='ltr'>l.</span> <span class='ocrx_word' id='word_1_382' title='bbox 1038 1815 1097 1837; x_wconf 87' lang='lat' dir='ltr'>sect.</span> <span class='ocrx_word' id='word_1_383' title='bbox 1109 1815 1138 1837; x_wconf 79' lang='lat' dir='ltr'>ll.</span> <span class='ocrx_word' id='word_1_384' title='bbox 1159 1814 1178 1841; x_wconf 80' lang='lat' dir='ltr'>S.</span> <span class='ocrx_word' id='word_1_385' title='bbox 1191 1818 1211 1839; x_wconf 83' lang='lat'>3.</span> <span class='ocrx_word' id='word_1_386' title='bbox 1230 1819 1252 1839; x_wconf 77' lang='grc' dir='ltr'>ρ.</span> <span class='ocrx_word' id='word_1_387' title='bbox 1267 1812 1304 1839; x_wconf 84' lang='lat'>85.</span> <span class='ocrx_word' id='word_1_388' title='bbox 1322 1816 1370 1834; x_wconf 81' lang='lat' dir='ltr'>not·</span> <span class='ocrx_word' id='word_1_389' title='bbox 1385 1817 1407 1834; x_wconf 83' lang='lat' dir='ltr'>n.</span> <span class='ocrx_word' id='word_1_390' title='bbox 1427 1816 1449 1833; x_wconf 87' lang='lat' dir='ltr'>et</span> <span class='ocrx_word' id='word_1_391' title='bbox 1468 1813 1525 1832; x_wconf 72' lang='lat' dir='ltr'>nuct.</span> <span class='ocrx_word' id='word_1_392' title='bbox 1547 1809 1579 1831; x_wconf 85' lang='lat' dir='ltr'>ibi</span> <span class='ocrx_word' id='word_1_393' title='bbox 1600 1808 1615 1831; x_wconf 91' lang='lat' dir='ltr'>l.</span> <span class='ocrx_word' id='word_1_394' title='bbox 1635 1810 1652 1831; x_wconf 86' lang='lat'>1.</span> 
     </span>
    </p>

    <p class='ocr_par' dir='ltr' id='par_1_13' title="bbox 251 1846 1763 1969">
     <span class='ocr_line' id='line_1_34' title="bbox 279 1846 1762 1889; baseline -0.004 -8"><span class='ocrx_word' id='word_1_395' title='bbox 279 1861 334 1889; x_wconf 80' lang='lat'>(3)</span> <span class='ocrx_word' id='word_1_396' title='bbox 349 1860 395 1881; x_wconf 79' lang='lat' dir='ltr'>Cic.</span> <span class='ocrx_word' id='word_1_397' title='bbox 413 1859 483 1880; x_wconf 78' lang='lat' dir='ltr'>Acad.</span> <span class='ocrx_word' id='word_1_398' title='bbox 496 1857 525 1880; x_wconf 89' lang='lat' dir='ltr'>ll.</span> <span class='ocrx_word' id='word_1_399' title='bbox 544 1857 567 1881; x_wconf 88' lang='lat'>6.</span> <span class='ocrx_word' id='word_1_400' title='bbox 588 1857 628 1880; x_wconf 79' lang='lat' dir='ltr'>fin.</span> <span class='ocrx_word' id='word_1_401' title='bbox 648 1864 667 1880; x_wconf 81' lang='lat' dir='ltr'>c.</span> <span class='ocrx_word' id='word_1_402' title='bbox 681 1864 722 1884; x_wconf 80' lang='lat'>24,</span> <span class='ocrx_word' id='word_1_403' title='bbox 736 1863 771 1884; x_wconf 74' lang='lat'>³⁵·</span> <span class='ocrx_word' id='word_1_404' title='bbox 802 1857 870 1884; x_wconf 70' lang='lat' dir='ltr'>Diog.</span> <span class='ocrx_word' id='word_1_405' title='bbox 889 1859 936 1881; x_wconf 87' lang='lat' dir='ltr'>Vll.</span> <span class='ocrx_word' id='word_1_406' title='bbox 956 1864 974 1880; x_wconf 73' lang='lat'>³.</span> <span class='ocrx_word' id='word_1_407' title='bbox 985 1863 1020 1884; x_wconf 82' lang='lat'>50.</span> <span class='ocrx_word' id='word_1_408' title='bbox 1040 1864 1063 1880; x_wconf 83' lang='lat' dir='ltr'>et</span> <span class='ocrx_word' id='word_1_409' title='bbox 1082 1864 1110 1880; x_wconf 85' lang='lat' dir='ltr'>ex</span> <span class='ocrx_word' id='word_1_410' title='bbox 1126 1863 1154 1879; x_wconf 85' lang='lat' dir='ltr'>eo</span> <span class='ocrx_word' id='word_1_411' title='bbox 1175 1856 1255 1878; x_wconf 75' lang='lat' dir='ltr'>Sm&#39;das</span> <span class='ocrx_word' id='word_1_412' title='bbox 1274 1855 1295 1878; x_wconf 91' lang='lat' dir='ltr'>in</span> <span class='ocrx_word' id='word_1_413' title='bbox 1315 1862 1338 1877; x_wconf 85' lang='lat' dir='ltr'>v.</span> <span class='ocrx_word' id='word_1_414' title='bbox 1358 1850 1494 1882; x_wconf 61' lang='grc' dir='ltr'>Φιντκθῖσι</span> <span class='ocrx_word' id='word_1_415' title='bbox 1513 1849 1556 1874; x_wconf 67' lang='lat'>’⁴³2</span> <span class='ocrx_word' id='word_1_416' title='bbox 1573 1846 1655 1878; x_wconf 36' lang='lat' dir='ltr'>*Q-zvr*</span> <span class='ocrx_word' id='word_1_417' title='bbox 1677 1853 1705 1874; x_wconf 91' lang='lat' dir='ltr'>T.</span> <span class='ocrx_word' id='word_1_418' title='bbox 1721 1850 1762 1875; x_wconf 76' lang='lat' dir='ltr'>lll.</span> 
     </span>
     <span class='ocr_line' id='line_1_35' title="bbox 251 1893 1763 1930; baseline -0.005 -7"><span class='ocrx_word' id='word_1_419' title='bbox 251 1910 272 1930; x_wconf 90' lang='lat' dir='ltr'>p.</span> <span class='ocrx_word' id='word_1_420' title='bbox 289 1908 338 1928; x_wconf 63' lang='lat' dir='ltr'>5v9.</span> <span class='ocrx_word' id='word_1_421' title='bbox 367 1899 488 1925; x_wconf 72' lang='lat' dir='ltr'>Augnm‘n.</span> <span class='ocrx_word' id='word_1_422' title='bbox 507 1903 585 1922; x_wconf 79' lang='lat' dir='ltr'>contra</span> <span class='ocrx_word' id='word_1_423' title='bbox 601 1901 670 1922; x_wconf 74' lang='lat' dir='ltr'>Acad.</span> <span class='ocrx_word' id='word_1_424' title='bbox 685 1901 712 1922; x_wconf 90' lang='lat'>11.</span> <span class='ocrx_word' id='word_1_425' title='bbox 733 1906 755 1923; x_wconf 85' lang='lat' dir='ltr'>e.</span> <span class='ocrx_word' id='word_1_426' title='bbox 768 1905 790 1925; x_wconf 80' lang='lat'>5.</span> <span class='ocrx_word' id='word_1_427' title='bbox 807 1898 826 1926; x_wconf 84' lang='lat' dir='ltr'>S·</span> <span class='ocrx_word' id='word_1_428' title='bbox 844 1904 878 1921; x_wconf 84' lang='lat' dir='ltr'>u.</span> <span class='ocrx_word' id='word_1_429' title='bbox 896 1905 919 1927; x_wconf 85' lang='lat' dir='ltr'>p.</span> <span class='ocrx_word' id='word_1_430' title='bbox 935 1905 983 1922; x_wconf 82' lang='lat'><em>200.</em></span> <span class='ocrx_word' id='word_1_431' title='bbox 1004 1901 1031 1923; x_wconf 84' lang='grc' dir='ltr'>Λ.</span> <span class='ocrx_word' id='word_1_432' title='bbox 1059 1899 1098 1922; x_wconf 87' lang='lat' dir='ltr'>lll.</span> <span class='ocrx_word' id='word_1_433' title='bbox 1117 1905 1138 1923; x_wconf 87' lang='lat' dir='ltr'>c.</span> <span class='ocrx_word' id='word_1_434' title='bbox 1152 1905 1173 1925; x_wconf 82' lang='lat'>9.</span> <span class='ocrx_word' id='word_1_435' title='bbox 1192 1897 1211 1925; x_wconf 81' lang='lat' dir='ltr'>S.</span> <span class='ocrx_word' id='word_1_436' title='bbox 1227 1898 1259 1920; x_wconf 79' lang='lat'>18.</span> <span class='ocrx_word' id='word_1_437' title='bbox 1289 1904 1314 1925; x_wconf 82' lang='lat' dir='ltr'>p.</span> <span class='ocrx_word' id='word_1_438' title='bbox 1328 1900 1379 1918; x_wconf 73' lang='lat'>21².</span> <span class='ocrx_word' id='word_1_439' title='bbox 1402 1897 1430 1916; x_wconf 86' lang='grc' dir='ltr'>Λ.</span> <span class='ocrx_word' id='word_1_440' title='bbox 1461 1894 1540 1913; x_wconf 66' lang='lat' dir='ltr'>Sextus</span> <span class='ocrx_word' id='word_1_441' title='bbox 1561 1894 1584 1915; x_wconf 80' lang='grc' dir='ltr'>Ρ.</span> <span class='ocrx_word' id='word_1_442' title='bbox 1606 1893 1634 1914; x_wconf 83' lang='grc' dir='ltr'>Η.</span> <span class='ocrx_word' id='word_1_443' title='bbox 1654 1893 1682 1915; x_wconf 87' lang='lat'>11.</span> <span class='ocrx_word' id='word_1_444' title='bbox 1706 1893 1727 1922; x_wconf 83' lang='lat'>§·</span> <span class='ocrx_word' id='word_1_445' title='bbox 1740 1899 1763 1920; x_wconf 82' lang='lat'>4.</span> 
     </span>
     <span class='ocr_line' id='line_1_36' title="bbox 254 1941 726 1969; baseline -0.011 -4"><span class='ocrx_word' id='word_1_446' title='bbox 254 1945 304 1966; x_wconf 83' lang='lat' dir='ltr'>adv.</span> <span class='ocrx_word' id='word_1_447' title='bbox 330 1943 400 1964; x_wconf 79' lang='lat' dir='ltr'>Math.</span> <span class='ocrx_word' id='word_1_448' title='bbox 419 1941 467 1961; x_wconf 68' lang='lat' dir='ltr'>l‘ll.</span> <span class='ocrx_word' id='word_1_449' title='bbox 517 1943 573 1969; x_wconf 64' lang='lat'>2⁴8,</span> <span class='ocrx_word' id='word_1_450' title='bbox 592 1945 655 1967; x_wconf 70' lang='lat'>4¹²,</span> <span class='ocrx_word' id='word_1_451' title='bbox 676 1944 726 1968; x_wconf 81' lang='lat'><strong>426.</strong></span> 
     </span>
    </p>

    <p class='ocr_par' dir='ltr' id='par_1_14' title="bbox 255 1974 1763 2052">
     <span class='ocr_line' id='line_1_37' title="bbox 281 1974 1763 2011; baseline -0.005 -6"><span class='ocrx_word' id='word_1_452' title='bbox 281 1984 330 2011; x_wconf 70' lang='lat'>(4)</span> <span class='ocrx_word' id='word_1_453' title='bbox 345 1983 396 2005; x_wconf 80' lang='lat' dir='ltr'>vid·</span> <span class='ocrx_word' id='word_1_454' title='bbox 417 1981 512 2002; x_wconf 70' lang='lat' dir='ltr'>Numen.</span> <span class='ocrx_word' id='word_1_455' title='bbox 532 1983 590 2008; x_wconf 73' lang='lat' dir='ltr'>apud</span> <span class='ocrx_word' id='word_1_456' title='bbox 611 1982 689 2005; x_wconf 49' lang='lat' dir='ltr'>Enoch.</span> <span class='ocrx_word' id='word_1_457' title='bbox 703 1983 760 2006; x_wconf 80' lang='lat' dir='ltr'>xlv.</span> <span class='ocrx_word' id='word_1_458' title='bbox 778 1988 799 2005; x_wconf 90' lang='lat' dir='ltr'>c.</span> <span class='ocrx_word' id='word_1_459' title='bbox 812 1981 834 2004; x_wconf 91' lang='lat'>6.</span> <span class='ocrx_word' id='word_1_460' title='bbox 856 1988 880 2010; x_wconf 77' lang='lat' dir='ltr'>p.</span> <span class='ocrx_word' id='word_1_461' title='bbox 901 1986 955 2009; x_wconf 70' lang='lat'><strong><em>73³·</em></strong></span> <span class='ocrx_word' id='word_1_462' title='bbox 974 1981 1001 2003; x_wconf 82' lang='grc' dir='ltr'>Λ.</span> <span class='ocrx_word' id='word_1_463' title='bbox 1023 1981 1048 2006; x_wconf 83' lang='grc' dir='ltr'>Β,</span> <span class='ocrx_word' id='word_1_464' title='bbox 1071 1981 1142 2004; x_wconf 68' lang='lat' dir='ltr'>Aean.</span> <span class='ocrx_word' id='word_1_465' title='bbox 1156 1981 1185 2003; x_wconf 88' lang='lat' dir='ltr'>ll.</span> <span class='ocrx_word' id='word_1_466' title='bbox 1204 1984 1239 2006; x_wconf 72' lang='lat'>⁸4·</span> <span class='ocrx_word' id='word_1_467' title='bbox 1261 1978 1301 2001; x_wconf 79' lang='lat' dir='ltr'>fin.</span> <span class='ocrx_word' id='word_1_468' title='bbox 1324 1975 1448 2003; x_wconf 73' lang='lat' dir='ltr'>Aagnnfn,</span> <span class='ocrx_word' id='word_1_469' title='bbox 1474 1980 1552 1998; x_wconf 76' lang='lat' dir='ltr'>comta</span> <span class='ocrx_word' id='word_1_470' title='bbox 1572 1975 1641 1998; x_wconf 67' lang='lat' dir='ltr'>licet-l.</span> <span class='ocrx_word' id='word_1_471' title='bbox 1658 1974 1685 1996; x_wconf 91' lang='lat' dir='ltr'>ll.</span> <span class='ocrx_word' id='word_1_472' title='bbox 1704 1981 1726 1996; x_wconf 84' lang='lat' dir='ltr'>c.</span> <span class='ocrx_word' id='word_1_473' title='bbox 1741 1979 1763 1999; x_wconf 79' lang='lat' dir='ltr'>s.</span> 
     </span>
     <span class='ocr_line' id='line_1_38' title="bbox 255 2023 654 2052; baseline -0.003 -7"><span class='ocrx_word' id='word_1_474' title='bbox 255 2026 276 2052; x_wconf 77' lang='grc' dir='ltr'>ς,</span> <span class='ocrx_word' id='word_1_475' title='bbox 294 2030 327 2045; x_wconf 90' lang='lat'>11.</span> <span class='ocrx_word' id='word_1_476' title='bbox 348 2030 371 2051; x_wconf 80' lang='lat' dir='ltr'>p.</span> <span class='ocrx_word' id='word_1_477' title='bbox 385 2028 433 2044; x_wconf 81' lang='lat'>200.</span> <span class='ocrx_word' id='word_1_478' title='bbox 454 2023 480 2044; x_wconf 80' lang='grc' dir='ltr'>Λ.</span> <span class='ocrx_word' id='word_1_479' title='bbox 503 2028 522 2043; x_wconf 73' lang='grc' dir='ltr'>ε.</span> <span class='ocrx_word' id='word_1_480' title='bbox 540 2024 560 2043; x_wconf 82' lang='lat'>6.</span> <span class='ocrx_word' id='word_1_481' title='bbox 587 2023 606 2050; x_wconf 72' lang='lat'>5.</span> <span class='ocrx_word' id='word_1_482' title='bbox 623 2027 654 2047; x_wconf 71' lang='lat'>¹⁴-</span> 
     </span>
    </p>
   </div>
  </div>
 </body>
</html>
