1913 2417
639 176 1045 212 ¹0RAT10.
1565 178 1591 216 9

107 293 152 315 ne
182 281 351 313 christiana
377 285 424 311 est
453 278 626 323 patefacta,
659 279 790 323 probari
826 285 921 322 atque
955 278 1105 322 explicari
1137 282 1273 322 oportet.
1318 277 1400 308 Tum
1432 274 1583 314 demum,

108 350 211 382 quum
238 337 389 369 omuibus
416 337 465 368 his
485 336 724 369 conditionibus
752 342 799 367 est
824 334 1043 374 satisfactum,
1074 334 1219 366 doctrina
1259 344 1388 364 morum
1422 333 1457 363 in
1491 332 1587 363 disci-

112 396 218 439 plinae
245 393 377 425 modum
397 400 444 424 est
472 400 621 431 tractata,
645 403 830 434 nomenque
856 392 1074 434 systeinaticae
1094 393 1243 422 scientiae
1265 390 1380 420 merito
1406 390 1496 431 gerit.

152 451 306 482 Doctrina
333 460 463 480 morum
490 451 587 493 igitur
620 461 718 493 quam
750 447 855 491 ampla
881 446 949 478 est!
995 450 1161 487 Quantum
1195 447 1325 490 peritiae
1356 456 1392 476 ac
1421 444 1586 476 subsidio.

109 518 184 539 rum
213 505 369 550 postulat!
416 508 581 546 Quantum
611 507 733 549 ingenii
757 512 788 537 et
820 503 1022 548 sagacitatis!
1069 506 1235 544 Quantum
1266 501 1363 534 studii
1388 507 1420 532 et
1449 508 1585 533 conten-

111 564 209 595 tionis
232 564 425 606 requiritur,
452 571 488 595 ut
515 575 552 595 ea
578 563 736 594 subtiliter
759 569 909 593 tractetur
939 572 976 593 ac
1002 562 1085 593 vitae
1120 561 1280 592 humanae
1310 557 1584 590 accommodetur!

111 620 178 659 (sali
202 628 306 651 tamen
329 621 514 652 tractatione
541 631 623 665 opus
647 626 694 650 est
718 630 845 650 morum
874 618 1058 657 doctrinae,
1090 618 1117 648 si
1149 617 1289 659 legitime
1320 615 1508 646 hominibus
1533 626 1585 646 ac·

109 677 308 709 commodari
331 684 363 708 et
396 678 553 720 sapienter
580 678 614 707 in
639 687 734 708 usum
760 675 897 707 conferri
912 698 923 714 ,
956 675 982 706 si
1010 685 1115 717 neque
1145 674 1179 704 in
1204 682 1302 703 vanas
1325 671 1585 708 admonitiones,

111 745 216 777 neque
237 734 277 764 *in
301 744 421 765 meram
450 734 667 776 garrulitatem
693 733 907 776 degenerare,
940 732 968 762 si
995 740 1107 763 verum
1134 740 1236 761 >suum
1274 727 1464 767 consilium,
1496 726 1587 770 quod

110 797 158 822 est
181 801 308 821 morum
337 789 518 821 emendatio
534 814 544 828 ,
569 791 696 832 assequi
723 789 826 820 debet.
1264 818 1270 820 Δ

154 847 270 878 Merito
296 847 483 889 quaerimus
504 848 621 889 igitur:
646 846 733 877 unde
758 846 840 877 hanc
862 845 897 876 in
919 843 1052 875 modum
1078 842 1265 886 disciptinae
1283 843 1441 875 redactam
1471 850 1585 876 tracta·

107 903 248 941 tionem,
280 903 368 935 unde
395 904 464 946 ejus
490 903 724 934 iustitutionem
756 902 963 939 h'auriamus3
992 900 1079 931 unde
1109 900 1268 931 discamus
1286 925 1294 939 ‚
1325 900 1405 944 quid
1439 901 1585 933 officium

108 959 160 991 vel
181 959 291 1002 jubeat
317 959 367 991 vel
392 966 497 998 vetet;
529 960 608 1003 quid
633 971 650 990 a
679 960 765 991 vitiis
788 969 848 989 nos
879 958 983 995 tueri,
1016 967 1076 987 nec
1098 968 1166 988 non
1194 956 1292 987 officii
1317 955 1517 988 functionem
1540 957 1587 989 le·

107 1015 230 1047 viorem
253 1026 289 1047 ac
315 1023 416 1048 tutam
444 1017 574 1048 reddere
597 1017 715 1059 possitz
741 1021 776 1046 ut
801 1015 888 1045 euim
911 1014 1066 1045 virtutem
1092 1023 1313 1050 exerceamus,
1336 1014 1442 1055 primo
1470 1013 1588 1044 aarum

108 1081 217 1102 rerum
236 1072 416 1115 postulatur
441 1074 599 1115 cognitio:
633 1072 771 1103 deinde:
804 1070 890 1102 unde
916 1080 1042 1107 causas,
1066 1068 1264 1100 voluntatem
1290 1069 1330 1100 ad
1358 1069 1443 1100 bona
1464 1068 1584 1111 quaeli-

107 1126 163 1159 bet
191 1129 369 1168 excitandi,
397 1140 579 1160 sumamus:
613 1135 685 1160 ante
711 1129 799 1160 enim
837 1126 989 1158 voluntas
1016 1125 1210 1167 requiritur,
1240 1136 1339 1168 quam
1372 1125 1454 1157 bene
1491 1135 1584 1167 agere

109 1187 184 1227 quis
207 1192 331 1228 potest:
371 1192 505 1228 postea:
539 1186 626 1217 unde
662 1185 852 1217 necessarias
883 1185 968 1214 vires
997 1188 1092 1224 atque
1124 1181 1279 1213 auxilium
1307 1181 1347 1212 ad
1376 1181 1456 1213 bene
1481 1192 1579 1224 agen·

107 1239 204 1280 dum,
235 1248 287 1281 et,
318 1243 472 1285 quoniam
502 1241 566 1273 fide
590 1248 713 1272 tantum
742 1246 879 1285 possunt
910 1237 1011 1277 effici,
1037 1237 1128 1269 unde
1159 1238 1242 1269 hanc
1271 1237 1373 1268 ‘fidem
1405 1249 1582 1272 sumamus,

107 1297 156 1328 Ne
186 1296 307 1340 plura:
329 1309 396 1341 quo
419 1309 457 1329 ex
481 1297 569 1330 fonte
592 1299 699 1329 omnia
733 1297 810 1328 haec
838 1301 1042 1339 argumenta,
1074 1304 1156 1336 quae
1182 1293 1222 1324 ad
1249 1304 1377 1324 morum
1402 1295 1584 1327 docuinam

101 1354 286 1397 pertinent,
318 1361 354 1386 ut
385 1366 420 1387 ea
448 1366 544 1386 suum
571 1355 678 1392 istud,
711 1354 800 1397 quod
833 1353 900 1395 jam
931 1350 1167 1387 indicavimus,
1196 1350 1388 1381 consilium:
1422 1351 1585 1383 humano·

104 1419 180 1441 rum
217 1411 365 1444 videlicet
403 1423 533 1444 morum
566 1411 844 1444 emendationem:
887 1409 947 1439 rite
978 1417 1014 1438 ac
1049 1405 1181 1438 feliciter
1213 1414 1422 1450 assequatur,
1460 1408 1584 1441 hauri-ri

101 1463 253 1500 debeant.

148 1522 455 1568 Quomodocunque
478 1526 557 1557 haec
582 1526 692 1557 omnia
721 1522 979 1560 consideremus,
1005 1521 1175 1553 Auditores
1197 1522 1457 1553 Honoratissimi!
1483 1522 1584 1554 Theo-

109 1575 228 1620 logiam
257 1581 460 1613 theoreticam
489 1591 520 1614 et
549 1583 691 1625 primum
727 1579 858 1622 quidem
885 1588 982 1615 eam,
1020 1588 1101 1619 quae
1130 1577 1354 1620 philosophica
1384 1579 1580 1622 appellatur,

107 1632 226 1665 deinde
258 1636 374 1676 etiam,
398 1649 494 1680 quam
523 1638 692 1669 revelatam
716 1635 872 1672 dicimus,
900 1632 1066 1664 consulere
1093 1632 1256 1665 debemus.
1307 1636 1354 1664 Ex
1383 1645 1420 1665 ea
1454 1642 1579 1668 tantum

107 1698 259 1732 responsa
283 1693 322 1723 ad
349 1695 529 1737 propositas
560 1694 629 1725 illas
653 1692 876 1736 quaestiones,
898 1691 1040 1732 itemque
1069 1690 1213 1731 cognitio
1239 1697 1521 1732 argumentorum,
1545 1694 1579 1725 in

107 1755 350 1791 praeceptorum
388 1751 588 1793 expositione
622 1749 814 1787 necessaria,
849 1749 914 1790 peti
945 1745 1062 1777 debent
1095 1755 1132 1775 ac
1163 1753 1308 1789 possunt,
1363 1748 1399 1777 In
1428 1758 1466 1778 eo
1489 1750 1579 1781 enim

108 1805 250 1835 cernitur
273 1804 437 1838 doctrinae
457 1818 584 1838 morum
612 1813 746 1843 natura,
778 1810 814 1835 ut
842 1804 909 1835 vim
935 1812 1026 1833 suam
1049 1809 1171 1832 exserat
1196 1803 1228 1833 in
1257 1803 1402 1834 animum
1427 1804 1578 1839 hominis.

111 1858 198 1897 Quid
221 1861 318 1901 igitur
346 1864 386 1893 sit
414 1863 534 1901 homo,
559 1862 638 1905 quid
669 1861 786 1899 valeat,
811 1870 907 1903 quem
931 1858 972 1889 ad
997 1859 1170 1888 terminum
1193 1859 1277 1890 vires
1302 1870 1375 1891 suas
1397 1863 1496 1903 possit
1523 1874 1580 1894 ex-

109 1912 282 1955 plicando,
310 1919 486 1950 exercendo
516 1926 612 1962 atque
638 1916 786 1960 augendo
813 1914 1007 1953 extendere,
1035 1925 1103 1957 quo
1134 1915 1272 1947 consilio
1308 1917 1349 1948 sit
1379 1925 1520 1957 creatus,
1544 1919 1577 1951 id

110 1969 280 2015 Iheologia
314 1985 374 2007 nos
405 1975 496 2008 debet
517 1976 652 2014 docere;
679 1980 753 2006 aute
778 1973 865 2004 enim
889 1970 943 2001 illa
966 1971 1041 2002 sciri
1065 1977 1220 2015 oportet,
1255 1983 1354 2016 quam
1374 1982 1575 2017 exponatur,

909 2028 932 2070 l}
1496 2041 1578 2076 quo5
