1913 2417
276 191 314 222 τη
538 183 775 225 Jacotu
834 183 1140 217 HERMANI
1197 178 1506 216 PtttLtpsE
1739 179 1783 196 ‘²‘

284 274 455 298 testamento
482 269 624 298 institutis
657 268 818 303 auferatur,
846 268 1061 297 declarationem
1089 268 1244 297 Absentiae
1266 275 1293 297 et
1321 268 1487 298 missionem
1513 268 1542 297 in
1570 269 1793 305 possessionem·

285 320 427 349 bonorum
455 326 549 356 petere
572 319 785 355 recusaverint,
814 325 846 347 ut
876 319 916 347 sic
942 320 1089 349 molestias
1112 328 1147 350 ex
1181 321 1343 349 hereditatis
1373 320 1555 349 restitutione
1584 321 1713 350 oriendas
1734 321 1794 351 evi-

282 375 385 400 tarent.

323 422 354 450 Si
376 422 489 450 heredes
513 421 663 457 instituti,
691 430 741 449 seu
765 422 911 458 legatarii,
927 423 1013 452 simul
1037 432 1103 452 cum
1130 424 1280 453 heredibus
1300 424 1335 452 ab
1362 425 1522 458 intestato,
1541 429 1606 451 cum
1622 422 1658 451 >ad
1674 422 1797 452 decla-ra.—

283 473 388 501 tionem
416 473 593 508 Absentiae,
623 479 684 501 tum
711 474 745 501 ad
775 474 941 502 missionem
975 476 1003 503 in
1029 474 1241 511 possessionem
1267 483 1301 503 ex
1325 480 1386 503 art.
1410 482 1472 503 120.
1499 474 1645 508 petendam
1669 473 1798 501 admitte·-

286 530 403 558 rentur3
431 523 469 551 ita
495 530 527 551 ut
557 524 650 559 primo
674 524 740 552 loco
759 523 828 551 vhaec
847 525 952 559 petitio
973 532 1144 561 competeret
1165 525 1199 554 iis
1225 526 1397 562 heredibus,
1419 526 1526 561 quibus
1551 531 1709 554 reservatur
1730 533 1799 561 por-

286 574 329 602 tio
354 574 516 602 hereditatis
540 575 685 610 legitima,
706 575 770 602 dein
792 583 859 603 vero
882 577 1001 612 ceteris,
1022 576 1083 605 sive
1101 577 1317 605 successoribus
1336 576 1371 605 ab
1398 576 1553 611 intestato,
1574 577 1682 612 quibus
1700 577 1798 605 eadem

284 624 381 661 portio
412 633 471 652 non
504 633 684 661 reservatur,
711 626 773 654 sive
803 626 957 655 'heredibus
989 633 1159 656 testamento
1183 627 1344 656 institutis:
1375 626 1495 655 dubium
1526 635 1584 655 non
1607 626 1699 661 foret,
1727 627 1799 662 quin

285 681 386 702 omnes
414 674 497 703 facile
523 676 629 712 jurium
665 684 747 704 usum
779 682 1042 713 consequerentur,
1073 686 1145 713 quae
1173 678 1361 713 habuissent,
1388 677 1412 706 si
1436 677 1469 705 de
1497 677 1648 706 hereditate
1669 683 1799 713 ageretur

285 724 412 753 hominis
439 726 496 762 jam
527 727 643 757 mortui.
685 727 854 764 Legatarius
885 729 960 757 enim
991 729 1182 764 universalis,
1211 729 1237 758 si
1270 730 1344 758 nulli
1373 729 1504 758 adessent
1528 728 1663 764 heredes,
1692 728 1800 764 quibus

287 775 455 805 hereditatis
477 778 640 813 portionem
665 785 808 807 reservant
831 779 926 815 leges,
948 780 1020 808 hanc
1039 780 1204 808 missionem
1226 788 1282 809 suo
1302 780 1365 816 jure
1388 786 1519 815 peteret,
1533 788 1599 817 arg.
1619 784 1680 809 arc.
1700 780 1796 815 1006,

290 832 317 854 et
341 827 392 854 hac
411 827 440 855 in
465 836 493 855 re
514 827 703 864 praeferretur
725 829 844 864 reliquis
869 831 1088 860 successoribus
1110 832 1144 859 ab
1167 832 1321 867 intestato,
1344 831 1403 859 imo
1426 831 1493 860 licet
1518 839 1582 859 cum
1607 831 1712 859 talibus
1734 838 1802 859 suc-

290 878 460 913 cessoribus
489 887 547 907 non
577 887 758 909 concurreret
786 881 937 916 legatarius
963 882 1152 917 universalis,
1176 882 1334 917 periculum
1368 890 1428 910 non
1460 887 1556 915 esset,
1584 890 1619 909 ne
1643 882 1800 917 legitimam

293 929 357 965 cius
385 931 623 965 exspectationem
649 931 763 959 heredes
786 931 1012 967 frustrarentur,
1041 941 1108 961 cum
1132 941 1192 962 non
1215 932 1298 961 facile
1320 933 1533 969 possessionem
1560 932 1731 962 fiduciariam
1753 941 1802 970 pe-

288 985 348 1007 tere
365 979 541 1014 negligerent
553 1001 562 1015 ,
580 989 613 1008 ex
635 989 691 1016 qua
707 983 892 1010 commodum
908 991 1020 1018 sperare
1037 983 1151 1019 liceret3
1174 984 1252 1018 imo,
1271 983 1295 1011 si
1316 984 1510 1020 negligerent,
1527 983 1717 1012 nihilominus
1740 984 1804 1020 ipse

288 1028 442 1064 legatarius
470 1038 526 1057 eam
551 1036 645 1065 petere
670 1040 759 1066 posse
782 1031 945 1068 videretur,
975 1033 1130 1068 quoniam,
1161 1040 1193 1061 ut
1219 1042 1306 1069 supra
1330 1033 1405 1063 Sect.
1423 1043 1446 1063 r.
1471 1036 1498 1070 S.
1517 1043 1530 1070 3
1556 1037 1584 1062 in
1610 1035 1632 1065 f.
1659 1036 1800 1072 vidimus,

288 1080 409 1115 herede,
431 1081 477 1108 cui
503 1081 628 1116 primum
654 1082 757 1118 petitio
781 1084 941 1119 competit,
963 1083 1036 1112 illud
1060 1083 1129 1120 legis
1154 1083 1322 1124 beneficium
1348 1091 1520 1121 spernente,
1536 1085 1626 1114 ceteri
1649 1094 1664 1113 a
1687 1086 1803 1121 petitio-

292 1138 329 1159 ne
360 1139 419 1159 non
456 1132 659 1161 excluduntur.
709 1132 786 1161 Idem
820 1142 939 1169 quoque
967 1135 1118 1163 dicendum
1153 1135 1228 1164 foret
1256 1137 1289 1165 de
1314 1137 1454 1173 legatariis
1485 1136 1571 1166 titulo
1595 1136 1749 1166 universali
1774 1143 1804 1167 et

289 1182 535 1219 particularibus,
557 1183 623 1211 licet
648 1183 678 1211 hi
702 1186 747 1212 vel
770 1185 804 1213 ab
823 1185 992 1221 heredibus,
1015 1186 1123 1221 quibus
1147 1187 1244 1222 portio
1266 1188 1391 1224 legitima
1417 1188 1573 1224 competit,
1595 1187 1640 1216 vel
1662 1195 1677 1215 a
1700 1187 1806 1224 legata-

290 1234 336 1264 rio
363 1233 537 1269 universali,
558 1234 604 1262 vel
621 1243 635 1262 a
651 1235 772 1270 reliquis
794 1236 933 1271 proximis
950 1237 1168 1266 successoribus
1186 1246 1236 1266 sua
1252 1244 1362 1266 tantum
1377 1245 1612 1274 consequantur,
1636 1244 1697 1268 arc.
1719 1247 1801 1268 1011.

293 1287 327 1316 Si
351 1288 425 1316 enim
449 1288 534 1316 semel
557 1287 671 1316 heredes
698 1289 924 1317 testamentarios
947 1289 981 1317 ad
1004 1289 1154 1324 petendam
1176 1288 1343 1317 missionem
1365 1289 1538 1317 fiduciariam
1563 1289 1730 1324 admiseris,
1751 1289 1800 1318 vix

291 1337 330 1366 iis
351 1338 423 1366 hanc
449 1337 613 1367 facultatem
635 1339 770 1375 denegare
794 1339 922 1375 poteris,
952 1339 998 1375 si,
1022 1339 1074 1375 qui
1094 1340 1178 1375 prius
1194 1339 1359 1368 missionem
1376 1347 1472 1376 petere
1492 1347 1632 1376 possent,
1655 1341 1710 1369 hoc
1733 1341 1805 1378 legis

291 1387 462 1417 beneficium
489 1390 660 1426 spreverint.

326 1440 408 1469 Cum
434 1449 520 1476 vero,
542 1440 567 1469 si
590 1441 675 1470 unice
699 1441 784 1470 verba
805 1442 877 1479 legis
900 1449 1029 1479 spectare
1052 1442 1146 1476 velis,
1166 1442 1262 1479 negari
1289 1442 1339 1472 vix
1364 1449 1468 1479 queat,
1488 1442 1603 1471 heredes
1623 1448 1805 1472 testamenta-

294 1493 376 1528 rios,
405 1502 456 1522 seu
483 1494 631 1531 legatarios
655 1495 871 1530 possessionem
901 1495 1074 1524 fiduciariam
1099 1494 1242 1522 bonorum
1268 1502 1301 1522 ex
1324 1499 1385 1522 art.
1417 1502 1481 1522 120.
1504 1500 1597 1529 petere
1617 1501 1674 1522 non
1700 1502 1805 1530 posse,

290 1550 322 1572 et
351 1544 455 1580 iurium
487 1553 605 1573 suorum
635 1553 720 1573 usum
749 1554 808 1574 non
837 1545 979 1581 adipisci,
1007 1545 1064 1573 nisi
1094 1550 1280 1580 posteaquam
1312 1544 1426 1572 heredes
1456 1544 1491 1573 ab
1520 1545 1656 1573 intestato
1684 1545 1714 1573 in
1740 1552 1808 1581 pos·

293 1595 454 1623 sessionem
483 1595 564 1624 missi
593 1595 720 1630 fuerint,
751 1604 834 1625 nemo
863 1604 925 1625 non
951 1597 1046 1631 videt,
1075 1596 1142 1624 haec
1172 1595 1267 1623 omnia
1295 1595 1456 1631 legatariis,
1486 1594 1547 1623 sive
1578 1595 1806 1632 universalibus,

295 1645 357 1673 sive
388 1646 609 1681 particularibus
644 1646 716 1674 nihil
748 1646 916 1683 profutura,
946 1654 973 1675 et
1001 1647 1178 1676 verissimam
1208 1647 1249 1675 sic
1276 1655 1341 1675 esse
1373 1647 1479 1674 Locrdi
1512 1647 1681 1676 sententiam
1712 1647 1806 1685 (1.1.

296 1704 330 1731 p.
355 1704 406 1731 421
426 1712 464 1717 —
481 1704 548 1731 425.
559 1698 596 1733 ),
626 1698 762 1726 omnibus
785 1698 848 1726 scil.
860 1717 870 1732 ,
895 1697 1002 1732 quibus
1026 1706 1058 1726 ex
1083 1704 1231 1734 att.123.
1263 1699 1325 1735 jura
1347 1705 1457 1728 compe·
1463 1704 1562 1732 erent,
1587 1699 1807 1733 exspectandum

297 1753 380 1779 esse,
405 1747 494 1774 donec
523 1747 637 1775 heredes
656 1747 689 1775 ab
704 1748 849 1781 intestato
871 1748 932 1779 (les
953 1748 1089 1776 lcr'itiers
1101 1749 1310 1787 presomptifs)
1333 1749 1498 1777 Absentiam
1522 1747 1671 1781 declarari,
1694 1748 1809 1784 sibique

302 1797 517 1831 possessionem
540 1797 682 1826 bonorum
708 1806 743 1826 ex
768 1805 831 1828 art.
855 1806 919 1827 120.
941 1800 1060 1828 concedi
1081 1800 1259 1836 curaverin13
1285 1800 1361 1829 vidd.
1388 1797 1642 1835 quoqueMon'fs,
1665 1798 1807 1830 Tom.11.

297 1855 419 1884 2105-

340 1898 419 1935 Quid
444 1899 551 1933 igitur?
579 1908 614 1929 an
639 1908 840 1931 successorum
867 1901 954 1937 culpa
980 1908 1009 1931 et
1034 1911 1094 1931 1nv1
1097 1902 1141 1930 lia
1167 1902 1330 1930 deteriorem
1362 1900 1438 1928 reddi
1470 1906 1585 1934 oportet
1617 1899 1811 1929 conditionem

299 1957 423 1984 eorum,
445 1958 518 1984 quos
542 1951 598 1979 sibi
626 1953 740 1981 heredes
769 1953 922 1981 constituit
945 1954 1084 1983 Absens?
1113 1961 1148 1982 an
1178 1952 1205 1979 id
1231 1951 1286 1978 sibi
1311 1951 1500 1986 legislatorem
1529 1951 1716 1986 proposuisse
1740 1949 1812 1978 veri-

304 1999 398 2029 simile
418 2007 479 2036 est,
510 2008 540 2030 ut
560 2003 748 2039 possessione
773 2003 920 2033 fiduciaria
943 2014 959 2034 a
980 2003 1202 2035 successoribus
1226 2010 1286 2031 non
1308 2002 1415 2039 petita,
1445 2001 1518 2030 bona
1545 2001 1684 2031 Absentis
1702 2008 1809 2038 semper

1904 1636 1913 1881 l

1886 2198 1896 2417 ἐι
