1913 2417
295 161 664 194 COMMENTATIO
690 169 738 191 Dr:
769 160 1077 192 A-FFINITATE
1106 158 1348 192 CHEMICA.
1547 167 1584 193 11

249 502 622 544 CAPUT
736 501 1388 544 SECUNDUM.

91 620 166 648 'DE
193 623 564 647 PROPORTIONIBUS
594 622 908 645 PRINCH’IORUM
938 622 977 643 IN
1007 611 1274 643 co'MPOSITIS
1306 621 1519 646 CHEMICIS·

66 743 121 806 Si
151 773 287 807 illorum,
317 780 390 808 quae
416 771 596 807 praecedenti
623 771 716 807 capite
748 770 977 807 proposuimus,
1006 768 1164 805 applicatio
1197 768 1335 805 generalis
1363 769 1423 799 fieri
1458 774 1586 805 posset,

67 825 152 855 facile
175 825 240 853 inde
260 823 446 852 conficeretur
468 823 603 851 elementa
629 831 782 858 corporum
807 822 837 850 in
864 821 1037 857 compositis
1067 818 1205 848 chemicis
1232 821 1311 849 omni
1343 821 1532 857 proportione
1556 826 1588 848 se

67 876 252 913 conjungere.
294 874 413 910 Semper
436 873 548 902 scilicet
573 872 650 902 foret
674 874 752 902 actio
777 873 903 901 chemica
926 872 956 901 in
978 872 1088 901 ratione
1111 871 1255 900 affinitatis
1271 878 1297 899 et
1314 871 1484 907 quantitatis
1508 870 1590 907 prin-

57 926 210 963 cipiorum
233 924 487 961 componentium:
511 924 552 952 sic
577 926 618 953 sal
643 925 671 953 in
696 925 852 960 crystallos
883 923 982 952 abiens
1008 932 1041 952 ex
1067 931 1141 959 aqua
1175 923 1257 951 valde
1285 923 1408 952 alcalina
1438 922 1521 951 etiam
1547 922 1590 950 al-

66 978 122 1008 cali
144 982 292 1006 excessum
315 981 487 1004 monstraret
511 982 538 1003 et
561 971 670 1004 contra'
692 976 836 1004 acidulum
868 974 964 1011 foret,
994 975 1019 1003 si
1045 975 1143 1010 liquor
1174 974 1427 1010 crystallisationiS
1457 981 1589 1009 magnam

69 1029 145 1060 acidi
169 1028 282 1065 copiam
305 1026 520 1062 continuisset3
551 1027 632 1062 quod
655 1026 857 1063 experimentis
879 1035 938 1055 non
962 1026 1030 1055 satis
1064 1026 1216 1062 probatum
1243 1025 1354 1054 videtur
1379 1025 1459 1062 (1).
1504 1024 1589 1052 Illam

64 1085 142 1110 vvero
163 1079 305 1108 actionem
329 1086 416 1114 supra
440 1079 498 1115 jam
533 1078 658 1106 vidimus
683 1077 832 1107 nonnullis
857 1077 1003 1114 adjunctis
1035 1077 1265 1111 determinatam,
1291 1076 1334 1104 uti
1358 1075 1387 1105 in
1410 1082 1521 1113 puncto
1544 1083 1591 1104 sa·

69 1130 225 1161 turationis
246 1129 417 1166 aequilibrio
450 1128 577 1165 virium,
607 1129 836 1165 insolubilitate,
865 1135 945 1158 statu
967 1128 1106 1165 gasformi
1128 1135 1185 1157 etc.
1222 1128 1284 1165 Jam
1315 1133 1386 1157 vero
1418 1127 1505 1164 liujus
1529 1126 1589 1155 loci

58 1189 115 1212 ‘est
137 1181 280 1218 inquirere
305 1180 376 1217 quid
396 1180 448 1210 hac
470 1181 505 1210 de
525 1189 554 1210 re
579 1181 638 1218 sit,
663 1190 731 1210 num
754 1181 833 1210 omni
855 1180 1045 1217 proportione
1064 1180 1184 1215 coeant,
1206 1187 1244 1209 an
1264 1179 1351 1208 cerus
1372 1185 1399 1208 et
1420 1178 1592 1208 determina-

70 1232 110 1263 tis
134 1233 247 1270 legibus
265 1233 294 1262 in
318 1231 524 1270 conjunctione
540 1239 683 1269 regantur.

107 1284 334 1314 Considerantes
355 1284 438 1320 plura
463 1291 527 1312 esse
548 1292 670 1320 corpora
694 1289 840 1320 tantopere
862 1291 945 1319 saepe
970 1283 1066 1311 indole
1091 1283 1221 1319 diversa,
1247 1284 1317 1313 licet
1345 1291 1380 1311 ex
1407 1282 1506 1310 iisdem
1533 1282 1589 1310 cle·

68 1335 182 1378 mentis
205 1335 256 1363 sed
277 1334 354 1364 varia
377 1327 566 1371 proportione
583 1334 694 1371 junctis
720 1341 814 1362 ortum
839 1335 967 1370 ducant;
997 1343 1056 1363 non
1082 1335 1144 1363 sine
1172 1334 1300 1363 veritatis
1331 1334 1426 1370 specie
1454 1332 1591 1361 contendi

60 1395 161 1425 :posse
182 1386 315 1421 videtur,
336 1385 468 1415 definitas
490 1393 521 1414 ac
552 1384 624 1413 fixas
651 1385 727 1421 leges
750 1386 832 1414 datas
857 1394 918 1414 esse
941 1387 1023 1423 juxta
1046 1394 1118 1421 quas
1132 1387 1334 1414 clementorum
1357 1384 1589 1415 combinationes

67 1438 158 1468 fiant:
191 1436 371 1467 insensibilis
400 1436 474 1465 enirn
501 1435 576 1465 foret
599 1435 740 1464 transitus
774 1436 809 1465 ab
835 1445 892 1466 una
923 1437 952 1465 in
980 1438 1095 1466 alteram
1131 1437 1374 1474 compositionem
1404 1445 1438 1465 ex
1459 1434 1592 1464 extremis

69 1489 257 1520 solummodo
280 1488 524 1524 cognoscendam.
572 1485 642 1516 Non
667 1493 780 1522 autem,
811 1487 868 1516 nisi
900 1494 1037 1516 accurato
1072 1489 1333 1524 phaenomenorum
1360 1487 1507 1522 examine»,
1536 1486 1590 1514 hac

69 1541 105 1571 de
128 1548 157 1569 re
177 1538 314 1568 certiores
339 1547 402 1568 esse
424 1546 606 1575 possumus,
632 1547 698 1567 cum
726 1538 826 1567 forsan
852 1539 987 1576 adjuncta
1021 1540 1093 1568 tanti
1119 1539 1256 1568 momenti
1290 1540 1348 1568 sint
1376 1546 1408 1567 ut
1437 1539 1502 1567 inde
1524 1546 1591 1574 pro-

60 1591 220 1630 portiones
246 1590 311 1619 illae
334 1590 598 1620 determinarentur.
647 1589 724 1619 Huic
753 1590 910 1619 sententiae
937 1590 1069 1626 inprimis
1100 1590 1180 1619 favet
1209 1592 1258 1620 lll.
1283 1591 1476 1620 Bertholletus
1499 1591 1589 1628 (2),

75 1644 125 1679 qui
151 1642 304 1679 generalem
329 1642 400 1678 legis
425 1651 440 1670 a
466 1650 496 1670 se
522 1642 689 1678 propositae
724 1641 944 1678 applicationem
980 1641 1122 1677 admittit,
1154 1648 1241 1677 atque
1268 1643 1376 1671 nullam
1411 1641 1493 1670 aliam
1525 1648 1589 1669 esse

71 1702 186 1724 causam
209 1692 340 1729 perhibet
371 1692 596 1729 proportionum
625 1693 653 1721 in
683 1692 855 1728 quibusdam
888 1693 1063 1729 compositis
1085 1693 1346 1729 observandarum,
1375 1701 1459 1728 quarn
1490 1692 1589 1721 obsta·

71 1746 138 1776 cula
163 1745 229 1781 illa,
250 1745 284 1773 de
309 1744 415 1780 quibus
437 1744 512 1781 Cap.
533 1745 555 1774 1.
577 1744 625 1773 ubi
650 1745 683 1773 de
708 1744 855 1773 solutione
880 1753 974 1774 sermo
996 1744 1075 1780 fuit,
1105 1746 1159 1782 jam
1183 1745 1323 1774 nonnulla
1345 1743 1586 1779 memoravimus3

70 1796 168 1832 itaque
189 1805 205 1825 a
231 1802 331 1825 natura
358 1803 417 1824 non
452 1796 582 1825 conditas
608 1804 670 1825 esse
696 1795 757 1824 illas
789 1796 865 1832 leges
895 1796 1002 1833 quibus
1035 1797 1240 1832 proportiones
1266 1796 1447 1833 dirigantur,
1477 1795 1532 1824 nisi
1557 1795 1588 1824 in

64 1857 106 1880 eo
131 1848 211 1885 quod
228 1847 258 1876 vi
280 1847 461 1877 cohaesionis
492 1854 541 1877 aut
571 1847 747 1884 expansione
775 1853 826 1876 aut
850 1847 1075 1878 condensatione
1103 1848 1239 1879 elementa
1262 1847 1292 1877 in
1316 1853 1393 1877 statu
1424 1847 1520 1877 solido
1544 1845 1591 1875 vel

1528 1905 1593 1936 gas·

101 1976 151 2006 (1)
171 1975 222 1999 vm.
241 1975 319 2002 Dm,
341 1975 397 1999 rna.
416 1976 490 1999 cmm.
511 1978 528 2000 r.
547 1984 570 2005 p.
585 1978 619 2005 ⁸9.
640 1977 682 2000 Ed.
700 1977 759 2001 can.
779 1977 815 2000 ct.
839 1982 882 1999 van
905 1966 992 2003 Mons}

98 2018 151 2047 (ι)
172 2017 225 2041 vid.
246 2018 301 2041 Stat.
321 2019 394 2042 Chim.
414 2019 431 2042 Ι.
453 2021 511 2043 sect.
531 2018 557 2042 V.
580 2021 630 2047 cap.
647 2018 666 2042 1.
690 2017 696 2023 '

807 2058 871 2089 132
