1913 2417
271 175 312 205 26
596 176 1450 214 VP.J.UYLENBR0EK

277 264 360 285 crure
387 257 530 294 syphonis
554 259 680 293 retorti,
710 267 736 287 et
761 267 833 295 aqua
856 259 885 288 in
910 261 997 289 altero
1017 280 1026 296 ,
1053 266 1185 297 premunt
1208 268 1238 289 se
1267 267 1379 289 mutuo.
1419 259 1493 288 Num
1519 258 1544 288 si
1568 257 1597 285 in
1620 264 1678 285 uno
1702 266 1789 288 crure

278 313 403 344 ponatur
425 309 581 338 mercurius
604 310 639 338 ad
658 310 836 338 altitudinem
859 311 946 339 unius
971 312 1077 348 palmi,
1109 312 1138 340 in
1164 312 1252 340 altero
1281 320 1354 347 aqua
1383 311 1418 339 ad
1441 309 1620 338 altitudinem
1649 314 1787 344 quatuor-

281 359 372 387 decim
397 360 579 395 palmorum,
599 369 673 396 aqua
695 361 829 397 suspellit
855 362 1048 398 mercurium,
1072 363 1162 391 donec
1186 362 1255 392 fecit
1277 361 1499 398 aequilibrium,
1526 365 1555 388 et
1576 367 1666 394 aquae
1688 366 1787 394 super-

277 409 360 440 ficies
381 418 513 446 suprema
530 411 569 440 sit
586 411 617 440 in
634 412 731 440 eodem
750 412 902 442 horizonte
925 421 991 441 cum
1009 421 1142 448 suprema
1167 414 1316 450 superficie
1338 412 1487 442 mercurii:
1512 411 1538 441 si
1561 417 1673 445 autem,
1697 415 1796 443 stante

281 460 474 496 aequilibrio,
506 462 535 491 in
560 470 620 491 uno
644 471 725 491 crure
751 470 876 499 ponatur
898 464 1056 492 mercurius
1089 464 1125 492 ad
1156 465 1333 493 altitudinem
1374 464 1507 501 majorem
1524 482 1535 498 ,
1565 461 1689 498 assurgit
1715 467 1789 496 aqua

277 511 309 540 in
329 512 418 540 altero
445 520 544 548 crure,
572 520 600 541 et
621 513 696 549 perit
720 514 931 550 aequilibrium.
979 515 1087 543 Eodem
1119 515 1205 544 modo
1221 535 1232 550 ‚
1260 516 1307 550 si,
1336 522 1430 544 stante
1459 513 1649 550 aequilibrio,
1677 511 1706 540 in
1729 513 1793 540 uno

281 569 365 590 crure
394 569 520 598 ponatur
547 564 615 600 plus
646 573 754 600 aquae,
782 566 908 602 assurgit
931 566 961 595 in
988 567 1075 594 altero
1100 565 1277 601 mercurius,
1305 573 1332 594 et
1356 565 1429 602 perit
1455 565 1551 593 itidem
1573 562 1787 598 aequilibrium.

277 611 354 641 Idem
377 614 542 651 contingit,
570 615 597 644 si
618 616 680 643 sola
699 623 772 651 aqua
794 616 823 645 in
842 623 966 653 utroque
987 625 1069 645 crure
1091 623 1234 653 ponatur,
1255 618 1305 646 sed
1325 617 1480 652 inaequalis
1497 614 1680 650 altitudinis;
1701 612 1791 642 altior

277 662 352 692 enim
379 664 482 700 premit
505 665 601 694 minus
623 667 732 701 altum,
755 673 782 695 et
806 668 886 704 cogit
909 676 1075 705 assurgere,
1095 668 1186 696 donec
1208 667 1257 696 fiat
1279 665 1519 703 aequilibrium.”

318 713 395 743 Utut
419 715 490 744 bene
512 716 580 744 haec
609 718 799 753 experimenta
826 718 999 747 intellexisse
1030 719 1159 747 videatur
1200 718 1359 753 Scliottus,
1387 724 1519 746 neutrum
1548 721 1640 745 tamen
1669 721 1732 742 eum
1755 712 1794 742 de

278 772 330 794 sua
362 766 500 794 sententia
527 767 669 796 discedere
697 768 792 803 facit,
819 775 1009 804 neutrumque
1041 769 1162 805 probare
1192 770 1300 804 credit,
1327 776 1417 805 aquae
1442 768 1600 804 particulas
1629 764 1795 801 superiores

275 823 401 851 premere
424 816 586 846 inferiores.
627 818 660 846 In
681 818 770 854 priori
787 827 875 854 casu,
897 819 915 849 i.
935 828 958 849 e.
981 820 1012 848 in
1028 819 1123 855 primo
1146 820 1357 856 experimento,
1378 819 1510 855 agnoscit
1531 818 1663 854 equidem
1686 821 1791 850 aquam

279 874 424 902 premere,
453 869 502 897 sed
524 868 631 897 idcirco
655 869 730 897 illam
764 878 887 905 premere
914 870 1036 905 asserit,
1072 869 1139 906 quia
1165 871 1267 906 premit
1293 872 1383 899 aerem
1408 869 1437 898 in
1463 869 1560 903 tubo,
1586 866 1605 896 i.
1630 874 1656 894 e.
1679 871 1789 900 corpus

277 917 370 946 levius
387 918 461 947 infra
476 927 517 947 se.
559 920 676 955 „Aqua
693 919 832 956 igitur,''
852 921 940 956 dicit,
962 921 1028 956 „in
1045 921 1123 950 dieto
1136 929 1228 956 casu,
1248 929 1305 950 non
1321 927 1364 949 est
1382 919 1546 949 consistens
1557 939 1568 954 ,
1591 917 1612 945 i.
1629 926 1652 946 e.
1668 924 1726 944 non
1741 921 1787 943 est

277 968 309 997 in
334 969 394 997 situ
418 978 474 998 suo
495 971 635 1006 naturali,
660 979 742 1006 quem
760 972 822 1008 ejus
847 978 949 1000 natura
971 972 1068 1008 exigit.
1108 971 1172 1000 Nos
1190 978 1284 1001 autem
1309 971 1456 1007 loquimur
1476 971 1509 999 de
1532 977 1606 1005 aqua
1626 967 1792 996 consisten-

276 1019 320 1054 ti,
341 1020 366 1047 si
392 1020 464 1048 enim
481 1028 610 1056 premant
632 1029 662 1049 se
684 1029 786 1050 mutuo
811 1022 969 1058 particulae
992 1030 1098 1058 aquae,
1120 1022 1176 1051 hoc
1200 1023 1265 1051 inde
1286 1022 1339 1057 fit,
1361 1021 1427 1057 quia
1451 1021 1527 1049 infra
1546 1028 1584 1049 sat
1602 1019 1706 1047 habent
1727 1024 1798 1046 cor·

270 1076 335 1105 -pus
360 1070 465 1100 levius.
504 1072 544 1100 Et
567 1072 652 1107 licet,
674 1072 741 1100 dum
768 1080 829 1101 non
851 1073 973 1101 habeant
996 1072 1070 1102 infra
1094 1081 1125 1101 se
1147 1081 1254 1109 corpus
1277 1072 1394 1107 levius,⁸
1417 1072 1556 1101 retineant
1588 1070 1706 1099 eandem
1728 1076 1795 1105 gra-

275 1118 391 1148 vitatem
404 1140 414 1154 ‚
433 1127 461 1160 et
482 1123 672 1158 aptitudinem
697 1123 731 1151 ad
753 1124 956 1160 premendum,
985 1130 1053 1153 actu
1080 1130 1174 1153 tamen
1197 1132 1258 1153 non
1288 1129 1446 1160 premunt,
1468 1124 1520 1152 sed
1540 1123 1634 1152 solum
1655 1118 1800 1157 aptitudi-

277 1178 333 1206 ne,
356 1171 423 1207 quia
444 1172 525 1200 deest
548 1175 677 1203 conditio
711 1175 747 1204 ad
778 1176 916 1204 actualem
938 1176 1119 1211 pressionem·
1145 1176 1305 1211 requisita,
1328 1183 1430 1211 nempe
1460 1181 1568 1209 corpus
1599 1172 1691 1201 levius
1712 1170 1795 1200 initae

275 1220 352 1252 se.”
388 1221 471 1250 Hanc
495 1222 590 1259 itaque
612 1233 692 1253 snam
718 1225 916 1255 resutationem
941 1227 1015 1262 petit
1036 1236 1070 1256 ex
1093 1227 1150 1263 iis,
1172 1236 1246 1263 quae
1267 1235 1361 1263 supra,
1373 1225 1529 1254 retulimus
1547 1226 1584 1260 (1
1599 1224 1635 1261 )·-

315 1272 404 1311 Quod
426 1280 519 1303 autem
546 1275 582 1304 ad
605 1276 762 1304 secundum
785 1284 883 1304 casum
908 1276 968 1305 sive
992 1277 1111 1304 alterum
1128 1279 1351 1312 experimentum
1368 1277 1493 1311 attinet,
1511 1284 1570 1305 non
1591 1275 1692 1305 mirum
1709 1279 1797 1308 esse,

278 1322 319 1351 ait
343 1322 505 1360 Schottus,
526 1327 641 1361 „quod
664 1327 780 1363 gravius
803 1333 912 1363 premat
940 1327 1035 1355 minus
1058 1334 1164 1364 grave,
1190 1332 1252 1354 turn
1277 1325 1344 1361 quia
1367 1323 1434 1352 haec
1458 1328 1500 1350 est
1518 1323 1645 1358 gravium
1670 1328 1789 1358 natura,

281 1382 343 1404 turn
371 1375 437 1411 quia
464 1377 558 1405 minus
584 1386 667 1413 grave
690 1384 787 1413 potest
809 1379 905 1407 cedere
935 1378 1080 1415 graviori,
1105 1384 1135 1406 et
1161 1376 1288 1406 cedendo
1315 1375 1410 1404 vincit
1437 1374 1531 1403 solum
1562 1380 1679 1409 corpus.
1696 1372 1795 1401 levius

279 1432 320 1454 se.
358 1427 555 1461 Praeterquam
584 1428 665 1463 quod
695 1435 784 1464 tunc,
811 1435 961 1464 antequam
986 1429 1035 1458 fiat
1059 1429 1179 1465 pressio,
1200 1427 1320 1456 actualis
1336 1447 1349 1461 ,
1375 1425 1492 1453 humida
1522 1425 1572 1452 illa
1600 1432 1668 1452 non,
1694 1422 1792 1452 consi-

284 1481 380 1504 stunt.
419 1477 575 1513 Postquam
600 1486 669 1506 vero
691 1480 725 1507 ad
751 1487 858 1508 statum
882 1480 1085 1508 consistentiae
1108 1480 1259 1508 deventum
1285 1483 1348 1512 est,
1369 1483 1464 1505 cessat
1487 1475 1610 1504 actualis
1633 1473 1755 1510 pressio.
1767 1472 1793 1486 '’

315 1527 450 1555 Alterum
468 1529 712 1564 experimentum,
743 1531 822 1565 quod
846 1531 1001 1559 sententiae
1021 1539 1090 1558 suae
1114 1529 1210 1558 favere
1231 1528 1305 1557 facit
1325 1528 1453 1565 Magnan
1471 1548 1482 1563 ‚
1507 1532 1552 1555 est
1573 1526 1798 1562 phaenomenon.

278 1577 391 1606 anseris
413 1577 498 1611 (⁵ive
514 1577 668 1612 corporis,
689 1580 823 1614 cujusvis
841 1582 967 1617 ejusdem
983 1580 1131 1610 densitatis
1148 1589 1180 1609 ac
1203 1585 1320 1617 aqua‚)
1344 1579 1423 1609 intus
1443 1577 1505 1607 cavi
1516 1598 1533 1613 ,.
1557 1583 1584 1606 et
1604 1585 1625 1605 a
1635 1582 1714 1613 parte
1727 1574 1798 1604 infi-

274 1636 321 1658 ma
343 1627 485 1656 foramine
505 1628 636 1662 praediti.
689 1628 755 1658 Hoc
776 1637 892 1665 cor-pus.
908 1640 1016 1665 aquam.
1031 1632 1204 1666 continens,
1230 1631 1260 1660 in
1281 1639 1340 1660 vas
1358 1638 1438 1666 aqua
1450 1629 1510 1658 fere
1532 1635 1627 1657 totum
1651 1628 1788 1663 repletum

278 1679 474 1712 immittatur,
502 1678 655 1714 ipsumque
687 1688 737 1708 vas
764 1679 864 1708 vesica.
884 1680 1040 1710 claudatur.
1080 1679 1175 1714 Tum,
1204 1679 1245 1708 uti
1267 1687 1389 1713 notum,
1411 1686 1555 1714 premente
1583 1675 1688 1711 pollice
1714 1676 1795 1706 vesi·

278 1737 358 1765 carn,
386 1738 494 1764 corpus
518 1729 610 1765 illud,
640 1730 678 1758 ob
698 1730 850 1759 intrantem
881 1739 981 1767 aquam
1010 1731 1181 1765 descendit,
1211 1738 1240 1759 et
1271 1730 1383 1766 quidem
1415 1737 1450 1758 eo
1474 1728 1587 1765 magis,
1609 1736 1667 1763 quo
1697 1727 1788 1764 magis
1910 1739 1913 1783 ἕ

280 1779 376 1806 vesica
402 1787 562 1816 prematur3
591 1789 722 1809 cessante
743 1781 917 1816 pressione,
939 1790 1045 1818 corpus
1069 1782 1169 1810 iterum
1199 1781 1358 1811 adscendit.
1396 1779 1461 1808 Hoc
1483 1779 1579 1809 itidem
1595 1779 1786 1816 experimento
1908 1794 1912 1833 ζ

278 1829 374 1858 thesin
398 1838 477 1857 suam
503 1832 579 1861 doct.
602 1831 727 1868 Magnan
750 1832 842 1861 tuitus
863 1839 920 1862 est.

319 1879 444 1908 Notetur
464 1880 543 1909 litera
558 1882 585 1910 A
608 1891 673 1918 pars
688 1884 840 1920 superior,
861 1884 882 1913 B
897 1892 964 1921 pars
983 1883 1096 1920 media,
1118 1890 1148 1914 et
1170 1883 1197 1914 C
1212 1891 1278 1921 pars
1299 1881 1396 1912 infima
1416 1889 1508 1918 aquae
1527 1880 1557 1911 in
1574 1889 1642 1911 vase
1666 1888 1784 1911 contem
1905 1839 1911 1931 ff

1725 1938 1798 1972 tan„
1901 1943 1907 2017 e

1901 2022 1904 2046 l

1900 2053 1903 2081 l

1892 2173 1898 2272 ἕ

1890 2326 1892 2339 Ι

1888 2356 1891 2372 l

309 2007 361 2037 (ι)
383 2005 452 2031 cenf-
473 2013 541 2035 ωιτη
557 2012 610 2035 ρικ.
622 2013 659 2033 23.
