1913 2417
181 162 220 196 18
410 164 496 213 G.
558 162 778 194 GROEN
834 171 940 192 van
998 161 1426 194 PRINSTEREK

184 257 228 278 res
253 248 362 277 incolas
387 255 420 276 ex
445 256 543 277 eorum
568 247 804 284 possessionibus
820 267 830 282 ,
858 252 909 275 aut
929 255 962 274 ex
985 253 1064 283 parte
1094 255 1187 276 earum
1220 246 1409 281 expellebant.
1441 261 1478 269 —
1504 246 1600 284 Huius
1630 254 1707 277 con-

188 300 541 336 suetudinisexemplum
574 300 630 335 jam
664 305 729 327 ante
763 299 834 326 bella
865 298 976 327 Persica
1011 299 1148 328 habemus
1182 299 1210 327 in
1245 298 1511 333 Chalcidensibus,
1543 299 1592 334 qui
1623 307 1702 335 4000

188 351 408 382 Atheniensium
443 357 610 387 receperunt
645 350 722 386 (1).
772 349 826 377 Sed
857 350 950 377 multo
986 349 1194 386 frequentiores
1230 349 1370 387 ejusmodi
1398 349 1581 386 migrationes
1609 349 1704 380 factae

190 410 260 434 sunt
289 409 355 438 post
382 409 527 438 acceptam
556 402 721 436 ἠγεμονίαν,
751 407 778 428 et
800 400 828 428 in
852 401 952 436 primis
975 410 1009 429 eo
1030 408 1174 436 tempore,
1204 409 1269 429 cum
1294 400 1456 436 respublica
1488 410 1504 429 a
1523 401 1631 430 Pericle
1656 402 1704 430 ad·

192 454 409 484 ministraretur.
447 454 507 489 Jam
523 453 631 481 Cimon
648 452 790 487 Scyrum,
815 453 944 487 expulsis
965 453 1153 490 Dolopibus,
1174 453 1285 481 incolis
1306 452 1501 487 frequentavit
1524 453 1611 489 (232
1635 461 1714 489 pos--

190 513 253 541 tea,
281 512 398 534 auctore
425 505 532 533 Pericle
549 524 560 540 ,
599 512 632 532 ex
666 503 811 538 Histiaea,
842 503 976 532 Euboeae
1013 504 1104 539 urbe,
1134 504 1243 532 incolas
1276 504 1446 538 expulerunt
1472 506 1565 541 (3),
1592 505 1704 532 eodem,

190 566 248 593 que
270 557 422 592 hortante,
451 555 591 583 miserunt
619 563 691 583 1000
712 556 874 592 κληρούχους
906 555 935 583 in
959 555 1195 590 Chersonesum,
1223 563 1280 592 500
1301 555 1427 590 Naxon,
1460 564 1534 583 1000
1557 556 1585 584 in
1611 555 1704 584 Thra-

189 609 283 644 ciam,
306 609 357 643 qui
382 615 439 636 una
469 615 534 634 cum
555 605 672 634 Bisaltis
697 606 877 641 habitarent,
899 606 1056 635 nonnuilos
1081 606 1110 635 in
1138 606 1265 640 italiam,
1286 606 1360 635 alios
1385 607 1442 635 alio
1464 607 1553 644 (4).>
1584 596 1708 643 Amphi·

190 660 267 697 polis
294 659 423 694 aliaeque
449 658 479 686 in
504 657 674 686 Macedonia
710 657 794 685 urbes
824 657 907 685 etiam
938 656 1059 686 fuerunt
1089 657 1306 686 Atheniensium
1336 660 1493 695 κληρουχίαι
1521 659 1594 695 (5).
1637 657 1713 687 Fuit-

191 711 273 740 etiam
293 710 464 745 Naupactus
489 710 576 746 (6),
600 716 684 743 quam
710 708 829 743 urbem,
848 717 936 744 quum
953 708 1059 737 Locris
1079 707 1182 737 Ozolis
1201 709 1394 745 eripuissent,
1412 709 1569 738 Messeniis
1582 718 1596 738 a
1616 709 1709 738 Lace·

191 761 349 790 daemoniis
376 760 506 796 expulsis
529 761 674 789 dederunt.
715 759 800 796 Quos
824 760 972 796 probabile
997 767 1060 796 est,
1092 761 1189 789 eodem
1220 761 1284 798 jure
1307 770 1338 789 ac
1364 764 1549 799 κληραυχίκς,
1578 769 1650 796 quae
1670 768 1706 789 ex

194 811 425 840 Atheniensibus
454 810 647 847 constabant,
669 819 739 838 usos
763 810 864 841 fulsse.
906 813 938 841 Id
966 812 1086 848 quidem
1108 812 1426 847 constat‚‚Messenios
1450 813 1478 842 in
1502 813 1601 841 multis
1624 820 1710 848 expe-

192 863 353 892 ditionibus
386 863 504 899 gratiam
539 862 611 898 ipsIs
642 862 784 890 retulisse.
832 862 897 891 Hoc
936 869 1029 891 autem
1060 863 1226 892 institutum
1260 864 1445 892 durissimum
1471 864 1550 899 fuit,
1577 864 1709 900 idemque

195 915 424 946 Atheniensibus
457 913 656 941 utilissimum.
710 913 758 941 Sic
789 914 863 941 enim
898 914 998 949 urbis,
1027 918 1059 941 ut
1083 914 1123 943 ita
1151 914 1242 942 dicam
1261 935 1272 949 ,
1301 915 1412 943 sentina
1443 915 1659 944 exhauriebatur
1680 921 1709 944 et

200 974 374 1003 magnopere
398 964 563 992 firmabatur
584 964 801 992 Atheniensium
831 964 978 1000 potentia,
1001 965 1137 999 quoniam
1160 974 1297 994 novarum
1317 974 1407 994 rerum
1427 967 1524 1002 cupidi
1546 967 1619 995 socii
1645 966 1712 994 ubi·

195 1025 251 1053 que
286 1015 507 1045 Atheniensium
539 1015 697 1050 praesentia
720 1021 769 1043 aut
794 1015 941 1043 vicinitate
973 1015 1218 1051 impediebantur:
1250 1022 1370 1051 contra,
1399 1016 1431 1044 si*
1447 1017 1632 1045 remansisset
1658 1017 1708 1045 illa

195 1069 291 1097 otiosa
320 1066 477 1095 multitudo
503 1066 533 1094 in
557 1065 646 1100 urbe,
677 1066 778 1101 procul
802 1066 892 1094 dubio
916 1066 1046 1102 ingentes
1077 1066 1174 1094 turbas
1203 1067 1396 1098 excitavisset.
1437 1068 1504 1096 lllae
1527 1074 1619 1096 autem
1642 1075 1710 1103 κλη-

195 1120 326 1156 ρωχίαι,
346 1125 434 1153 quum
462 1117 517 1146 alia
541 1116 753 1145 necessitudine
777 1125 843 1145 cum
868 1118 1096 1146 Atheniensibus
1127 1118 1370 1155 conjungerentur
1392 1128 1424 1148 ac
1453 1119 1579 1154 reliquae
1607 1119 1711 1148 civita-

195 1175 238 1198 tes
261 1170 392 1204 ὑπήκοοι,
415 1168 498 1196 etiam
522 1168 579 1196 alio
603 1168 689 1196 modo
718 1168 929 1197 administratae
953 1168 1062 1199 fuerint
1090 1177 1205 1198 necesse
1233 1177 1295 1198 est:
1324 1170 1506 1206 quamobrem
1527 1170 1559 1199 in
1586 1170 1710 1208 singulis

199 1219 403 1255 sectionibus,
424 1220 454 1247 in
479 1227 550 1254 quas
575 1225 664 1255 caput
687 1219 743 1247 hoc
769 1219 993 1255 distribuimus,
1013 1221 1047 1249 de
1071 1221 1143 1256 ipsis
1164 1221 1316 1257 separatim
1341 1222 1481 1251 dicemus.

234 1272 365 1300 Tertium
387 1278 476 1307 genus
498 1270 624 1298 diximus
646 1270 793 1298 colonias:
823 1279 911 1306 quum
939 1277 1031 1299 autem
1056 1279 1120 1307 eas,
1151 1281 1224 1308 quae
1244 1273 1402 1309 aliquando
1426 1273 1570 1310 aedi-dromi
1595 1272 1724 1302 fuerunc

199 1324 230 1353 in
253 1321 429 1360 praecedenti
459 1321 555 1356 capite
578 1321 829 1356 recensuerimus,
860 1331 1007 1357 quumque
1033 1330 1156 1351 caeterae
1187 1328 1343 1362 κληρουχία,
1374 1324 1501 1359 fuerint,
1532 1324 1580 1352 hic
1610 1325 1712 1352 iterum

203 1383 249 1403 eas
276 1379 440 1402 enumerare
463 1370 536 1399 nihil
567 1379 643 1405 opus
677 1378 739 1400 est:
769 1372 866 1400 statim
903 1373 1002 1407 potius
1039 1373 1074 1400 ad
1109 1374 1303 1407 explicandam
1343 1375 1585 1402 necessitudinem
1616 1375 1712 1402 venia-

202 1433 285 1458 mus,
307 1430 380 1458 quae
396 1421 626 1450 Atheniensibus
650 1429 716 1449 cum
740 1421 908 1449 civitatibus
935 1422 1026 1449 sociis
1051 1422 1179 1450 subditis
1207 1431 1300 1458 usqne
1325 1424 1358 1450 ad
1386 1424 1453 1450 belli
1476 1423 1711 1458 Peloponnesiaci

201 1476 314 1505 initium
338 1472 502 1502 intercessit
523 1471 719 1508 judiciorum,
741 1472 938 1507 tributorum,
959 1471 1079 1501 militiae
1101 1479 1129 1501 et
1155 1474 1250 1502 omnis
1273 1472 1542 1503 administrationis.

228 1606 279 1634 (1)
300 1605 404 1628 Iscrna'ot.
425 1606 460 1630 V,
480 1609 517 1629 77.
697 1603 752 1632 (ι)
775 1603 868 1630 Thucyd.
890 1603 913 1628 1,
937 1603 974 1630 93.
1153 1604 1207 1634 (3)
1229 1605 1323 1633 Thucyl.
1346 1606 1371 1632 Ι,
1394 1610 1443 1630 ιη.

228 1647 281 1675 (a)
302 1646 363 1667 Plnt.
387 1646 410 1668 in
430 1646 533 1672 Pericle,
555 1650 575 1666 c·
593 1649 617 1667 Π
635 1649 692 1668 (ΧΠ,
861 1643 915 1672 (5)
937 1643 1030 1670 Thucyd,
1050 1646 1094 1673 XV,
1115 1651 1163 1671 102.
1329 1645 1383 1675 (⁶)
1405 1646 1498 1674 Thucyd.
1521 1648 1552 1675 Ι,
1569 1653 1617 1674 ¹⁰3·

1539 2054 1719 2085 SECTIO
