1913 2417
285 187 564 221 RESPONSIO
589 183 638 220 AD
668 186 1022 226 QUAESTIONEM
1050 187 1471 219 PHILOSOPHICAM.
1599 193 1636 225 77

394 515 677 557 PARS
806 512 1374 558 SECUNDA.

270 638 316 662 DE
345 638 645 663 SCEPTICORUM
679 641 728 661 ET
754 641 1100 663 ACADEMICORUM
1126 640 1168 660 IN
1193 628 1495 663 OPPUGNANDISJ

605 692 874 715 DOGMA'rlcxs
900 691 1168 714 DISCRIMINE·

481 812 803 850 C'APUT
889 815 1302 850 PRIMUM.

190 924 237 946 DE
260 925 518 948 bisentulum
547 928 666 949 INTER
692 927 810 948 VARIA
836 927 1109 948 Pinnosorfl-lAE
1135 926 1293 946 GRNRRA
1326 925 1588 959 DIJUDIcAunJ

658 975 891 995 RATloutsus
917 975 958 994 ΕΤ
988 974 1132 993 NORMA·

125 1066 211 1128 Ut
238 1100 426 1138 indagemus,
453 1103 482 1132 in
504 1103 685 1141 Dogmaticis
710 1101 934 1140 oppugnandis,
960 1108 1029 1130 num
1055 1101 1126 1138 quId
1149 1100 1308 1131 interfuerit
1335 1102 1409 1131 inter
1439 1101 1590 1139 Scepticos
1616 1110 1645 1132 et

131 1151 320 1181 Academicos
334 1173 344 1188 ‚
366 1154 448 1189 prius
465 1156 612 1184 criterium
639 1155 780 1192 quoddam
794 1174 804 1189 ,
825 1161 1012 1188 normamque
1035 1153 1181 1190 Judicandi
1208 1153 1336 1181 stabilire
1357 1153 1450 1182 visum
1475 1160 1538 1189 est,
1558 1155 1647 1191 eujus

135 1202 244 1231 auxilio
268 1209 295 1232 et
323 1205 502 1239 quaestionis
529 1206 723 1241 constitutio,
752 1211 780 1234 et
800 1205 862 1241 ejus
891 1204 1050 1233 tractandae
1074 1203 1146 1232 ratio
1171 1204 1321 1232 definiatur
1343 1212 1375 1232 ac
1400 1203 1551 1240 dirigatur.

171 1252 364 1290 Philosophia
398 1264 492 1285 autem
525 1256 737 1286 in‘abstra'cto
768 1261 866 1293 potest
901 1254 1022 1291 spectari
1050 1261 1100 1282 aut
1137 1256 1169 1282 in
1197 1261 1339 1284 concreto.
1388 1254 1487 1283 Altera
1513 1254 1645 1291 ratione,

133 1304 360 1341 philosophiae,
382 1307 416 1335 ab
439 1308 587 1337 hominum
612 1307 782 1337 tractatione
805 1313 950 1340 semotae,
980 1304 1148 1340 notionem,
1178 1306 1299 1341 ejusque
1320 1304 1378 1333 vim
1406 1314 1438 1333 ac
1469 1311 1643 1341 potestatem

131 1354 321 1400 describimus
350 1356 501 1386 universe:
520 1359 630 1397 altera,
651 1358 744 1386 varias
765 1356 826 1386 vias
846 1356 1026 1391 divortiaque
1049 1355 1267 1392 persequimur,
1293 1356 1324 1383 in
1347 1363 1419 1391 quae
1440 1355 1644 1392 philosophiae

131 1405 266 1434 tractatio
286 1405 366 1436 abiit.
408 1407 470 1436 Hac
494 1409 623 1437 diversae
652 1407 822 1443 disciplinae
844 1406 945 1435 multis
973 1406 1149 1435 discriminis
1177 1406 1254 1434 notis
1277 1414 1295 1434 a
1315 1413 1347 1434 se
1369 1405 1491 1435 invicem
1516 1406 1642 1436 distant:

134 1463 208 1491 quae
229 1462 361 1485 notarum
388 1458 588 1494 multiplicitas
609 1459 644 1487 ad
668 1459 763 1494 capita
785 1457 924 1487 nonnulla
948 1464 1047 1493 potest
1069 1457 1179 1494 redigi,
1205 1455 1350 1485 criterium
1364 1477 1376 1492 ‚
1397 1457 1479 1493 quale
1502 1456 1643 1487 desidera·

134 1514 221 1542 mus,
242 1507 410 1544 efficientia,
431 1509 506 1537 unde
530 1518 614 1538 omne
634 1509 703 1537 fluat
725 1509 759 1537 de
780 1515 920 1537 sectarum
944 1507 1078 1536 varietate
1094 1507 1249 1544 judicium.

170 1557 296 1586 Primum
323 1558 411 1594 igitur
433 1559 462 1589 in
483 1568 655 1596 unaquaque
674 1559 859 1595 philosophia
881 1558 987 1594 duplex
1002 1564 1045 1586 est
1070 1557 1284 1592 consideratio,
1305 1560 1450 1587 materias
1463 1567 1496 1588 ac
1511 1559 1642 1595 formae.

132 1607 218 1638 Unde
243 1609 461 1646 disciplinarum
492 1611 611 1640 di⁵sidia
635 1610 781 1647 duplicem
810 1610 915 1638 habent
947 1616 1045 1637 ortum
1072 1616 1104 1636 ac
1127 1607 1284 1643 ditionem,
1315 1609 1446 1637 materiae
1471 1619 1502 1638 ac
1526 1609 1650 1640 formae.

133 1658 191 1688 Est
213 1666 305 1688 autem
329 1661 457 1688 materia
478 1661 601 1698 alicujus
625 1660 846 1698 philosophiae,
876 1666 1073 1696 argumentum
1098 1666 1130 1687 ae
1152 1667 1215 1695 res,
1250 1659 1282 1688 in
1305 1659 1414 1696 quibus
1436 1668 1467 1690 en
1496 1667 1649 1698 versatu532

136 1710 200 1740 sive
224 1719 332 1747 corpus
354 1710 525 1748 effatorum,
546 1712 656 1750 quibus
680 1710 807 1740 auctoris
831 1710 970 1739 sententia
995 1710 1171 1739 continetur.

179 1760 301 1790 Mater-la
326 1761 401 1790 intra
424 1762 494 1791 fines
515 1772 586 1793 suos
609 1770 721 1793 coercet
742 1763 911 1801 principia,
941 1770 957 1791 a
983 1761 1090 1797 quibus
1117 1761 1147 1789 in
1173 1760 1344 1798 disciplinae*
1370 1762 1449 1798 apice
1470 1761 1648 1798 collocatis,

135 1817 228 1840 cetera
262 1820 405 1849 manam3
432 1820 460 1842 et
487 1814 554 1843 haec
590 1816 651 1852 ipsa
679 1814 884 1848 consectaria,
914 1820 1036 1848 quorum
1067 1821 1081 1841 a
1111 1811 1261 1848 principiis
1289 1812 1440 1842 ductorum
1479 1814 1653 1850 complexus

138 1861 284 1891 doctrinae
305 1865 519 1894 universitatem
544 1865 708 1894 constituit.
751 1864 845 1900 lgitur
867 1862 1057 1892 dissensionis
1079 1863 1145 1892 fons
1161 1862 1234 1891 etin
1247 1863 1398 1900 principiis
1413 1864 1504 1894 inesse
1524 1870 1644 1901 potest,

137 1918 167 1940 et
190 1912 220 1941 in
240 1913 385 1949 reliquae,
407 1915 454 1943 cui
477 1916 617 1952 principia
640 1922 796 1951 praesunt,
815 1913 984 1949 disciplinae
1005 1913 1198 1943 institutione.

181 1961 325 1998 Principia
347 1972 459 1999 autem,
482 1966 544 1994 sive
564 1967 647 2002 plura
672 1971 760 2000 sunt,
782 1965 844 1994 sive
869 1972 977 1999 unum,
1004 1965 1107 2000 duplex
1131 1963 1243 1993 faciunt
1260 1971 1369 2000 genus:
1389 1974 1501 2001 proque
1526 1965 1578 1994 hac
1599 1972 1654 2002 ge-

136 2011 215 2043 neris
240 2013 402 2044 diversitate
424 2016 568 2052 duplicem
593 2017 677 2047 etiam
700 2016 804 2045 habent
826 2016 962 2052 regendae
986 2014 1153 2051 disciplinae
1175 2014 1234 2044 vim
1255 2022 1282 2044 et
1302 2017 1511 2045 auctoritatem.
1579 2008 1582 2011 ’

918 2064 945 2095 K
967 2073 983 2102 3
1602 2065 1651 2098 Ex
