1913 2417
704 165 1094 202 onArto.
1598 167 1640 203 ις

206 271 266 301 Rei
286 268 480 312 primariae,
513 274 611 308 quam
636 262 692 295 illa
712 264 746 296 in
764 260 957 295 instituendo
984 261 1141 304 sequitur,
1161 256 1303 302 gravitas
1313 266 1443 299 prorsus
1468 255 1639 298 singularis

167 337 237 358 cum
260 336 387 357 summa
410 321 661 367 probabilitate:

208 381 408 414 Jnexhausta
428 381 462 412 in
490 376 627 410 docendi
652 375 750 407 modo
775 376 902 407 ubertas
927 386 999 406 cum
1015 371 1249 416 jucundissima
1265 372 1442 402 varietate:

207 437 421 470 Admirahilis
452 435 592 478 denique
620 434 655 466 in
693 431 892 477 explicandis
920 432 1011 464 rebus
1037 429 1252 474 perspicuitas
1286 438 1358 458 cum
1385 427 1527 470 ingenua
1560 425 1636 459 εἴητ-

162 495 312 540 plicitate
321 505 332 526 .-

171 619 313 652 quorum
339 607 419 639 illud
439 608 581 651 primum
601 607 640 638 ad
662 617 730 638 rem
759 606 880 649 ipsam,
904 615 928 636 s.
949 610 986 635 ut
1009 602 1100 645 loqui
1125 602 1285 640 solemus,
1316 598 1357 632 ad
1383 599 1429 631 rei
1455 598 1638 637 materiam3

174 665 350 696 secundum
380 671 411 695 et
444 666 574 695 tertium
600 663 640 694 ad
671 663 807 694 formam
832 662 1007 705 pertinere,
1039 667 1070 691 et
1097 659 1159 691 hoc
1185 660 1342 690 sermonis
1369 657 1433 687 mei
1467 666 1636 698 argumen-

169 727 239 752 tum
267 720 330 752 alio
355 731 452 752 sensu
479 720 695 764 bipartitum,
726 719 788 751 alio
828 718 1024 762 tripartitum
1064 727 1154 757 esse,
1191 716 1260 747 sine
1305 713 1526 745 admonitione
1570 721 1640 743 mea

169 776 368 820 intelligitur.

211 833 355 864 Exorsus
382 833 461 866 mihi
486 839 571 864 recte
593 833 705 865 videor
729 845 751 864 a
765 832 916 876 singulari
938 832 985 863 rei
1002 831 1184 875 primariae
1206 831 1240 862 in
1260 831 1291 860 S.
1317 830 1347 861 S.
1371 828 1536 869 expositae
1567 836 1643 870 gra·

168 889 281 928 vitate,
311 900 394 932 quae
420 890 482 921 sibi
507 890 690 932 adjunctam
714 890 809 921 habet
828 888 1117 932 probabilitatam‚
1150 888 1170 917 i.
1193 897 1222 918 e.
1245 896 1345 929 quae,
1371 884 1504 916 simulac
1531 882 1643 925 cogni-

166 950 200 976 ta
223 952 256 976 et
277 945 435 977 intellecta
461 945 540 984 fuit,
572 945 700 989 plenam
731 946 872 977 hominis
898 944 1163 988 approbationem
1197 944 1320 986 optimo
1345 942 1418 984 jure
1443 940 1504 971 sibi
1533 938 1638 970 vindi-

165 1007 227 1032 cat.
271 1003 389 1034 Gravia
408 1002 499 1041 dico,
523 1013 735 1046 quaecunque
761 1013 858 1034 suurn
879 1008 911 1033 et
934 1003 1103 1044 proprium
1129 999 1190 1031 sibi
1214 1000 1354 1044 pretium
1387 996 1527 1033 habent,
1560 994 1643 1026 nulli

168 1057 326 1099 tempori,
357 1057 440 1088 nulli
459 1057 549 1096 loeo,
583 1058 666 1089 nulli
690 1058 869 1089 conditioni
896 1057 1105 1095 adstrictum,
1135 1067 1218 1100 quae
1241 1066 1300 1086 sua
1324 1055 1469 1097 ipsorum
1492 1062 1585 1083 eausa
1611 1056 1643 1082 et

169 1120 300 1157 propter
319 1114 447 1144 insitam
466 1117 687 1157 praestantiam
710 1121 925 1158 expetuntur,
949 1124 1031 1157 quae
1054 1113 1140 1157 apud
1167 1113 1335 1150 homines,
1359 1110 1516 1154 quamdiu
1537 1107 1646 1140 homi-

167 1180 227 1202 nes
250 1177 346 1210 sunt,
368 1171 402 1201 in
424 1178 624 1203 contemtum
655 1172 765 1203 venire
795 1178 986 1214 nequeunt,
1015 1181 1097 1213 quae
1127 1172 1206 1200 scire
1235 1176 1268 1200 et
1300 1176 1407 1200 tenere
1436 1167 1581 1198 omnium
1607 1173 1644 1194 ac

165 1227 373 1270 singulorum
399 1226 493 1259 refert
523 1238 621 1270 quam
655 1228 844 1271 plurimum.
889 1227 976 1257 Talia
1002 1233 1110 1257 autem
1134 1236 1218 1264 esse,
1243 1235 1326 1268 quae
1349 1225 1383 1255 in
1407 1221 1527 1255 Codice
1553 1230 1643 1255 sacro

165 1284 370 1326 consignata,
400 1291 568 1323 enarrata,
602 1285 744 1322 monita,
778 1290 944 1327 praecepta
963 1283 1116 1325 legituus‚
1145 1293 1242 1314 nemo
1271 1281 1362 1313 facile
1384 1278 1558 1311 concedere
1585 1277 1643 1309 du-

165 1339 298 1379 bitabit,
327 1340 402 1384 qui,
431 1341 512 1384 quid
542 1340 580 1372 fit
611 1347 715 1373 totum
735 1340 894 1384 aliquod,
923 1341 982 1371 rite
1013 1340 1198 1377 aestimare,
1230 1345 1262 1370 et
1287 1338 1342 1379 id,
1364 1335 1453 1381 quod
1482 1342 1578 1379 caput
1609 1344 1644 1365 ac

166 1407 327 1429 summam
359 1398 406 1428 rei
427 1399 613 1437 constituit,
638 1399 674 1429 in
701 1399 886 1440 unoquovis
914 1397 1069 1440 scriptore
1098 1406 1116 1427 a
1144 1395 1280 1439 singulis
1305 1402 1337 1426 et
1362 1393 1521 1437 adjunctis
1545 1389 1641 1421 rebus

169 1453 270 1496 probe
291 1454 471 1486 discernere
496 1455 653 1486 didicerit.
707 1454 792 1486 Nam
822 1454 850 1484 si
876 1464 943 1484 non
978 1452 1106 1495 singula
1133 1453 1265 1484 seorsim
1290 1458 1321 1482 et
1348 1447 1499 1479 dissolute
1524 1452 1646 1489 specte-

168 1518 262 1546 mus,
293 1510 347 1539 sed
374 1513 410 1542 in
440 1512 608 1542 universae
638 1512 684 1542 rei
709 1512 867 1542 rationem
898 1509 1129 1540 descendamus
1147 1529 1157 1545 ,
1186 1516 1343 1549 quorsum
1361 1528 1370 1541 ,
1401 1513 1540 1547 quaeso,
1575 1508 1643 1533 ten-

169 1564 270 1600 dunt,
293 1575 360 1607 quo
387 1564 517 1595 tandem
543 1565 651 1595 valent
681 1565 734 1594 illa
764 1570 974 1594 monumenta
1000 1569 1064 1593 tam
1092 1561 1231 1593 mirifico
1264 1561 1363 1593 modo
1387 1572 1427 1592 ex
1455 1561 1644 1602 antiquitate

167 1628 290 1653 servata
320 1627 351 1652 et
377 1621 437 1652 Dei
471 1622 605 1652 numine
631 1620 727 1662 longe
756 1619 881 1663 lateque
907 1619 1101 1662 propagata?
1148 1618 1238 1650 Num
1271 1618 1312 1649 ad
1339 1628 1406 1649 rem
1436 1616 1642 1648 domesticam

165 1677 298 1708 feliciter
333 1678 563 1709 instituendam
593 1683 625 1708 et
662 1676 835 1719 prudenter
864 1675 1175 1707 administrandam?
1229 1675 1354 1706 Habent
1379 1685 1455 1705 sane
1491 1682 1640 1715 magnam

169 1732 261 1765 adid
288 1734 380 1771 vim,
417 1745 500 1777 quae
528 1736 561 1765 in
589 1733 783 1776 quibusdam
818 1732 948 1764 Codicis
980 1733 1062 1763 sacri
1094 1731 1239 1774 partibus
1263 1731 1433 1774 leguntur:
1457 1737 1488 1762 at
1513 1731 1539 1761 si
1566 1729 1640 1772 quis

171 1788 280 1818 omnia
306 1786 351 1818 ibi
375 1798 497 1830 reperta
526 1791 578 1820 tali
596 1790 737 1832 quodam
761 1788 895 1820 consilio
921 1788 1021 1818 literis
1046 1789 1232 1831 consignata
1263 1794 1426 1826 censeret,
1448 1787 1475 1818 is
1503 1792 1557 1817 aut
1574 1792 1643 1816 tur-

170 1854 244 1886 pem
269 1844 482 1887 ignorantiam
501 1845 669 1888 proderet,
694 1854 750 1877 aut
766 1845 1000 1889 providentiam
1016 1844 1159 1876 divinam
1180 1847 1301 1888 ingrate
1316 1847 1507 1876 aestimaret.
1553 1843 1639 1873 Num

169 1900 209 1930 ad
233 1910 299 1931 rem
323 1900 483 1944 publicam
508 1902 601 1943 justis
629 1902 754 1946 legibus
781 1901 981 1933 condendam
1009 1908 1041 1932 et
1066 1902 1200 1945 provide
1221 1901 1486 1945 gubernandam-³
1532 1896 1640 1928 Etiam

169 1955 233 1987 huc
261 1956 400 1989 multum
426 1958 552 1999 valent,
575 1966 606 1992 et
631 1963 657 1993 si
688 1960 752 1992 hue
775 1966 899 1992 tantum
931 1957 1089 1996 valerent,
1113 1968 1221 1989 nonne
1249 1959 1332 1987 hauc
1358 1954 1402 1986 ob
1431 1964 1498 1987 rem
1531 1952 1638 1995 magni

927 2015 952 2045 B
977 2022 994 2055 3
1574 2009 1645 2044 fieri
1677 2001 1680 2003 ’
