1913 2417
679 160 1060 195 oRArlo.
1567 169 1607 205 ¹9

137 253 246 298 (quod
279 259 384 283 tamen
409 261 447 281 ex
477 256 546 281 toto
573 259 661 280 meae
689 249 918 282 dissertationis
952 255 1104 281 contextu
1133 249 1197 292 jam
1232 249 1400 292 appareu)
1425 259 1477 280 me
1500 249 1603 280 Theo-

134 312 236 354 logiae
260 307 358 340 verbo
384 307 436 338 hic
463 306 665 337 theoreticam
704 313 758 338 aut
793 307 1005 350 dogmaticam
1033 307 1230 348 systematice
1257 313 1421 337 tractatam
1447 305 1602 348 intellige·

133 380 189 409 re,
212 376 344 408 eamque
365 375 496 407 prorsus
518 374 534 393 a
561 374 688 393 morum
720 363 865 394 doctrina
897 374 1049 406 separare.
1096 362 1137 393 At
1166 362 1248 394 hanc
1276 374 1406 406 quoque
1429 363 1599 408 separatio·

135 435 208 456 nem
238 433 306 454 non
330 421 405 451 satis
433 420 548 463 respici
570 419 610 450 ab
636 420 805 458 omnibus,
835 427 866 451 et
896 430 1024 450 morum
1055 419 1232 450 doctrinam
1264 419 1362 462 vulgo
1388 430 1405 451 a
1428 419 1604 462 Theologia

133 480 327 525 pendentem
355 477 491 515 censeri,
525 476 611 507 baud
645 478 771 519 ignoro.
823 476 1043 507 Nihilominus
1077 477 1187 507 iterata
1213 482 1497 518 argumentorum,
1521 484 1606 519 quae

133 536 306 582 proposui,
331 545 390 565 nec
419 544 486 565 non
508 533 644 564 aliorum
671 533 925 565 consideratione
957 533 1059 576 magis
1094 533 1259 575 magisque
1289 532 1323 563 in
1349 533 1408 563 ista
1435 544 1503 564 mea
1528 544 1604 564 sen-

134 594 231 626 tentia
257 603 308 622 me
328 589 512 621 confirmari
536 589 659 627 fateor5
683 590 780 633 idque
805 602 844 622 eo
875 590 1040 622 lubentius
1067 590 1256 633 pronunti0‚
1283 599 1349 632 quo
1376 591 1493 621 certius
1521 590 1603 621 mihi

133 650 283 682 videntur
310 647 464 678 uberrimi
488 657 528 677 ex
554 658 589 677 ea
617 646 739 678 fructus
771 647 810 678 ad
834 658 945 679 omnes
972 646 1163 688 Theologiae
1188 651 1291 688 partes
1324 646 1513 679 redundare.
1566 647 1603 678 In

132 707 192 739 hac
221 705 307 737 enim
347 703 429 742 sola,
460 714 511 734 me
536 703 665 746 quidem
697 703 805 746 judice
836 710 866 735 et
899 703 1004 734 omnis
1031 701 1222 744 Theologiae
1247 701 1388 744 dignitas
1410 703 1512 746 posita
1539 709 1603 741 est,

132 769 163 795 et
191 762 360 793 auctoritas
385 760 554 790 imminuta
587 766 812 797 conservatum
842 760 895 790 illa
917 759 1132 791 celsissimum
1158 757 1284 789 futurae
1317 758 1388 801 ejus
1416 760 1604 790 existentiae

133 826 179 851 est
208 819 325 861 pignus
351 823 381 847 et
404 815 495 846 firma
518 815 587 854 lex,
611 826 648 846 ex
675 826 736 858 qua
763 823 915 847 tractetur
942 821 1078 858 oportet.

176 877 286 914 Quum
315 873 412 915 igitur
445 873 688 915 hanc·qu0que
719 874 886 904 scientiam
920 871 1066 904 tradendi
1094 881 1215 903 munus
1249 870 1330 902 mihi
1367 871 1511 904 oblatum
1545 873 1603 912 sit,

133 933 251 963 eximio
276 929 393 961 honori
420 936 450 960 et
481 929 639 972 voluptati
664 929 744 960 mihi
769 931 849 967 erit,
872 930 1034 960 seminarii
1057 929 1160 961 nostri
1186 928 1334 959 alumnos
1361 929 1400 960 ad
1425 941 1493 961 eam
1518 937 1602 962 recte

133 986 359 1020 aestimandam
399 992 430 1017 et
463 985 573 1028 magni
607 985 782 1017 faciendam
819 987 985 1017 instituere
1021 993 1052 1017 et
1083 984 1301 1022 conformare,
1333 992 1364 1016 et
1392 997 1463 1029 spes
1485 998 1536 1018 me
1559 994 1602 1018 te-

133 1051 205 1082 net,
237 1042 323 1080 sore,
358 1048 393 1073 ut
430 1041 539 1080 vobis,
569 1042 762 1074 Auditores!
799 1043 897 1085 hujus
931 1042 1058 1074 consilii
1092 1042 1156 1072 mei
1185 1040 1376 1083 significatio
1402 1053 1470 1073 non
1494 1044 1608 1076 minus

134 1110 231 1144 quam
255 1099 429 1130 sententiae
454 1109 542 1129 meae
567 1098 721 1142 professio
743 1110 810 1130 non
834 1099 970 1130 omnino
1004 1098 1170 1141 depliceat.
1214 1098 1403 1129 Gratissima
1431 1109 1508 1130 sane
1532 1101 1603 1131 ani-

133 1168 190 1189 mo
215 1166 288 1187 meo
312 1154 409 1185 debet
437 1165 504 1185 esse
527 1165 563 1186 ea
585 1156 759 1197 cogitatio:
785 1155 864 1185 mihi
882 1155 1029 1197 quamvis
1051 1160 1151 1185 aetate
1172 1153 1269 1196 paulo
1294 1155 1487 1197 provectiori
1512 1166 1602 1187 man-

132 1213 239 1245 datam
267 1221 334 1242 esse
361 1211 559 1253 provinciam
589 1217 654 1241 tam
678 1211 739 1242 late
769 1218 949 1253 patentem,
974 1217 1037 1241 tam
1069 1210 1256 1247 honestam,
1281 1216 1347 1240 tam
1377 1210 1546 1243 salutarem
1570 1219 1602 1244 et

130 1269 172 1301 ab
196 1280 236 1300 eo
259 1277 412 1304 munere,
434 1277 501 1308 quo
522 1266 688 1308 hucusque
715 1269 749 1298 in
774 1273 838 1297 tam
863 1267 979 1298 illustri
1001 1267 1248 1298 christianorum
1272 1272 1365 1297 coetu
1391 1265 1522 1310 fungor,
1546 1279 1603 1300 ne-

131 1334 294 1369 quaquam
321 1323 467 1354 alienam.
512 1322 741 1354 Concionatori
767 1323 854 1354 enim
888 1333 1057 1366 nunquam
1089 1322 1196 1354 deesse
1226 1328 1331 1364 potest
1360 1324 1507 1363 occasio,
1535 1336 1602 1368 qua

100 1406 104 1410 .
130 1381 172 1414 ad
198 1390 326 1412 morum
358 1378 536 1409 doctrinam
568 1379 662 1409 altius
694 1379 976 1422 investigandam,
1008 1379 1150 1422 penitius
1175 1378 1449 1420 cognoscendam,
1480 1383 1603 1412 rectius>

128 1436 381 1474 aestimandam,
410 1435 574 1465 ardentius
610 1434 819 1466 adamandam
855 1443 990 1474 utatur3
1027 1442 1058 1466 et
1094 1434 1238 1477 quotidie
1272 1433 1336 1466 fere
1375 1440 1604 1478 opportunitas-

133 1493 288 1533 offertur‚
309 1492 547 1535 persuasionem
566 1490 606 1521 de
628 1490 726 1532 hujus
745 1485 914 1523 'doctrinae
941 1491 1147 1535 praestantia,
1167 1492 1276 1522 animo
1296 1498 1500 1534 conceptam,
1523 1504 1602 1524 cum

132 1550 202 1581 aliis
226 1547 486 1579 communicandi
514 1553 546 1577 et
575 1546 684 1589 legum
710 1547 892 1579 divinarum
919 1554 1079 1579 aeternam
1101 1547 1300 1579 sanctitatem
1326 1547 1492 1590 probandi.
1543 1551 1600 1580 Ju,

131 1604 327 1637 cundissima
355 1603 470 1645 pariter
501 1608 531 1632 et
567 1603 754 1645 gravissima
785 1603 948 1634 meditatio
978 1614 1030 1634 me
1061 1609 1253 1645 occupatum
1284 1609 1390 1642 tenet,
1423 1603 1485 1635 hoc
1511 1616 1604 1637 novo>

131 1671 264 1693 munere
293 1659 336 1689 ita
360 1657 542 1700 fungendi,
578 1664 615 1689 ut
646 1659 680 1690 in
715 1659 918 1690 instituendis
953 1660 1115 1691 seminarii
1141 1659 1279 1690 alumnis
1302 1658 1411 1691 officio
1439 1671 1512 1692 meo
1537 1673 1603 1705 pro

128 1716 214 1749 virili
242 1720 330 1758 parte
359 1712 565 1751 satisfaciam,
597 1721 647 1754 et,
678 1716 705 1746 si
732 1715 801 1746 fieri
834 1723 960 1759 potest,
993 1714 1032 1746 ad
1063 1715 1211 1746 ecclesiae
1239 1722 1366 1747 nostrae
1393 1717 1599 1760 euangelicae

133 1772 302 1805 utilitatem
331 1776 363 1801 et
391 1769 525 1801 salutem
557 1776 680 1802 tantum
709 1778 741 1803 et
769 1772 830 1804 tale
855 1772 936 1816 quid
962 1770 1144 1811 conferam,
1175 1771 1263 1814 quod
1284 1772 1379 1803 etiam
1404 1774 1486 1805 vitae
1510 1785 1602 1808 meae

132 1829 285 1860 terminos
308 1826 498 1870 egrediatur.

179 1884 251 1917 Deo
282 1884 380 1926 igitur
411 1889 442 1915 et
475 1884 714 1926 Augustissimo
747 1886 825 1928 Regi
854 1891 987 1925 nostro,
1011 1885 1067 1929 qui
1091 1883 1172 1915 mibi
1200 1883 1444 1918 clementissime
1467 1886 1598 1920 demam·

135 1939 221 1974 invit
245 1940 307 1972 hoc
327 1950 446 1972 munus
460 1963 469 1979 ‚
498 1946 593 1984 atque
618 1940 792 1983 omnibus,
826 1952 907 1986 quos
928 1941 968 1973 ad
992 1941 1074 1974 illud
1095 1940 1308 1974 obtinendum
1330 1941 1469 1975 fautores
1493 1951 1525 1976 et
1548 1944 1598 1975 adh

915 1998 984 2031 Ca
1545 2011 1602 2043 Jus-
