<?xml version="1.0" encoding="UTF-8"?>
<!DOCTYPE html PUBLIC "-//W3C//DTD XHTML 1.0 Transitional//EN"
    "http://www.w3.org/TR/xhtml1/DTD/xhtml1-transitional.dtd">
<html xmlns="http://www.w3.org/1999/xhtml" xml:lang="en" lang="en">
 <head>
  <title>
</title>
<meta http-equiv="Content-Type" content="text/html;charset=utf-8" />
  <meta name='ocr-system' content='tesseract 3.04.00' />
  <meta name='ocr-capabilities' content='ocr_page ocr_carea ocr_par ocr_line ocrx_word'/>
</head>
<body>
  <div class='ocr_page' id='page_1' title='image "annalesacademiae19rijk_0100.png"; bbox 0 0 1913 2417; ppageno 0'>
   <div class='ocr_carea' id='block_1_1' title="bbox 531 596 1490 657">
    <p class='ocr_par' dir='ltr' id='par_1_1' title="bbox 531 596 1490 657">
     <span class='ocr_line' id='line_1_1' title="bbox 531 596 1490 657; baseline 0.001 -2"><span class='ocrx_word' id='word_1_1' title='bbox 531 596 1490 657; x_wconf 85' lang='lat' dir='ltr'><strong>ADNOTATIONES.</strong></span> 
     </span>
    </p>
   </div>
   <div class='ocr_carea' id='block_1_2' title="bbox 241 912 1741 2083">
    <p class='ocr_par' dir='ltr' id='par_1_2' title="bbox 312 912 1738 961">
     <span class='ocr_line' id='line_1_2' title="bbox 312 912 1738 961; baseline 0.003 -15"><span class='ocrx_word' id='word_1_2' title='bbox 312 915 378 955; x_wconf 83' lang='lat'><strong>(¹)</strong></span> <span class='ocrx_word' id='word_1_3' title='bbox 402 912 475 947; x_wconf 90' lang='lat' dir='ltr'><strong>Vid.</strong></span> <span class='ocrx_word' id='word_1_4' title='bbox 505 913 657 948; x_wconf 85' lang='lat' dir='ltr'><strong>Thesaur.</strong></span> <span class='ocrx_word' id='word_1_5' title='bbox 690 914 825 949; x_wconf 86' lang='lat' dir='ltr'><strong>Dissert.</strong></span> <span class='ocrx_word' id='word_1_6' title='bbox 859 918 1085 960; x_wconf 83' lang='lat' dir='ltr'><strong>Programmat.</strong></span> <span class='ocrx_word' id='word_1_7' title='bbox 1117 921 1176 947; x_wconf 88' lang='lat' dir='ltr'><strong>etc.</strong></span> <span class='ocrx_word' id='word_1_8' title='bbox 1217 914 1322 958; x_wconf 82' lang='lat' dir='ltr'>Lugd.</span> <span class='ocrx_word' id='word_1_9' title='bbox 1358 916 1464 948; x_wconf 85' lang='lat' dir='ltr'><strong>Batav.</strong></span> <span class='ocrx_word' id='word_1_10' title='bbox 1495 914 1587 961; x_wconf 82' lang='lat'>1769.</span> <span class='ocrx_word' id='word_1_11' title='bbox 1619 915 1683 950; x_wconf 86' lang='lat' dir='ltr'><strong>vol.</strong></span> <span class='ocrx_word' id='word_1_12' title='bbox 1709 929 1738 950; x_wconf 78' lang='lat'><strong>2.</strong></span> 
     </span>
    </p>

    <p class='ocr_par' dir='ltr' id='par_1_3' title="bbox 241 969 1741 2083">
     <span class='ocr_line' id='line_1_3' title="bbox 267 969 529 1018; baseline -0.011 -13"><span class='ocrx_word' id='word_1_13' title='bbox 267 982 340 1018; x_wconf 71' lang='lat' dir='ltr'><strong>pag.</strong></span> <span class='ocrx_word' id='word_1_14' title='bbox 357 969 438 1009; x_wconf 81' lang='lat'><strong>265,</strong></span> <span class='ocrx_word' id='word_1_15' title='bbox 462 971 529 1010; x_wconf 77' lang='lat' dir='ltr'><strong>4t0.</strong></span> 
     </span>
     <span class='ocr_line' id='line_1_4' title="bbox 311 1025 1739 1072; baseline 0.001 -13"><span class='ocrx_word' id='word_1_16' title='bbox 311 1038 462 1059; x_wconf 70' lang='lat' dir='ltr'><strong>norunt</strong></span> <span class='ocrx_word' id='word_1_17' title='bbox 494 1025 672 1058; x_wconf 84' lang='lat' dir='ltr'><strong>dissertatio</strong></span> <span class='ocrx_word' id='word_1_18' title='bbox 704 1038 813 1059; x_wconf 88' lang='lat' dir='ltr'>ansam</span> <span class='ocrx_word' id='word_1_19' title='bbox 846 1028 974 1060; x_wconf 85' lang='lat' dir='ltr'><strong>videtur</strong></span> <span class='ocrx_word' id='word_1_20' title='bbox 999 1028 1179 1072; x_wconf 79' lang='lat' dir='ltr'>praebuisse</span> <span class='ocrx_word' id='word_1_21' title='bbox 1206 1028 1481 1060; x_wconf 82' lang='lat' dir='ltr'><strong>Commentationi</strong></span> <span class='ocrx_word' id='word_1_22' title='bbox 1518 1028 1592 1060; x_wconf 81' lang='lat' dir='ltr'><strong>clar.</strong></span> <span class='ocrx_word' id='word_1_23' title='bbox 1621 1039 1739 1061; x_wconf 66' lang='lat' dir='ltr'><strong>wais-</strong></span> 
     </span>
     <span class='ocr_line' id='line_1_5' title="bbox 265 1080 1741 1127; baseline 0.001 -13"><span class='ocrx_word' id='word_1_24' title='bbox 265 1093 371 1114; x_wconf 74' lang='lat' dir='ltr'><strong>nznc</strong></span> <span class='ocrx_word' id='word_1_25' title='bbox 385 1093 417 1113; x_wconf 90' lang='lat'><strong>11</strong></span> <span class='ocrx_word' id='word_1_26' title='bbox 453 1080 495 1113; x_wconf 85' lang='lat' dir='ltr'><strong>de</strong></span> <span class='ocrx_word' id='word_1_27' title='bbox 522 1083 781 1115; x_wconf 81' lang='lat' dir='ltr'><strong>membranarum</strong></span> <span class='ocrx_word' id='word_1_28' title='bbox 814 1095 854 1115; x_wconf 87' lang='lat' dir='ltr'><strong>ac</strong></span> <span class='ocrx_word' id='word_1_29' title='bbox 882 1085 1118 1117; x_wconf 78' lang='lat' dir='ltr'><em>involucrorum</em></span> <span class='ocrx_word' id='word_1_30' title='bbox 1151 1096 1178 1116; x_wconf 90' lang='lat' dir='ltr'><strong>c.</strong></span> <span class='ocrx_word' id='word_1_31' title='bbox 1200 1096 1233 1117; x_wconf 86' lang='lat'><strong>11.</strong></span> <span class='ocrx_word' id='word_1_32' title='bbox 1274 1084 1561 1117; x_wconf 70' lang='lat' dir='ltr'><strong>continuationibus</strong></span> <span class='ocrx_word' id='word_1_33' title='bbox 1579 1108 1588 1124; x_wconf 86' lang='lat'><em>,</em></span> <span class='ocrx_word' id='word_1_34' title='bbox 1618 1087 1741 1127; x_wconf 77' lang='lat' dir='ltr'><strong>partim</strong></span> 
     </span>
     <span class='ocr_line' id='line_1_6' title="bbox 265 1137 1739 1185; baseline 0.003 -16"><span class='ocrx_word' id='word_1_35' title='bbox 265 1137 387 1177; x_wconf 66' lang='lat' dir='ltr'><strong>dabitis,</strong></span> <span class='ocrx_word' id='word_1_36' title='bbox 399 1141 522 1180; x_wconf 77' lang='lat' dir='ltr'><strong>partim</strong></span> <span class='ocrx_word' id='word_1_37' title='bbox 541 1140 626 1171; x_wconf 75' lang='lat' dir='ltr'><strong>veris.</strong></span> <span class='ocrx_word' id='word_1_38' title='bbox 672 1142 719 1172; x_wconf 88' lang='lat' dir='ltr'><strong>De</strong></span> <span class='ocrx_word' id='word_1_39' title='bbox 739 1141 806 1185; x_wconf 88' lang='lat' dir='ltr'><strong>ipsa</strong></span> <span class='ocrx_word' id='word_1_40' title='bbox 829 1152 978 1173; x_wconf 64' lang='lat' dir='ltr'><strong>sommi</strong></span> <span class='ocrx_word' id='word_1_41' title='bbox 1007 1141 1229 1172; x_wconf 81' lang='lat' dir='ltr'>dissertatione</span> <span class='ocrx_word' id='word_1_42' title='bbox 1253 1139 1408 1183; x_wconf 83' lang='lat' dir='ltr'><strong>loquens,</strong></span> <span class='ocrx_word' id='word_1_43' title='bbox 1431 1141 1482 1172; x_wconf 90' lang='lat' dir='ltr'><strong>his</strong></span> <span class='ocrx_word' id='word_1_44' title='bbox 1497 1140 1604 1173; x_wconf 85' lang='lat' dir='ltr'><strong>verbis</strong></span> <span class='ocrx_word' id='word_1_45' title='bbox 1626 1142 1739 1174; x_wconf 83' lang='lat' dir='ltr'><strong>utitur.</strong></span> 
     </span>
     <span class='ocr_line' id='line_1_7' title="bbox 264 1194 1741 1241; baseline 0.004 -17"><span class='ocrx_word' id='word_1_46' title='bbox 264 1207 279 1224; x_wconf 70' lang='grc' dir='ltr'><strong>α</strong></span> <span class='ocrx_word' id='word_1_47' title='bbox 306 1195 458 1226; x_wconf 86' lang='lat' dir='ltr'><em>Omnibus</em></span> <span class='ocrx_word' id='word_1_48' title='bbox 483 1205 561 1225; x_wconf 84' lang='lat' dir='ltr'><strong>vero</strong></span> <span class='ocrx_word' id='word_1_49' title='bbox 591 1194 740 1237; x_wconf 84' lang='lat' dir='ltr'><em>palmam</em></span> <span class='ocrx_word' id='word_1_50' title='bbox 764 1201 943 1240; x_wconf 75' lang='lat' dir='ltr'><em>praeripuit</em></span> <span class='ocrx_word' id='word_1_51' title='bbox 971 1198 1014 1233; x_wconf 70' lang='lat' dir='ltr'><strong>ill.</strong></span> <span class='ocrx_word' id='word_1_52' title='bbox 1039 1209 1165 1236; x_wconf 67' lang='lat' dir='ltr'><strong>nomn,</strong></span> <span class='ocrx_word' id='word_1_53' title='bbox 1195 1196 1518 1230; x_wconf 75' lang='lat' dir='ltr'><strong>Amstelaedamensis</strong></span> <span class='ocrx_word' id='word_1_54' title='bbox 1547 1196 1680 1241; x_wconf 80' lang='lat' dir='ltr'><strong>diligens</strong></span> <span class='ocrx_word' id='word_1_55' title='bbox 1709 1204 1741 1230; x_wconf 79' lang='lat' dir='ltr'><strong>et</strong></span> 
     </span>
     <span class='ocr_line' id='line_1_8' title="bbox 265 1251 1740 1297; baseline 0.004 -17"><span class='ocrx_word' id='word_1_56' title='bbox 265 1263 280 1280; x_wconf 77' lang='lat' dir='ltr'><strong>&lt;t</strong></span> <span class='ocrx_word' id='word_1_57' title='bbox 302 1253 475 1293; x_wconf 76' lang='lat' dir='ltr'><strong>ingeniosus</strong></span> <span class='ocrx_word' id='word_1_58' title='bbox 500 1251 632 1290; x_wconf 65' lang='lat' dir='ltr'><strong>incisor,</strong></span> <span class='ocrx_word' id='word_1_59' title='bbox 659 1254 716 1295; x_wconf 77' lang='lat' dir='ltr'><strong>qui</strong></span> <span class='ocrx_word' id='word_1_60' title='bbox 740 1255 772 1284; x_wconf 84' lang='lat' dir='ltr'><strong>in</strong></span> <span class='ocrx_word' id='word_1_61' title='bbox 789 1253 926 1295; x_wconf 74' lang='lat' dir='ltr'><strong>juvenili</strong></span> <span class='ocrx_word' id='word_1_62' title='bbox 950 1252 1098 1297; x_wconf 80' lang='lat' dir='ltr'><em>equidem</em></span> <span class='ocrx_word' id='word_1_63' title='bbox 1125 1260 1246 1291; x_wconf 81' lang='lat' dir='ltr'><strong>aetate,</strong></span> <span class='ocrx_word' id='word_1_64' title='bbox 1273 1254 1414 1286; x_wconf 79' lang='lat' dir='ltr'><strong>masculo</strong></span> <span class='ocrx_word' id='word_1_65' title='bbox 1439 1261 1471 1285; x_wconf 81' lang='lat' dir='ltr'><strong>ec</strong></span> <span class='ocrx_word' id='word_1_66' title='bbox 1492 1261 1619 1285; x_wconf 80' lang='lat' dir='ltr'><strong>maturo</strong></span> <span class='ocrx_word' id='word_1_67' title='bbox 1645 1263 1740 1296; x_wconf 80' lang='lat' dir='ltr'><strong>opere</strong></span> 
     </span>
     <span class='ocr_line' id='line_1_9' title="bbox 241 1297 1736 1350; baseline 0.003 -14"><span class='ocrx_word' id='word_1_68' title='bbox 241 1297 280 1336; x_wconf 73' lang='grc' dir='ltr'><strong>ἰι</strong></span> <span class='ocrx_word' id='word_1_69' title='bbox 302 1307 435 1339; x_wconf 78' lang='lat' dir='ltr'><strong>multum</strong></span> <span class='ocrx_word' id='word_1_70' title='bbox 457 1307 535 1339; x_wconf 73' lang='lat' dir='ltr'><em>lucis</em></span> <span class='ocrx_word' id='word_1_71' title='bbox 555 1308 704 1350; x_wconf 80' lang='lat' dir='ltr'><strong>sparsic&#39;&#39;.</strong></span> <span class='ocrx_word' id='word_1_72' title='bbox 750 1309 823 1342; x_wconf 87' lang='lat' dir='ltr'><strong>Vid.</strong></span> <span class='ocrx_word' id='word_1_73' title='bbox 847 1321 967 1342; x_wconf 75' lang='lat' dir='ltr'><strong>nENR.</strong></span> <span class='ocrx_word' id='word_1_74' title='bbox 992 1322 1083 1342; x_wconf 77' lang='lat' dir='ltr'><strong>Auo.</strong></span> <span class='ocrx_word' id='word_1_75' title='bbox 1108 1321 1337 1345; x_wconf 69' lang='lat' dir='ltr'><strong>wmsnzne.</strong></span> <span class='ocrx_word' id='word_1_76' title='bbox 1361 1309 1448 1342; x_wconf 74' lang='lat' dir='ltr'><em>Phil.</em></span> <span class='ocrx_word' id='word_1_77' title='bbox 1477 1317 1509 1341; x_wconf 81' lang='lat' dir='ltr'><strong>ec</strong></span> <span class='ocrx_word' id='word_1_78' title='bbox 1531 1309 1619 1343; x_wconf 83' lang='lat' dir='ltr'><strong>Med.</strong></span> <span class='ocrx_word' id='word_1_79' title='bbox 1639 1311 1736 1344; x_wconf 84' lang='lat' dir='ltr'><strong>Doct.</strong></span> 
     </span>
     <span class='ocr_line' id='line_1_10' title="bbox 264 1362 1735 1412; baseline 0.003 -17"><span class='ocrx_word' id='word_1_80' title='bbox 264 1371 324 1395; x_wconf 82' lang='lat' dir='ltr'><strong>ete.</strong></span> <span class='ocrx_word' id='word_1_81' title='bbox 349 1370 407 1395; x_wconf 89' lang='lat' dir='ltr'><strong>etc.</strong></span> <span class='ocrx_word' id='word_1_82' title='bbox 439 1362 561 1406; x_wconf 70' lang='lat' dir='ltr'><strong>Sylloge</strong></span> <span class='ocrx_word' id='word_1_83' title='bbox 578 1367 883 1398; x_wconf 80' lang='lat' dir='ltr'><em>commentationum</em></span> <span class='ocrx_word' id='word_1_84' title='bbox 899 1369 1178 1406; x_wconf 74' lang='lat' dir='ltr'><strong>anatomicamm,</strong></span> <span class='ocrx_word' id='word_1_85' title='bbox 1202 1370 1365 1412; x_wconf 84' lang='lat' dir='ltr'><strong>Goetting.</strong></span> <span class='ocrx_word' id='word_1_86' title='bbox 1385 1367 1477 1409; x_wconf 82' lang='lat'><strong>1786.</strong></span> <span class='ocrx_word' id='word_1_87' title='bbox 1501 1368 1565 1405; x_wconf 77' lang='lat' dir='ltr'><strong>4to.</strong></span> <span class='ocrx_word' id='word_1_88' title='bbox 1590 1377 1662 1410; x_wconf 83' lang='lat' dir='ltr'>pag.</span> <span class='ocrx_word' id='word_1_89' title='bbox 1684 1376 1735 1410; x_wconf 80' lang='lat'><strong>15.</strong></span> 
     </span>
     <span class='ocr_line' id='line_1_11' title="bbox 264 1420 1737 1467; baseline 0.001 -15"><span class='ocrx_word' id='word_1_90' title='bbox 264 1420 398 1452; x_wconf 89' lang='lat' dir='ltr'><strong>Cousuli</strong></span> <span class='ocrx_word' id='word_1_91' title='bbox 436 1420 531 1451; x_wconf 82' lang='lat' dir='ltr'><strong>etiam</strong></span> <span class='ocrx_word' id='word_1_92' title='bbox 568 1429 708 1454; x_wconf 85' lang='lat' dir='ltr'><strong>meretur</strong></span> <span class='ocrx_word' id='word_1_93' title='bbox 739 1422 827 1465; x_wconf 91' lang='lat' dir='ltr'><strong>quod</strong></span> <span class='ocrx_word' id='word_1_94' title='bbox 853 1423 1048 1467; x_wconf 87' lang='lat' dir='ltr'><strong>scripserunt</strong></span> <span class='ocrx_word' id='word_1_95' title='bbox 1076 1423 1116 1455; x_wconf 90' lang='lat' dir='ltr'><strong>de</strong></span> <span class='ocrx_word' id='word_1_96' title='bbox 1142 1424 1201 1456; x_wconf 86' lang='lat' dir='ltr'><strong>hac</strong></span> <span class='ocrx_word' id='word_1_97' title='bbox 1227 1425 1446 1457; x_wconf 82' lang='lat' dir='ltr'><strong>dissertatione</strong></span> <span class='ocrx_word' id='word_1_98' title='bbox 1472 1427 1625 1455; x_wconf 88' lang='lat' dir='ltr'><strong>Auctores</strong></span> <span class='ocrx_word' id='word_1_99' title='bbox 1649 1433 1737 1454; x_wconf 85' lang='lat' dir='ltr'><em>com·</em></span> 
     </span>
     <span class='ocr_line' id='line_1_12' title="bbox 258 1475 1737 1523; baseline 0.003 -15"><span class='ocrx_word' id='word_1_100' title='bbox 258 1483 354 1508; x_wconf 84' lang='lat' dir='ltr'><strong>ment.</strong></span> <span class='ocrx_word' id='word_1_101' title='bbox 374 1475 415 1507; x_wconf 79' lang='lat' dir='ltr'><strong>de</strong></span> <span class='ocrx_word' id='word_1_102' title='bbox 432 1476 521 1508; x_wconf 82' lang='lat' dir='ltr'><strong>rebus</strong></span> <span class='ocrx_word' id='word_1_103' title='bbox 540 1477 575 1508; x_wconf 79' lang='lat' dir='ltr'><strong>in</strong></span> <span class='ocrx_word' id='word_1_104' title='bbox 588 1479 721 1510; x_wconf 73' lang='lat' dir='ltr'><strong>scientia</strong></span> <span class='ocrx_word' id='word_1_105' title='bbox 742 1479 885 1510; x_wconf 66' lang='lat' dir='ltr'><strong>naturale·</strong></span> <span class='ocrx_word' id='word_1_106' title='bbox 899 1486 930 1511; x_wconf 85' lang='lat' dir='ltr'><strong>et</strong></span> <span class='ocrx_word' id='word_1_107' title='bbox 949 1479 1093 1511; x_wconf 72' lang='lat' dir='ltr'><strong>medicae</strong></span> <span class='ocrx_word' id='word_1_108' title='bbox 1109 1481 1204 1522; x_wconf 75' lang='lat' dir='ltr'><strong>gestis</strong></span> <span class='ocrx_word' id='word_1_109' title='bbox 1219 1483 1309 1514; x_wconf 72' lang='lat' dir='ltr'><strong>Toni.</strong></span> <span class='ocrx_word' id='word_1_110' title='bbox 1326 1481 1417 1514; x_wconf 79' lang='lat' dir='ltr'><strong>XIII.</strong></span> <span class='ocrx_word' id='word_1_111' title='bbox 1433 1480 1515 1523; x_wconf 82' lang='lat' dir='ltr'><strong>parti</strong></span> <span class='ocrx_word' id='word_1_112' title='bbox 1533 1479 1556 1512; x_wconf 87' lang='lat'><strong>1.</strong></span> <span class='ocrx_word' id='word_1_113' title='bbox 1572 1489 1643 1522; x_wconf 84' lang='lat' dir='ltr'><strong>pag.</strong></span> <span class='ocrx_word' id='word_1_114' title='bbox 1665 1478 1737 1512; x_wconf 63' lang='lat'><strong>1132</strong></span> 
     </span>
     <span class='ocr_line' id='line_1_13' title="bbox 307 1529 1738 1578; baseline 0.002 -15"><span class='ocrx_word' id='word_1_115' title='bbox 307 1533 352 1563; x_wconf 84' lang='lat' dir='ltr'><strong>Ita</strong></span> <span class='ocrx_word' id='word_1_116' title='bbox 381 1531 461 1562; x_wconf 88' lang='lat' dir='ltr'><strong>mihi</strong></span> <span class='ocrx_word' id='word_1_117' title='bbox 486 1533 580 1563; x_wconf 86' lang='lat' dir='ltr'><strong>etiam</strong></span> <span class='ocrx_word' id='word_1_118' title='bbox 605 1534 728 1565; x_wconf 86' lang='lat' dir='ltr'><strong>videtur</strong></span> <span class='ocrx_word' id='word_1_119' title='bbox 756 1537 846 1567; x_wconf 86' lang='lat' dir='ltr'><strong>Doct.</strong></span> <span class='ocrx_word' id='word_1_120' title='bbox 870 1547 901 1569; x_wconf 86' lang='lat' dir='ltr'><strong>x.</strong></span> <span class='ocrx_word' id='word_1_121' title='bbox 927 1546 1086 1567; x_wconf 72' lang='lat' dir='ltr'><strong>BranT</strong></span> <span class='ocrx_word' id='word_1_122' title='bbox 1108 1537 1142 1568; x_wconf 89' lang='lat' dir='ltr'><strong>in</strong></span> <span class='ocrx_word' id='word_1_123' title='bbox 1170 1529 1265 1569; x_wconf 75' lang='grc' dir='ltr'><em>ινάίιέ</em></span> <span class='ocrx_word' id='word_1_124' title='bbox 1290 1538 1345 1569; x_wconf 84' lang='lat' dir='ltr'><strong>des</strong></span> <span class='ocrx_word' id='word_1_125' title='bbox 1365 1537 1568 1569; x_wconf 80' lang='lat' dir='ltr'><strong>Membranes</strong></span> <span class='ocrx_word' id='word_1_126' title='bbox 1584 1546 1624 1566; x_wconf 85' lang='lat' dir='ltr'><strong>en</strong></span> <span class='ocrx_word' id='word_1_127' title='bbox 1639 1537 1738 1578; x_wconf 65' lang='lat' dir='ltr'><strong>gend·</strong></span> 
     </span>
     <span class='ocr_line' id='line_1_14' title="bbox 263 1587 1737 1634; baseline 0.004 -17"><span class='ocrx_word' id='word_1_128' title='bbox 263 1587 315 1618; x_wconf 84' lang='lat' dir='ltr'><strong>ml</strong></span> <span class='ocrx_word' id='word_1_129' title='bbox 338 1594 369 1619; x_wconf 84' lang='lat' dir='ltr'><strong>et</strong></span> <span class='ocrx_word' id='word_1_130' title='bbox 397 1587 437 1618; x_wconf 84' lang='lat' dir='ltr'><strong>de</strong></span> <span class='ocrx_word' id='word_1_131' title='bbox 464 1587 595 1620; x_wconf 79' lang='lat' dir='ltr'><strong>diverses</strong></span> <span class='ocrx_word' id='word_1_132' title='bbox 617 1591 820 1622; x_wconf 67' lang='lat' dir='ltr'><strong>Blembranes</strong></span> <span class='ocrx_word' id='word_1_133' title='bbox 844 1603 883 1623; x_wconf 82' lang='lat' dir='ltr'><strong>en</strong></span> <span class='ocrx_word' id='word_1_134' title='bbox 911 1592 1109 1634; x_wconf 79' lang='lat' dir='ltr'><strong>particulier.</strong></span> <span class='ocrx_word' id='word_1_135' title='bbox 1140 1595 1232 1626; x_wconf 78' lang='lat' dir='ltr'><strong>Paris</strong></span> <span class='ocrx_word' id='word_1_136' title='bbox 1250 1605 1295 1625; x_wconf 85' lang='lat' dir='ltr'><strong>an</strong></span> <span class='ocrx_word' id='word_1_137' title='bbox 1314 1593 1415 1632; x_wconf 83' lang='lat' dir='ltr'><strong>VIII,</strong></span> <span class='ocrx_word' id='word_1_138' title='bbox 1437 1603 1475 1623; x_wconf 87' lang='lat' dir='ltr'><strong>ex</strong></span> <span class='ocrx_word' id='word_1_139' title='bbox 1502 1590 1561 1622; x_wconf 86' lang='lat' dir='ltr'><strong>hac</strong></span> <span class='ocrx_word' id='word_1_140' title='bbox 1588 1601 1737 1623; x_wconf 62' lang='lat' dir='ltr'><strong>noman</strong></span> 
     </span>
     <span class='ocr_line' id='line_1_15' title="bbox 263 1644 1734 1691; baseline 0.002 -16"><span class='ocrx_word' id='word_1_141' title='bbox 263 1645 423 1675; x_wconf 85' lang='lat' dir='ltr'><strong>Dissertat.</strong></span> <span class='ocrx_word' id='word_1_142' title='bbox 453 1644 553 1675; x_wconf 84' lang='lat' dir='ltr'><strong>multa</strong></span> <span class='ocrx_word' id='word_1_143' title='bbox 583 1645 742 1684; x_wconf 81' lang='lat' dir='ltr'><strong>hausisse,</strong></span> <span class='ocrx_word' id='word_1_144' title='bbox 774 1659 856 1690; x_wconf 81' lang='lat' dir='ltr'><strong>quae</strong></span> <span class='ocrx_word' id='word_1_145' title='bbox 888 1649 922 1679; x_wconf 88' lang='lat' dir='ltr'><strong>in</strong></span> <span class='ocrx_word' id='word_1_146' title='bbox 948 1648 1008 1679; x_wconf 82' lang='lat' dir='ltr'><strong>hac</strong></span> <span class='ocrx_word' id='word_1_147' title='bbox 1033 1651 1302 1681; x_wconf 76' lang='lat' dir='ltr'><strong>commentatione</strong></span> <span class='ocrx_word' id='word_1_148' title='bbox 1334 1656 1486 1691; x_wconf 83' lang='lat' dir='ltr'><strong>tanquam</strong></span> <span class='ocrx_word' id='word_1_149' title='bbox 1516 1647 1610 1689; x_wconf 86' lang='lat' dir='ltr'><strong>plane</strong></span> <span class='ocrx_word' id='word_1_150' title='bbox 1635 1657 1734 1686; x_wconf 83' lang='lat' dir='ltr'><strong>nova,</strong></span> 
     </span>
     <span class='ocr_line' id='line_1_16' title="bbox 263 1698 1735 1746; baseline 0.003 -15"><span class='ocrx_word' id='word_1_151' title='bbox 263 1699 315 1731; x_wconf 74' lang='lat' dir='ltr'><strong>vel</strong></span> <span class='ocrx_word' id='word_1_152' title='bbox 349 1698 388 1729; x_wconf 80' lang='lat' dir='ltr'><strong>ab</strong></span> <span class='ocrx_word' id='word_1_153' title='bbox 414 1699 484 1741; x_wconf 85' lang='lat' dir='ltr'><strong>ipso</strong></span> <span class='ocrx_word' id='word_1_154' title='bbox 512 1707 640 1732; x_wconf 82' lang='lat' dir='ltr'><strong>auctore</strong></span> <span class='ocrx_word' id='word_1_155' title='bbox 672 1705 864 1746; x_wconf 79' lang='lat' dir='ltr'><strong>excogitata,</strong></span> <span class='ocrx_word' id='word_1_156' title='bbox 888 1705 1101 1745; x_wconf 82' lang='lat' dir='ltr'><strong>reperiuntur.</strong></span> <span class='ocrx_word' id='word_1_157' title='bbox 1146 1707 1224 1737; x_wconf 84' lang='lat' dir='ltr'><strong>Doc.</strong></span> <span class='ocrx_word' id='word_1_158' title='bbox 1253 1713 1516 1741; x_wconf 73' lang='lat' dir='ltr'><strong>nlcuunAND,</strong></span> <span class='ocrx_word' id='word_1_159' title='bbox 1540 1701 1623 1733; x_wconf 89' lang='lat' dir='ltr'>hanc</span> <span class='ocrx_word' id='word_1_160' title='bbox 1644 1713 1735 1733; x_wconf 88' lang='lat' dir='ltr'><strong>com-</strong></span> 
     </span>
     <span class='ocr_line' id='line_1_17' title="bbox 263 1756 1733 1799; baseline 0.003 -12"><span class='ocrx_word' id='word_1_161' title='bbox 263 1756 490 1787; x_wconf 83' lang='lat' dir='ltr'><strong>mentationem</strong></span> <span class='ocrx_word' id='word_1_162' title='bbox 530 1757 652 1799; x_wconf 79' lang='lat' dir='ltr'><strong>analysi</strong></span> <span class='ocrx_word' id='word_1_163' title='bbox 695 1759 820 1790; x_wconf 80' lang='lat' dir='ltr'><strong>criticae</strong></span> <span class='ocrx_word' id='word_1_164' title='bbox 858 1759 1049 1791; x_wconf 81' lang='lat' dir='ltr'><strong>submittens</strong></span> <span class='ocrx_word' id='word_1_165' title='bbox 1066 1783 1076 1799; x_wconf 93' lang='lat'>‚</span> <span class='ocrx_word' id='word_1_166' title='bbox 1108 1760 1231 1792; x_wconf 88' lang='lat' dir='ltr'><strong>debitas</strong></span> <span class='ocrx_word' id='word_1_167' title='bbox 1271 1761 1381 1793; x_wconf 85' lang='lat' dir='ltr'><strong>laudes</strong></span> <span class='ocrx_word' id='word_1_168' title='bbox 1418 1769 1576 1791; x_wconf 72' lang='lat' dir='ltr'><strong>noumo</strong></span> <span class='ocrx_word' id='word_1_169' title='bbox 1610 1758 1733 1791; x_wconf 84' lang='lat' dir='ltr'><strong>tribuit.</strong></span> 
     </span>
     <span class='ocr_line' id='line_1_18' title="bbox 262 1811 1735 1859; baseline 0.003 -16"><span class='ocrx_word' id='word_1_170' title='bbox 262 1814 348 1843; x_wconf 75' lang='lat' dir='ltr'><strong>Inter</strong></span> <span class='ocrx_word' id='word_1_171' title='bbox 378 1811 436 1842; x_wconf 77' lang='lat' dir='ltr'><strong>alia</strong></span> <span class='ocrx_word' id='word_1_172' title='bbox 469 1823 543 1843; x_wconf 89' lang='lat' dir='ltr'><strong>cum</strong></span> <span class='ocrx_word' id='word_1_173' title='bbox 576 1813 616 1844; x_wconf 88' lang='lat' dir='ltr'><strong>de</strong></span> <span class='ocrx_word' id='word_1_174' title='bbox 650 1814 859 1846; x_wconf 75' lang='lat' dir='ltr'><strong>arachnoidea</strong></span> <span class='ocrx_word' id='word_1_175' title='bbox 893 1815 1055 1859; x_wconf 85' lang='lat' dir='ltr'><strong>loquitur,</strong></span> <span class='ocrx_word' id='word_1_176' title='bbox 1085 1816 1136 1848; x_wconf 87' lang='lat' dir='ltr'><strong>his</strong></span> <span class='ocrx_word' id='word_1_177' title='bbox 1166 1817 1272 1849; x_wconf 82' lang='lat' dir='ltr'><strong>verbis</strong></span> <span class='ocrx_word' id='word_1_178' title='bbox 1307 1820 1409 1849; x_wconf 87' lang='lat' dir='ltr'><strong>utitur</strong></span> <span class='ocrx_word' id='word_1_179' title='bbox 1422 1837 1596 1851; x_wconf 84' lang='grc'><strong>.......</strong></span> <span class='ocrx_word' id='word_1_180' title='bbox 1634 1814 1660 1846; x_wconf 79' lang='grc' dir='ltr'><strong>ΙΙ</strong></span> <span class='ocrx_word' id='word_1_181' title='bbox 1687 1822 1735 1847; x_wconf 78' lang='lat' dir='ltr'><strong>est</strong></span> 
     </span>
     <span class='ocr_line' id='line_1_19' title="bbox 260 1866 1735 1917; baseline 0.004 -21"><span class='ocrx_word' id='word_1_182' title='bbox 260 1867 328 1898; x_wconf 84' lang='lat' dir='ltr'><strong>bon</strong></span> <span class='ocrx_word' id='word_1_183' title='bbox 351 1866 390 1897; x_wconf 85' lang='lat' dir='ltr'><strong>de</strong></span> <span class='ocrx_word' id='word_1_184' title='bbox 418 1868 563 1910; x_wconf 81' lang='lat' dir='ltr'><strong>rappeler</strong></span> <span class='ocrx_word' id='word_1_185' title='bbox 592 1880 655 1912; x_wconf 86' lang='lat' dir='ltr'><strong>que</strong></span> <span class='ocrx_word' id='word_1_186' title='bbox 684 1870 763 1902; x_wconf 80' lang='lat' dir='ltr'><strong>dans</strong></span> <span class='ocrx_word' id='word_1_187' title='bbox 789 1871 817 1902; x_wconf 85' lang='lat' dir='ltr'><strong>la</strong></span> <span class='ocrx_word' id='word_1_188' title='bbox 849 1871 1049 1903; x_wconf 76' lang='lat' dir='ltr'><strong>dissertation</strong></span> <span class='ocrx_word' id='word_1_189' title='bbox 1083 1872 1155 1915; x_wconf 83' lang='lat' dir='ltr'><strong>deja</strong></span> <span class='ocrx_word' id='word_1_190' title='bbox 1185 1874 1264 1905; x_wconf 61' lang='lat' dir='ltr'><strong>cited</strong></span> <span class='ocrx_word' id='word_1_191' title='bbox 1294 1877 1384 1917; x_wconf 78' lang='lat' dir='ltr'>(pag.</span> <span class='ocrx_word' id='word_1_192' title='bbox 1403 1871 1480 1911; x_wconf 73' lang='grc' dir='ltr'><strong>δι.)</strong></span> <span class='ocrx_word' id='word_1_193' title='bbox 1505 1882 1630 1910; x_wconf 64' lang='lat' dir='ltr'><strong>noun,</strong></span> <span class='ocrx_word' id='word_1_194' title='bbox 1653 1882 1735 1903; x_wconf 86' lang='lat' dir='ltr'><strong>vou-</strong></span> 
     </span>
     <span class='ocr_line' id='line_1_20' title="bbox 262 1923 1732 1972; baseline 0.003 -19"><span class='ocrx_word' id='word_1_195' title='bbox 262 1923 329 1954; x_wconf 77' lang='lat' dir='ltr'><strong>lant</strong></span> <span class='ocrx_word' id='word_1_196' title='bbox 360 1933 496 1965; x_wconf 85' lang='lat' dir='ltr'><strong>prouver</strong></span> <span class='ocrx_word' id='word_1_197' title='bbox 523 1936 586 1967; x_wconf 84' lang='lat' dir='ltr'><strong>que</strong></span> <span class='ocrx_word' id='word_1_198' title='bbox 620 1926 829 1960; x_wconf 79' lang='lat' dir='ltr'><strong>l’arachno&#39;ide</strong></span> <span class='ocrx_word' id='word_1_199' title='bbox 862 1938 894 1960; x_wconf 90' lang='lat' dir='ltr'><strong>se</strong></span> <span class='ocrx_word' id='word_1_200' title='bbox 929 1935 1094 1972; x_wconf 87' lang='lat' dir='ltr'><strong>comporte</strong></span> <span class='ocrx_word' id='word_1_201' title='bbox 1125 1929 1343 1962; x_wconf 81' lang='lat' dir='ltr'><strong>relativement</strong></span> <span class='ocrx_word' id='word_1_202' title='bbox 1367 1940 1408 1960; x_wconf 80' lang='lat' dir='ltr'><strong>au</strong></span> <span class='ocrx_word' id='word_1_203' title='bbox 1431 1938 1583 1965; x_wconf 66' lang='lat' dir='ltr'><strong>cervezm,</strong></span> <span class='ocrx_word' id='word_1_204' title='bbox 1606 1938 1732 1959; x_wconf 85' lang='lat' dir='ltr'><strong>comme</strong></span> 
     </span>
     <span class='ocr_line' id='line_1_21' title="bbox 264 1978 1733 2029; baseline 0.003 -19"><span class='ocrx_word' id='word_1_205' title='bbox 264 1978 293 2010; x_wconf 82' lang='lat' dir='ltr'><strong>le</strong></span> <span class='ocrx_word' id='word_1_206' title='bbox 326 1979 481 2022; x_wconf 76' lang='lat' dir='ltr'><strong>perimine</strong></span> <span class='ocrx_word' id='word_1_207' title='bbox 512 1992 568 2024; x_wconf 81' lang='lat' dir='ltr'><strong>par</strong></span> <span class='ocrx_word' id='word_1_208' title='bbox 598 1991 728 2027; x_wconf 82' lang='lat' dir='ltr'><strong>rapport</strong></span> <span class='ocrx_word' id='word_1_209' title='bbox 758 1995 819 2016; x_wconf 85' lang='lat' dir='ltr'><strong>aux</strong></span> <span class='ocrx_word' id='word_1_210' title='bbox 853 1985 988 2018; x_wconf 86' lang='lat' dir='ltr'><strong>visceres</strong></span> <span class='ocrx_word' id='word_1_211' title='bbox 1021 1985 1263 2026; x_wconf 78' lang='lat' dir='ltr'><strong>abdominaux,</strong></span> <span class='ocrx_word' id='word_1_212' title='bbox 1294 1985 1324 2017; x_wconf 87' lang='lat' dir='ltr'><strong>la</strong></span> <span class='ocrx_word' id='word_1_213' title='bbox 1348 1985 1458 2029; x_wconf 87' lang='lat' dir='ltr'><strong>pleure</strong></span> <span class='ocrx_word' id='word_1_214' title='bbox 1490 1995 1508 2016; x_wconf 88' lang='lat' dir='ltr'>a</span> <span class='ocrx_word' id='word_1_215' title='bbox 1535 1983 1649 2027; x_wconf 82' lang='lat' dir='ltr'><strong>l&#39;egard</strong></span> <span class='ocrx_word' id='word_1_216' title='bbox 1677 1984 1733 2015; x_wconf 88' lang='lat' dir='ltr'><strong>des</strong></span> 
     </span>
     <span class='ocr_line' id='line_1_22' title="bbox 1653 2051 1733 2083; baseline -0.013 -14"><span class='ocrx_word' id='word_1_217' title='bbox 1653 2051 1733 2083; x_wconf 70' lang='lat' dir='ltr'><strong>pou-</strong></span> 
     </span>
    </p>
   </div>
  </div>
 </body>
</html>
