1913 2417
253 131 291 162 62
560 127 1405 162 -G.c.B.sUR1NGA-R

255 219 371 243 azotum
401 212 501 251 (74).
532 212 693 243 Undenam
714 221 782 243 vero
814 214 870 243 hoc
897 212 1011 242 oritur?
1052 212 1140 251 Quod
1168 213 1203 242 ad
1232 213 1310 242 azoti
1339 213 1369 241 in
1393 210 1499 248 plantis
1534 211 1764 248 generationem,

258 265 427 301 physiologi
450 271 596 302 tantopere
617 266 690 294 inter
719 273 749 293 se
776 265 973 300 dissentiunt,
1001 271 1034 293 ut
1060 265 1251 294 affirmandum
1280 264 1335 299 sit,
1366 264 1458 303 multa
1485 262 1560 291 citca
1592 271 1651 291 eam
1680 263 1767 292 dubia

259 317 351 346 adhuc
383 324 445 345 esse
475 323 502 344 et
532 317 672 345 obscura:
702 316 749 345 Cl.
778 316 813 344 (le
834 316 996 351 Sauum-e,
1026 324 1075 352 gas
1107 323 1223 345 azotum
1254 322 1403 350 nunquam
1428 323 1443 343 a
1468 314 1575 350 plantis
1604 314 1769 350 absorberi,

260 374 343 404 putat
365 368 470 404 (75),
490 367 538 396 alii
565 375 649 403 vero,
677 367 831 404 Pricstleyi
848 368 1017 396 sententiam
1039 368 1148 403 secuti,
1169 375 1218 403 gas
1242 366 1356 395 azotico
1376 365 1472 394 eodem
1495 365 1581 393 modo
1606 371 1699 401 partes
1721 372 1768 392 ve-

262 419 398 456 getabiles
421 419 455 446 ad
478 419 552 447 vitae
575 418 742 447 functiones
762 419 922 454 stimulari,
952 428 984 447 ac
1007 419 1138 448 animalia
1164 427 1213 456 gas
1234 417 1376 454 oxygonio
1399 425 1451 453 pro
1476 416 1551 445 vitae
1576 422 1696 444 utuntur
1715 415 1769 444 sti-

261 470 361 505 mulo,
386 475 518 497 asserunt
542 469 639 507 (76).
690 471 841 508 Quidquid
867 477 959 499 autem
985 471 1073 507 huJus
1103 470 1142 498 rei
1174 471 1232 507 sit,
1263 471 1361 507 plures
1393 473 1484 496 tamen
1509 473 1613 495 restare
1634 466 1769 494 videntur

262 520 382 556 fontes,
410 528 425 548 e
449 520 556 556 quibus
582 529 632 557 gas
655 522 732 549 azoti
755 522 784 550 in
811 522 917 559 plantis
940 521 1084 559 generatio
1113 521 1234 558 intelligi
1263 520 1375 557 possit:
1408 519 1432 547 si
1457 518 1531 547 enim
1562 519 1767 553 observemus,

263 572 292 600 in
315 571 384 600 fimo
407 571 577 600 ammoniam
591 592 600 607 ‚
623 580 673 600 seu
696 573 778 601 alcali
802 573 937 608 volatile,
959 574 1070 602 haerere
1094 572 1202 609 (77),
1230 571 1359 606 illudque
1384 577 1417 598 ex
1434 575 1519 598 azoto
1544 575 1572 597 et
1594 569 1771 605 hydrogenio

265 630 329 650 esse
354 622 552 658 compositum
582 622 637 658 (ut
666 631 700 652 ex
725 623 926 659 experimentis
956 625 1087 653 Celeber.
1114 622 1272 651 Berthollet
1303 621 1417 649 abunde
1449 626 1563 648 constat
1586 620 1721 657 (78)),
1745 619 1771 648 si

261 681 401 712 praeterea
422 683 488 703 cum
510 674 667 704 Saussurio
691 676 781 712 (79)
801 683 1001 710 assumamus,
1033 675 1114 703 humi
1138 673 1294 710 particulas
1318 671 1488 700 extractivas
1510 679 1526 698 a
1550 670 1715 705 radicibus,
1742 677 1770 699 et

261 726 487 763 Atmosphaerae
512 734 632 762 vapores
656 726 874 755 ammoniacales
903 735 918 754 a
940 725 1020 754 foliis
1039 724 1207 758 absorberi,
1229 729 1358 752 constare
1380 728 1454 750 certe
1470 721 1594 758 poterit,
1614 729 1648 749 ex
1666 721 1770 750 horum

259 786 414 814 corporum
436 777 598 807 secretione
619 783 735 806 azotum
758 777 788 805 in
812 777 920 812 plantis
947 776 1082 811 formari,
1103 783 1130 804 et
1151 783 1167 803 a
1191 773 1291 808 foliis,
1320 781 1387 802 cum
1407 782 1457 810 gas
1483 771 1626 809 oxygeuio
1648 772 1773 808 plerum·

262 837 318 866 que
341 829 529 865 coniunctum
558 829 660 865 (80),
682 827 805 857 exhalari
829 836 928 863 posse.

300 880 366 909 Hoc
389 888 438 916 gas
466 885 603 913 azotum,
630 886 696 914 prae
720 877 807 913 aliis,
840 878 976 913 praebent
1006 875 1089 905 llicis
1122 875 1273 911 aquifolii‚
1299 873 1431 911 Hyssopi
1467 873 1635 909 officinalis,
1663 873 1772 903 Mimo-

262 939 310 960 sae
335 930 488 959 sensitivae
514 930 620 967 (81),
642 936 669 957 et
689 928 747 957 fere
769 928 896 957 omnium
921 928 1081 963 plantarum
1103 926 1275 955 Luridarum
1299 932 1384 960 atque
1406 932 1604 953 venenatarum
1626 925 1716 954 folia:
1748 925 1773 955 si

262 987 354 1010 autem
379 981 408 1009 in
429 988 528 1016 genere
553 980 587 1008 ad
610 979 796 1016 plurimarum
819 979 982 1014 plantarum
1013 977 1083 1006 folia
1110 977 1256 1011 attendas,
1284 984 1344 1004 non
1373 976 1475 1011 magna
1498 975 1606 1011 copia,
1635 976 1773 1011 quamdiu

265 1032 358 1060 adhuc
385 1037 486 1067 vegeta
510 1036 600 1065 sunt,
629 1030 686 1058 hoc
709 1029 845 1058 nocivum
869 1035 1078 1057 excrementum
1100 1027 1199 1056 elicere
1222 1026 1371 1055 videntur:
1394 1031 1454 1053 tum
1473 1025 1605 1061 demum,
1625 1027 1676 1054 nbi
1693 1028 1774 1062 plan-

263 1089 310 1112 tae
333 1081 513 1117 compositio
534 1080 674 1116 laeditur,
705 1086 732 1109 et
759 1080 869 1110 interna
892 1081 1029 1117 quaedam
1064 1078 1213 1108 mixtionis
1247 1076 1369 1107 mutatio
1399 1076 1509 1112 oritur,
1539 1077 1640 1114 maiori
1663 1076 1778 1113 quanti-

264 1140 322 1163 tate
342 1133 498 1163 evolvitur.

303 1184 403 1222 Quum
427 1183 516 1220 igitur
537 1192 571 1213 ex
593 1183 673 1212 hisce
694 1183 763 1212 satis
788 1184 857 1212 mihi
882 1190 1014 1213 constare
1037 1183 1187 1217 videatur,
1215 1180 1287 1210 folia
1320 1179 1441 1209 diversis
1471 1178 1644 1215 corporibus
1665 1180 1777 1217 gasfor-

265 1236 362 1264 mibus
386 1235 569 1265 excernendis
594 1235 734 1264 destinata
758 1243 842 1270 esse,
865 1236 949 1264 facile
976 1235 1164 1271 intelligitur,
1187 1233 1239 1261 hac
1263 1231 1401 1261 foliorum
1432 1229 1583 1259 functione
1608 1238 1776 1266 perpetuam

266 1288 338 1316 acris
363 1286 596 1323 Atmosphaerici
615 1286 746 1314 obtinere
771 1287 987 1315 circulationem
1013 1287 1116 1322 (82):
1138 1285 1297 1321 plantarum
1321 1283 1380 1311 luci
1403 1282 1597 1318 expositarum
1623 1281 1693 1311 folia
1714 1291 1777 1319 per·

265 1345 374 1373 petuo,
398 1337 563 1366 animalium
595 1336 777 1372 respirationi
805 1337 956 1372 ineptum,
985 1339 1087 1373 magna
1109 1344 1159 1372 gas
1181 1335 1253 1363 acidi
1276 1333 1421 1362 carbonici
1446 1340 1474 1361 et
1501 1333 1669 1369 hydrogenii
1692 1333 1778 1370 copia

267 1388 448 1423 inquinatum
460 1408 470 1422 ‚
487 1389 573 1415 aerem
595 1388 764 1421 emendant,
779 1394 807 1415 et
824 1396 873 1423 gas
891 1387 1025 1423 oxygenii
1041 1394 1169 1422 magnam
1186 1385 1298 1420 copiam
1314 1384 1537 1419 Atmosphaerae
1554 1384 1691 1420 tradunt3
1710 1385 1776 1414 hinc

268 1439 501 1468 concludendum
526 1446 606 1474 esse,
628 1438 766 1467 foliorum
783 1438 969 1466 excrementis
996 1438 1084 1465 aerem
1111 1437 1253 1465 salubrem
1273 1435 1349 1464 reddi
1373 1435 1478 1473 (83),
1501 1435 1574 1463 nulli
1597 1435 1776 1466 dubitamus.

1690 1486 1780 1516 EPI-

292 1540 356 1569 (7⁴)
377 1539 430 1563 Vid.
452 1540 584 1567 1ngm1muss
603 1539 620 1562 1.
639 1545 658 1563 e.
679 1539 775 1562 Tom.1.
795 1545 846 1567 pag.
863 1540 902 1567 5⁸,
921 1539 964 1566 61,
980 1539 1030 1562 268.
1052 1540 1119 1561 Tom.
1132 1538 1172 1561 111.
1193 1543 1240 1565 pag.
1258 1543 1293 1564 ⁵9·

288 1581 351 1609 (75)
374 1581 427 1604 Vid.
447 1582 532 1602 Harles
550 1581 566 1604 Ι,
585 1587 604 1604 c,
626 1587 675 1608 pag.
689 1586 725 1607 77.

292 1623 359 1650 (76)
380 1622 429 1646 Vid.
451 1622 616 1648 Varhandcling
635 1628 685 1642 orer
705 1622 742 1642 hee
762 1626 802 1642 nm
824 1627 867 1641 van
888 1621 928 1641 den
947 1620 1013 1648 grae?
1032 1620 1072 1640 der
1092 1621 1176 1641 hoamen
1202 1625 1228 1639 en
1249 1619 1358 1645 plantet»,
1380 1620 1413 1637 tot
1440 1616 1561 1642 zutvarfng
1588 1623 1631 1637 ran
1656 1617 1682 1638 da
1702 1617 1779 1647 Imm,

263 1662 316 1683 door
332 1663 355 1688 J.
373 1664 402 1686 R.
416 1663 510 1684 Deiman
530 1669 556 1682 en
575 1663 606 1685 A.
621 1663 687 1683 Pam
702 1669 744 1683 vau
759 1662 895 1689 Troomvyk‚
918 1668 940 1684 te
961 1663 1102 1684 Amsterdam
1120 1662 1180 1687 1780.
1194 1666 1242 1688 pag.
1258 1666 1284 1686 2¹)
1299 1665 1353 1686 seqq
1381 1660 1418 1679 6¹.
1446 1657 1471 1683 J.
1484 1658 1519 1679 Μ.
1538 1657 1601 1684 Il'eyl
1614 1658 1630 1678 Ι.
1643 1664 1661 1681 ε,
1678 1665 1728 1686 pag.
1742 1665 1779 1686 ⁴5-

292 1704 356 1732 (77)
380 1703 430 1727 vid.
452 1703 512 1730 Weyl
530 1703 539 1722 Ι
560 1710 578 1726 c.
599 1709 650 1730 pag.
666 1703 702 1730 46.
900 1703 965 1730 (73)
989 1703 1040 1724 Vid.
1056 1701 1154 1727 Juqm'n
1170 1701 1185 1723 1.
1201 1707 1219 1723 c.
1241 1701 1293 1723 Vol.
1307 1701 1322 1722 l.
1344 1705 1394 1726 pag·
1410 1704 1459 1726 155·

293 1746 360 1774 (ῃ)
382 1745 433 1769 vid.
454 1745 535 1766 Ilarles
550 1745 559 1763 l
582 1750 601 1766 c.
897 1744 967 1772 (80)
983 1743 1035 1765 vid.
1056 1743 1136 1764 llarlcs
1152 1742 1169 1765 1.
1183 1748 1203 1765 e,
1224 1747 1273 1769 pag.
1292 1746 1328 1766 73.

293 1787 361 1813 (δι)
379 1786 430 1812 Vid,
454 1786 535 1807 Harlaes
551 1786 566 1808 Ι,
585 1791 603 1805 c.
622 1791 664 1813 pag
685 1791 719 1812 59.
896 1785 960 1812 (aa)
977 1784 1038 1810 Rasa
1053 1784 1069 1807 l,
1085 1790 1104 1807 c,
1127 1790 1177 1810 pag.
1194 1785 1232 1809 ¹7⁸
1246 1789 1294 1809 seq.

248 1842 250 1846 ,
292 1826 361 1855 (83)
381 1827 441 1848 Huic
461 1827 584 1848 sententiae
605 1828 695 1854 quidem
717 1826 805 1848 obstare
826 1825 914 1847 videtur
937 1827 1084 1852 observntio,
1106 1826 1168 1852 quod
1192 1826 1214 1846 in
1233 1815 1362 1851 regionibns
1382 1820 1527 1844 calidioribus
1547 1821 1591 1848 (ut
1611 1828 1634 1843 v.
1656 1827 1676 1843 c.
1698 1822 1720 1844 in
1740 1828 1779 1846 co.

267 1868 328 1889 ionia
350 1867 520 1894 Surinamensi,
549 1873 666 1895 postquam
693 1866 715 1888 in
742 1869 863 1893 Anglorum
884 1872 978 1890 venerat
1002 1867 1172 1894 potestatem),
1192 1865 1264 1891 sylvis
1285 1864 1382 1890 excisis,
1407 1864 1444 1884 ner
1465 1863 1575 1884 salubrior
1595 1863 1666 1885 iaetus
1690 1863 1735 1890 sit,
1757 1868 1779 1886 et

266 1915 339 1930 nunus
358 1910 475 1930 funestusz
498 1911 540 1929 noc
559 1914 614 1929 vero
635 1909 803 1935 phaenomcffm
825 1913 869 1930 non
889 1907 940 1930 inde
960 1909 1108 1934 repetendum
1133 1913 1196 1934 esse,
1219 1907 1280 1933 quod
1299 1906 1407 1927 foliorum
1433 1904 1532 1931 liquores
1552 1903 1716 1926 excrementitii
1737 1910 1778 1926 no-

270 1956 349 1976 ceant,
372 1951 411 1971 sed
442 1955 454 1970 e
476 1955 537 1976 seqq.
559 1950 704 1970 derivandum
728 1955 777 1969 csse
791 1965 798 1976 ‚
825 1955 888 1975 puio.
926 1954 944 1969 ι.
963 1950 1030 1976 Quod
1051 1947 1121 1969 motui
1148 1948 1202 1969 aistis
1222 1948 1337 1969 obstarent
1357 1947 1448 1972 εςΙνετς
1475 1952 1495 1967 2.
1511 1946 1571 1973 quod
1593 1951 1705 1967 accessum
1725 1945 1783 1967 n'c'rls

267 1991 371 2012 maiitimi
384 1991 536 2018 irnpeuireut;
560 1996 579 2016 2·
595 1996 622 2011 cx
637 1995 680 2015 eo,
695 1991 756 2016 quod
770 1990 865 2012 cxscisis
885 1990 969 2017 sylvis,
995 1990 1033 2012 aer
1047 1990 1187 2017 paludosus,
1208 1987 1309 2016 alioquin
1321 1992 1438 2016 stagnans,
1462 1987 1541 2010 melius
1555 1985 1656 2016 potuerit
1674 1985 1753 2012 efflui,
