<?xml version="1.0" encoding="UTF-8"?>
<!DOCTYPE html PUBLIC "-//W3C//DTD XHTML 1.0 Transitional//EN"
    "http://www.w3.org/TR/xhtml1/DTD/xhtml1-transitional.dtd">
<html xmlns="http://www.w3.org/1999/xhtml" xml:lang="en" lang="en">
 <head>
  <title>
</title>
<meta http-equiv="Content-Type" content="text/html;charset=utf-8" />
  <meta name='ocr-system' content='tesseract 3.04.00' />
  <meta name='ocr-capabilities' content='ocr_page ocr_carea ocr_par ocr_line ocrx_word'/>
</head>
<body>
  <div class='ocr_page' id='page_1' title='image "annalesacademiae19rijk_0096.png"; bbox 0 0 1913 2417; ppageno 0'>
   <div class='ocr_carea' id='block_1_1' title="bbox 308 180 1307 219">
    <p class='ocr_par' dir='ltr' id='par_1_1' title="bbox 308 180 1307 219">
     <span class='ocr_line' id='line_1_1' title="bbox 308 180 1307 219; baseline -0.003 -2"><span class='ocrx_word' id='word_1_1' title='bbox 308 187 347 219; x_wconf 70' lang='lat'><strong>33</strong></span> <span class='ocrx_word' id='word_1_2' title='bbox 775 180 1307 214; x_wconf 79' lang='lat' dir='ltr'><strong>MEMORIAE</strong></span> 
     </span>
    </p>
   </div>
   <div class='ocr_carea' id='block_1_2' title="bbox 260 273 1785 1955">
    <p class='ocr_par' dir='ltr' id='par_1_2' title="bbox 305 273 1781 769">
     <span class='ocr_line' id='line_1_2' title="bbox 309 273 1779 320; baseline 0 -12"><span class='ocrx_word' id='word_1_3' title='bbox 309 277 455 310; x_wconf 72' lang='lat' dir='ltr'>facultate</span> <span class='ocrx_word' id='word_1_4' title='bbox 477 277 650 310; x_wconf 81' lang='lat' dir='ltr'><strong>lectionum</strong></span> <span class='ocrx_word' id='word_1_5' title='bbox 677 277 869 320; x_wconf 78' lang='lat' dir='ltr'><strong>privatarum</strong></span> <span class='ocrx_word' id='word_1_6' title='bbox 886 297 894 312; x_wconf 89' lang='lat'>‚</span> <span class='ocrx_word' id='word_1_7' title='bbox 922 284 1002 316; x_wconf 78' lang='lat' dir='ltr'><strong>quas</strong></span> <span class='ocrx_word' id='word_1_8' title='bbox 1022 273 1071 304; x_wconf 89' lang='lat' dir='ltr'><strong>vel</strong></span> <span class='ocrx_word' id='word_1_9' title='bbox 1102 274 1135 304; x_wconf 86' lang='lat' dir='ltr'><strong>in</strong></span> <span class='ocrx_word' id='word_1_10' title='bbox 1169 274 1411 318; x_wconf 79' lang='lat' dir='ltr'><strong>physiologicis,</strong></span> <span class='ocrx_word' id='word_1_11' title='bbox 1444 275 1653 319; x_wconf 83' lang='lat' dir='ltr'><strong>pathologicis</strong></span> <span class='ocrx_word' id='word_1_12' title='bbox 1677 282 1709 308; x_wconf 91' lang='lat' dir='ltr'><strong>et</strong></span> <span class='ocrx_word' id='word_1_13' title='bbox 1724 276 1779 308; x_wconf 79' lang='lat' dir='ltr'><strong>ob-</strong></span> 
     </span>
     <span class='ocr_line' id='line_1_3' title="bbox 311 330 1775 375; baseline -0.001 -9"><span class='ocrx_word' id='word_1_14' title='bbox 311 335 456 366; x_wconf 79' lang='lat' dir='ltr'><strong>stetriciis</strong></span> <span class='ocrx_word' id='word_1_15' title='bbox 479 335 513 366; x_wconf 88' lang='lat' dir='ltr'><strong>in</strong></span> <span class='ocrx_word' id='word_1_16' title='bbox 540 335 636 365; x_wconf 88' lang='lat' dir='ltr'><strong>domo</strong></span> <span class='ocrx_word' id='word_1_17' title='bbox 663 345 719 364; x_wconf 81' lang='lat' dir='ltr'><strong>sua</strong></span> <span class='ocrx_word' id='word_1_18' title='bbox 741 333 855 364; x_wconf 73' lang='lat' dir='ltr'><strong>habe-re</strong></span> <span class='ocrx_word' id='word_1_19' title='bbox 880 330 965 373; x_wconf 87' lang='lat' dir='ltr'><strong>apud</strong></span> <span class='ocrx_word' id='word_1_20' title='bbox 989 330 1132 361; x_wconf 88' lang='lat' dir='ltr'><strong>animum</strong></span> <span class='ocrx_word' id='word_1_21' title='bbox 1164 338 1314 363; x_wconf 72' lang='lat' dir='ltr'><strong>statuerat</strong></span> <span class='ocrx_word' id='word_1_22' title='bbox 1335 332 1412 375; x_wconf 90' lang='lat'>(7).</span> <span class='ocrx_word' id='word_1_23' title='bbox 1467 335 1585 364; x_wconf 86' lang='lat' dir='ltr'><strong>Paucos</strong></span> <span class='ocrx_word' id='word_1_24' title='bbox 1612 333 1665 364; x_wconf 84' lang='lat' dir='ltr'><strong>vix</strong></span> <span class='ocrx_word' id='word_1_25' title='bbox 1687 344 1775 366; x_wconf 90' lang='lat' dir='ltr'><strong>men-</strong></span> 
     </span>
     <span class='ocr_line' id='line_1_4' title="bbox 312 386 1778 433; baseline 0 -12"><span class='ocrx_word' id='word_1_26' title='bbox 312 401 359 422; x_wconf 80' lang='lat' dir='ltr'><strong>ses</strong></span> <span class='ocrx_word' id='word_1_27' title='bbox 388 397 481 433; x_wconf 89' lang='lat' dir='ltr'><strong>post,</strong></span> <span class='ocrx_word' id='word_1_28' title='bbox 508 391 710 432; x_wconf 66' lang='lat' dir='ltr'>Magistratus</span> <span class='ocrx_word' id='word_1_29' title='bbox 743 388 871 431; x_wconf 85' lang='lat' dir='ltr'><strong>publico</strong></span> <span class='ocrx_word' id='word_1_30' title='bbox 901 387 977 418; x_wconf 86' lang='lat' dir='ltr'><strong>huic</strong></span> <span class='ocrx_word' id='word_1_31' title='bbox 1009 388 1136 418; x_wconf 87' lang='lat' dir='ltr'><strong>muneri</strong></span> <span class='ocrx_word' id='word_1_32' title='bbox 1168 386 1417 430; x_wconf 81' lang='lat' dir='ltr'><strong>praeficiendum</strong></span> <span class='ocrx_word' id='word_1_33' title='bbox 1451 388 1544 420; x_wconf 83' lang='lat' dir='ltr'><strong>duxit</strong></span> <span class='ocrx_word' id='word_1_34' title='bbox 1583 389 1689 420; x_wconf 86' lang='lat' dir='ltr'><strong>virum</strong></span> <span class='ocrx_word' id='word_1_35' title='bbox 1715 390 1778 422; x_wconf 81' lang='lat' dir='ltr'><strong>cla·</strong></span> 
     </span>
     <span class='ocr_line' id='line_1_5' title="bbox 312 443 1779 486; baseline 0 -9"><span class='ocrx_word' id='word_1_36' title='bbox 312 447 472 478; x_wconf 81' lang='lat' dir='ltr'><strong>rissimum</strong></span> <span class='ocrx_word' id='word_1_37' title='bbox 496 456 762 483; x_wconf 70' lang='lat' dir='ltr'><strong>vnomxmm,</strong></span> <span class='ocrx_word' id='word_1_38' title='bbox 785 444 948 475; x_wconf 84' lang='lat' dir='ltr'><strong>Botanices</strong></span> <span class='ocrx_word' id='word_1_39' title='bbox 972 449 1048 474; x_wconf 84' lang='lat' dir='ltr'><strong>tunc</strong></span> <span class='ocrx_word' id='word_1_40' title='bbox 1073 445 1224 486; x_wconf 85' lang='lat' dir='ltr'><strong>temporis</strong></span> <span class='ocrx_word' id='word_1_41' title='bbox 1248 443 1477 483; x_wconf 87' lang='lat' dir='ltr'><strong>Professorem‚</strong></span> <span class='ocrx_word' id='word_1_42' title='bbox 1501 444 1653 477; x_wconf 80' lang='lat' dir='ltr'>Athenaei</span> <span class='ocrx_word' id='word_1_43' title='bbox 1675 447 1779 477; x_wconf 73' lang='lat' dir='ltr'><strong>nostri</strong></span> 
     </span>
     <span class='ocr_line' id='line_1_6' title="bbox 310 500 1779 545; baseline -0.001 -11"><span class='ocrx_word' id='word_1_44' title='bbox 310 502 406 533; x_wconf 86' lang='lat' dir='ltr'><strong>decus</strong></span> <span class='ocrx_word' id='word_1_45' title='bbox 429 510 522 545; x_wconf 86' lang='lat' dir='ltr'><strong>atque</strong></span> <span class='ocrx_word' id='word_1_46' title='bbox 544 509 789 537; x_wconf 76' lang='lat' dir='ltr'><strong>ornamentum,</strong></span> <span class='ocrx_word' id='word_1_47' title='bbox 814 500 967 543; x_wconf 81' lang='lat' dir='ltr'>collegam</span> <span class='ocrx_word' id='word_1_48' title='bbox 1001 500 1080 531; x_wconf 88' lang='lat' dir='ltr'><strong>mihi</strong></span> <span class='ocrx_word' id='word_1_49' title='bbox 1114 501 1415 532; x_wconf 81' lang='lat' dir='ltr'><strong>aestumatissimum</strong></span> <span class='ocrx_word' id='word_1_50' title='bbox 1431 523 1439 539; x_wconf 90' lang='lat'><strong>,</strong></span> <span class='ocrx_word' id='word_1_51' title='bbox 1473 501 1530 544; x_wconf 90' lang='lat' dir='ltr'><strong>qui</strong></span> <span class='ocrx_word' id='word_1_52' title='bbox 1556 500 1636 532; x_wconf 91' lang='lat' dir='ltr'><strong>illud</strong></span> <span class='ocrx_word' id='word_1_53' title='bbox 1667 508 1779 534; x_wconf 84' lang='lat' dir='ltr'><strong>utrum</strong></span> 
     </span>
     <span class='ocr_line' id='line_1_7' title="bbox 309 556 1781 603; baseline 0 -14"><span class='ocrx_word' id='word_1_54' title='bbox 309 561 462 600; x_wconf 82' lang='lat' dir='ltr'><strong>acciperet</strong></span> <span class='ocrx_word' id='word_1_55' title='bbox 488 569 528 589; x_wconf 88' lang='lat' dir='ltr'><strong>an</strong></span> <span class='ocrx_word' id='word_1_56' title='bbox 557 564 730 595; x_wconf 80' lang='lat' dir='ltr'><strong>recusaret,</strong></span> <span class='ocrx_word' id='word_1_57' title='bbox 753 557 808 587; x_wconf 89' lang='lat' dir='ltr'><strong>diu</strong></span> <span class='ocrx_word' id='word_1_58' title='bbox 832 556 923 587; x_wconf 85' lang='lat' dir='ltr'><strong>valde</strong></span> <span class='ocrx_word' id='word_1_59' title='bbox 950 557 1048 603; x_wconf 75' lang='lat' dir='ltr'><strong>animi</strong></span> <span class='ocrx_word' id='word_1_60' title='bbox 1080 557 1220 588; x_wconf 84' lang='lat' dir='ltr'><strong>incertus</strong></span> <span class='ocrx_word' id='word_1_61' title='bbox 1247 556 1319 589; x_wconf 86' lang='lat' dir='ltr'><strong>fuit.</strong></span> <span class='ocrx_word' id='word_1_62' title='bbox 1363 567 1550 588; x_wconf 72' lang='lat' dir='ltr'>BONNIUS</span> <span class='ocrx_word' id='word_1_63' title='bbox 1572 564 1694 596; x_wconf 83' lang='lat' dir='ltr'><strong>autem,</strong></span> <span class='ocrx_word' id='word_1_64' title='bbox 1718 568 1781 601; x_wconf 86' lang='lat' dir='ltr'><strong>pro</strong></span> 
     </span>
     <span class='ocr_line' id='line_1_8' title="bbox 309 612 1778 657; baseline 0.001 -13"><span class='ocrx_word' id='word_1_65' title='bbox 309 614 462 656; x_wconf 78' lang='lat' dir='ltr'>singulari</span> <span class='ocrx_word' id='word_1_66' title='bbox 479 638 487 653; x_wconf 93' lang='lat'><strong>,</strong></span> <span class='ocrx_word' id='word_1_67' title='bbox 519 625 583 657; x_wconf 89' lang='lat' dir='ltr'><strong>qua</strong></span> <span class='ocrx_word' id='word_1_68' title='bbox 617 620 683 645; x_wconf 88' lang='lat' dir='ltr'><strong>erat</strong></span> <span class='ocrx_word' id='word_1_69' title='bbox 720 612 936 655; x_wconf 81' lang='lat' dir='ltr'><strong>indulgentia,</strong></span> <span class='ocrx_word' id='word_1_70' title='bbox 968 624 1094 644; x_wconf 89' lang='lat' dir='ltr'><strong>causam</strong></span> <span class='ocrx_word' id='word_1_71' title='bbox 1117 612 1356 656; x_wconf 85' lang='lat' dir='ltr'><strong>derelinquere,</strong></span> <span class='ocrx_word' id='word_1_72' title='bbox 1379 613 1419 644; x_wconf 91' lang='lat' dir='ltr'><strong>de</strong></span> <span class='ocrx_word' id='word_1_73' title='bbox 1438 615 1511 655; x_wconf 84' lang='lat' dir='ltr'><strong>jure</strong></span> <span class='ocrx_word' id='word_1_74' title='bbox 1532 613 1621 657; x_wconf 84' lang='lat' dir='ltr'><strong>quod</strong></span> <span class='ocrx_word' id='word_1_75' title='bbox 1645 625 1778 646; x_wconf 86' lang='lat' dir='ltr'><strong>eonces-</strong></span> 
     </span>
     <span class='ocr_line' id='line_1_9' title="bbox 307 669 1781 712; baseline 0.001 -12"><span class='ocrx_word' id='word_1_76' title='bbox 307 681 379 701; x_wconf 85' lang='lat' dir='ltr'><strong>sum</strong></span> <span class='ocrx_word' id='word_1_77' title='bbox 411 672 441 702; x_wconf 90' lang='lat' dir='ltr'><strong>ei</strong></span> <span class='ocrx_word' id='word_1_78' title='bbox 473 670 598 712; x_wconf 84' lang='lat' dir='ltr'><strong>fuerat,</strong></span> <span class='ocrx_word' id='word_1_79' title='bbox 630 669 801 709; x_wconf 81' lang='lat' dir='ltr'><strong>decedere,</strong></span> <span class='ocrx_word' id='word_1_80' title='bbox 830 680 958 711; x_wconf 84' lang='lat' dir='ltr'><strong>unaque</strong></span> <span class='ocrx_word' id='word_1_81' title='bbox 994 676 1121 701; x_wconf 86' lang='lat' dir='ltr'><strong>tantum</strong></span> <span class='ocrx_word' id='word_1_82' title='bbox 1151 675 1281 712; x_wconf 85' lang='lat' dir='ltr'><strong>excepta</strong></span> <span class='ocrx_word' id='word_1_83' title='bbox 1311 669 1447 701; x_wconf 86' lang='lat' dir='ltr'><strong>lectione</strong></span> <span class='ocrx_word' id='word_1_84' title='bbox 1474 671 1676 712; x_wconf 80' lang='lat' dir='ltr'><strong>chirurgica,</strong></span> <span class='ocrx_word' id='word_1_85' title='bbox 1706 669 1781 702; x_wconf 85' lang='lat' dir='ltr'><strong>reli·</strong></span> 
     </span>
     <span class='ocr_line' id='line_1_10' title="bbox 305 724 1653 769; baseline 0.001 -12"><span class='ocrx_word' id='word_1_86' title='bbox 305 737 384 768; x_wconf 88' lang='lat' dir='ltr'><strong>quas</strong></span> <span class='ocrx_word' id='word_1_87' title='bbox 413 726 452 758; x_wconf 85' lang='lat' dir='ltr'><strong>ad</strong></span> <span class='ocrx_word' id='word_1_88' title='bbox 481 728 616 759; x_wconf 86' lang='lat' dir='ltr'><strong>recentis</strong></span> <span class='ocrx_word' id='word_1_89' title='bbox 641 726 778 769; x_wconf 80' lang='lat' dir='ltr'><strong>collegae</strong></span> <span class='ocrx_word' id='word_1_90' title='bbox 804 736 924 756; x_wconf 90' lang='lat' dir='ltr'><strong>munus</strong></span> <span class='ocrx_word' id='word_1_91' title='bbox 951 736 1154 768; x_wconf 86' lang='lat' dir='ltr'><strong>pensumque</strong></span> <span class='ocrx_word' id='word_1_92' title='bbox 1177 725 1264 756; x_wconf 88' lang='lat' dir='ltr'><strong>ultro</strong></span> <span class='ocrx_word' id='word_1_93' title='bbox 1290 724 1410 757; x_wconf 88' lang='lat' dir='ltr'><strong>deferre</strong></span> <span class='ocrx_word' id='word_1_94' title='bbox 1435 725 1538 757; x_wconf 86' lang='lat' dir='ltr'><strong>voluit</strong></span> <span class='ocrx_word' id='word_1_95' title='bbox 1559 727 1653 768; x_wconf 75' lang='lat' dir='ltr'><strong>(S).</strong></span> 
     </span>
    </p>

    <p class='ocr_par' dir='ltr' id='par_1_3' title="bbox 260 781 1785 1332">
     <span class='ocr_line' id='line_1_11' title="bbox 351 781 1783 826; baseline 0 -12"><span class='ocrx_word' id='word_1_96' title='bbox 351 783 414 814; x_wconf 86' lang='lat' dir='ltr'><strong>Ast</strong></span> <span class='ocrx_word' id='word_1_97' title='bbox 442 794 519 814; x_wconf 87' lang='lat' dir='ltr'><strong>vero</strong></span> <span class='ocrx_word' id='word_1_98' title='bbox 549 789 702 826; x_wconf 80' lang='lat' dir='ltr'><strong>quantam</strong></span> <span class='ocrx_word' id='word_1_99' title='bbox 736 782 904 813; x_wconf 80' lang='lat' dir='ltr'><strong>utilitatem</strong></span> <span class='ocrx_word' id='word_1_100' title='bbox 943 784 982 814; x_wconf 85' lang='lat' dir='ltr'><strong>A.</strong></span> <span class='ocrx_word' id='word_1_101' title='bbox 998 784 1037 814; x_wconf 86' lang='lat' dir='ltr'><strong>A.</strong></span> <span class='ocrx_word' id='word_1_102' title='bbox 1067 782 1129 813; x_wconf 91' lang='lat' dir='ltr'><strong>hoc</strong></span> <span class='ocrx_word' id='word_1_103' title='bbox 1156 781 1320 813; x_wconf 81' lang='lat' dir='ltr'><strong>literarum</strong></span> <span class='ocrx_word' id='word_1_104' title='bbox 1356 782 1458 813; x_wconf 86' lang='lat' dir='ltr'><strong>otium</strong></span> <span class='ocrx_word' id='word_1_105' title='bbox 1493 783 1527 813; x_wconf 89' lang='lat' dir='ltr'><strong>in</strong></span> <span class='ocrx_word' id='word_1_106' title='bbox 1556 792 1715 814; x_wconf 72' lang='grc' dir='ltr'><strong>ΒοΝΝῐο</strong></span> <span class='ocrx_word' id='word_1_107' title='bbox 1740 781 1783 814; x_wconf 75' lang='lat' dir='ltr'><strong>ad</strong></span> 
     </span>
     <span class='ocr_line' id='line_1_12' title="bbox 307 838 1782 881; baseline 0 -12"><span class='ocrx_word' id='word_1_108' title='bbox 307 849 403 870; x_wconf 87' lang='lat' dir='ltr'><strong>omne</strong></span> <span class='ocrx_word' id='word_1_109' title='bbox 433 840 548 870; x_wconf 87' lang='lat' dir='ltr'><strong>artium</strong></span> <span class='ocrx_word' id='word_1_110' title='bbox 581 840 785 871; x_wconf 77' lang='lat' dir='ltr'><strong>scientiarum</strong></span> <span class='ocrx_word' id='word_1_111' title='bbox 815 848 916 881; x_wconf 86' lang='lat' dir='ltr'><strong>genus</strong></span> <span class='ocrx_word' id='word_1_112' title='bbox 945 838 1107 876; x_wconf 85' lang='lat' dir='ltr'><strong>attulerit,</strong></span> <span class='ocrx_word' id='word_1_113' title='bbox 1142 844 1299 870; x_wconf 80' lang='lat' dir='ltr'><strong>testantur</strong></span> <span class='ocrx_word' id='word_1_114' title='bbox 1333 838 1460 870; x_wconf 85' lang='lat' dir='ltr'><strong>abunde</strong></span> <span class='ocrx_word' id='word_1_115' title='bbox 1488 848 1693 869; x_wconf 73' lang='lat' dir='ltr'><strong>EUSTAGHI</strong></span> <span class='ocrx_word' id='word_1_116' title='bbox 1720 840 1782 869; x_wconf 78' lang='lat' dir='ltr'><strong>Ta·</strong></span> 
     </span>
     <span class='ocr_line' id='line_1_13' title="bbox 305 893 1781 939; baseline 0.001 -14"><span class='ocrx_word' id='word_1_117' title='bbox 305 895 399 927; x_wconf 84' lang='lat' dir='ltr'><strong>hulae</strong></span> <span class='ocrx_word' id='word_1_118' title='bbox 426 897 638 934; x_wconf 78' lang='lat' dir='ltr'><strong>anatomicae,</strong></span> <span class='ocrx_word' id='word_1_119' title='bbox 668 908 686 927; x_wconf 86' lang='lat' dir='ltr'><strong>a</strong></span> <span class='ocrx_word' id='word_1_120' title='bbox 708 906 900 927; x_wconf 64' lang='lat' dir='ltr'><strong>LAthsio</strong></span> <span class='ocrx_word' id='word_1_121' title='bbox 936 895 1013 939; x_wconf 79' lang='lat' dir='ltr'><strong>olirn</strong></span> <span class='ocrx_word' id='word_1_122' title='bbox 1047 893 1253 937; x_wconf 85' lang='lat' dir='ltr'><strong>explanatae,</strong></span> <span class='ocrx_word' id='word_1_123' title='bbox 1284 894 1325 926; x_wconf 84' lang='lat' dir='ltr'><strong>ab</strong></span> <span class='ocrx_word' id='word_1_124' title='bbox 1361 906 1516 927; x_wconf 70' lang='grc' dir='ltr'><strong>ΑιΒιΝο</strong></span> <span class='ocrx_word' id='word_1_125' title='bbox 1547 894 1738 934; x_wconf 81' lang='lat' dir='ltr'><strong>illustratae,</strong></span> <span class='ocrx_word' id='word_1_126' title='bbox 1760 905 1781 926; x_wconf 79' lang='lat' dir='ltr'><strong>a</strong></span> 
     </span>
     <span class='ocr_line' id='line_1_14' title="bbox 307 950 1784 994; baseline 0 -12"><span class='ocrx_word' id='word_1_127' title='bbox 307 962 523 984; x_wconf 53' lang='lat' dir='ltr'><strong>marui-nno</strong></span> <span class='ocrx_word' id='word_1_128' title='bbox 545 952 808 984; x_wconf 81' lang='lat' dir='ltr'><strong>annotationibus</strong></span> <span class='ocrx_word' id='word_1_129' title='bbox 831 958 979 990; x_wconf 81' lang='lat' dir='ltr'><strong>ornatae,</strong></span> <span class='ocrx_word' id='word_1_130' title='bbox 1002 962 1020 981; x_wconf 87' lang='lat' dir='ltr'><strong>a</strong></span> <span class='ocrx_word' id='word_1_131' title='bbox 1044 961 1196 982; x_wconf 66' lang='lat' dir='ltr'><strong>somno</strong></span> <span class='ocrx_word' id='word_1_132' title='bbox 1225 958 1331 983; x_wconf 86' lang='lat' dir='ltr'><strong>autem</strong></span> <span class='ocrx_word' id='word_1_133' title='bbox 1357 951 1517 994; x_wconf 86' lang='lat' dir='ltr'><strong>praeclare</strong></span> <span class='ocrx_word' id='word_1_134' title='bbox 1543 952 1586 982; x_wconf 88' lang='lat' dir='ltr'><strong>ita</strong></span> <span class='ocrx_word' id='word_1_135' title='bbox 1611 950 1650 982; x_wconf 85' lang='lat' dir='ltr'><strong>ad</strong></span> <span class='ocrx_word' id='word_1_136' title='bbox 1679 957 1784 982; x_wconf 83' lang='lat' dir='ltr'><strong>artem·</strong></span> 
     </span>
     <span class='ocr_line' id='line_1_15' title="bbox 307 1006 1779 1052; baseline 0 -14"><span class='ocrx_word' id='word_1_137' title='bbox 307 1008 496 1047; x_wconf 81' lang='lat' dir='ltr'><strong>delineatae,</strong></span> <span class='ocrx_word' id='word_1_138' title='bbox 522 1009 695 1052; x_wconf 81' lang='lat' dir='ltr'><strong>multisque</strong></span> <span class='ocrx_word' id='word_1_139' title='bbox 718 1010 839 1040; x_wconf 83' lang='lat' dir='ltr'><strong>ossium</strong></span> <span class='ocrx_word' id='word_1_140' title='bbox 863 1014 894 1039; x_wconf 87' lang='lat' dir='ltr'><strong>et</strong></span> <span class='ocrx_word' id='word_1_141' title='bbox 919 1006 1140 1038; x_wconf 89' lang='lat' dir='ltr'><strong>musculorum</strong></span> <span class='ocrx_word' id='word_1_142' title='bbox 1174 1007 1453 1040; x_wconf 84' lang='lat' dir='ltr'><strong>observationibus</strong></span> <span class='ocrx_word' id='word_1_143' title='bbox 1484 1014 1674 1045; x_wconf 79' lang='lat' dir='ltr'><strong>exornatae,</strong></span> <span class='ocrx_word' id='word_1_144' title='bbox 1699 1017 1779 1050; x_wconf 87' lang='lat' dir='ltr'><strong>qua·</strong></span> 
     </span>
     <span class='ocr_line' id='line_1_16' title="bbox 302 1062 1781 1107; baseline -0.001 -12"><span class='ocrx_word' id='word_1_145' title='bbox 302 1075 376 1095; x_wconf 77' lang='lat' dir='ltr'><strong>rum</strong></span> <span class='ocrx_word' id='word_1_146' title='bbox 408 1065 580 1106; x_wconf 85' lang='lat' dir='ltr'><strong>imaginem</strong></span> <span class='ocrx_word' id='word_1_147' title='bbox 610 1072 642 1095; x_wconf 87' lang='lat' dir='ltr'><strong>et</strong></span> <span class='ocrx_word' id='word_1_148' title='bbox 678 1066 835 1107; x_wconf 85' lang='lat' dir='ltr'><strong>picturam</strong></span> <span class='ocrx_word' id='word_1_149' title='bbox 865 1064 1046 1095; x_wconf 79' lang='lat' dir='ltr'><strong>academiae</strong></span> <span class='ocrx_word' id='word_1_150' title='bbox 1076 1063 1174 1104; x_wconf 82' lang='lat' dir='ltr'><strong>hujus</strong></span> <span class='ocrx_word' id='word_1_151' title='bbox 1212 1064 1302 1095; x_wconf 86' lang='lat' dir='ltr'><strong>urbis</strong></span> <span class='ocrx_word' id='word_1_152' title='bbox 1333 1063 1501 1107; x_wconf 84' lang='lat' dir='ltr'><strong>graphicae</strong></span> <span class='ocrx_word' id='word_1_153' title='bbox 1530 1063 1689 1095; x_wconf 79' lang='lat' dir='ltr'><strong>sexdecim</strong></span> <span class='ocrx_word' id='word_1_154' title='bbox 1721 1062 1781 1095; x_wconf 79' lang='lat' dir='ltr'><strong>ab·</strong></span> 
     </span>
     <span class='ocr_line' id='line_1_17' title="bbox 305 1119 1778 1164; baseline 0 -14"><span class='ocrx_word' id='word_1_155' title='bbox 305 1119 383 1151; x_wconf 87' lang='lat' dir='ltr'><strong>hinc</strong></span> <span class='ocrx_word' id='word_1_156' title='bbox 407 1121 499 1152; x_wconf 86' lang='lat' dir='ltr'><strong>aunis</strong></span> <span class='ocrx_word' id='word_1_157' title='bbox 519 1120 636 1152; x_wconf 82' lang='lat' dir='ltr'><strong>honori</strong></span> <span class='ocrx_word' id='word_1_158' title='bbox 659 1121 791 1164; x_wconf 84' lang='lat' dir='ltr'><strong>jamjam</strong></span> <span class='ocrx_word' id='word_1_159' title='bbox 820 1120 1041 1157; x_wconf 75' lang='lat' dir='ltr'><strong>dedicaverat,</strong></span> <span class='ocrx_word' id='word_1_160' title='bbox 1074 1126 1170 1162; x_wconf 85' lang='lat' dir='ltr'><strong>atque</strong></span> <span class='ocrx_word' id='word_1_161' title='bbox 1194 1120 1237 1150; x_wconf 87' lang='lat' dir='ltr'><strong>ita</strong></span> <span class='ocrx_word' id='word_1_162' title='bbox 1268 1130 1307 1151; x_wconf 84' lang='lat' dir='ltr'><strong>ex</strong></span> <span class='ocrx_word' id='word_1_163' title='bbox 1337 1119 1510 1151; x_wconf 86' lang='lat' dir='ltr'><strong>domestica</strong></span> <span class='ocrx_word' id='word_1_164' title='bbox 1536 1119 1596 1150; x_wconf 84' lang='lat' dir='ltr'><strong>hac</strong></span> <span class='ocrx_word' id='word_1_165' title='bbox 1626 1120 1778 1151; x_wconf 70' lang='lat' dir='ltr'><strong>exercita-</strong></span> 
     </span>
     <span class='ocr_line' id='line_1_18' title="bbox 303 1174 1783 1220; baseline 0 -13"><span class='ocrx_word' id='word_1_166' title='bbox 303 1178 394 1207; x_wconf 82' lang='lat' dir='ltr'><strong>tione</strong></span> <span class='ocrx_word' id='word_1_167' title='bbox 414 1177 556 1209; x_wconf 86' lang='lat' dir='ltr'><strong>medium</strong></span> <span class='ocrx_word' id='word_1_168' title='bbox 582 1178 616 1209; x_wconf 86' lang='lat' dir='ltr'><strong>in</strong></span> <span class='ocrx_word' id='word_1_169' title='bbox 638 1188 754 1220; x_wconf 87' lang='lat' dir='ltr'><strong>agmen</strong></span> <span class='ocrx_word' id='word_1_170' title='bbox 781 1187 942 1219; x_wconf 91' lang='lat' dir='ltr'><strong>usumque</strong></span> <span class='ocrx_word' id='word_1_171' title='bbox 976 1186 1184 1207; x_wconf 87' lang='lat' dir='ltr'><strong>communem</strong></span> <span class='ocrx_word' id='word_1_172' title='bbox 1215 1175 1330 1207; x_wconf 83' lang='lat' dir='ltr'><strong>educta</strong></span> <span class='ocrx_word' id='word_1_173' title='bbox 1363 1175 1424 1206; x_wconf 77' lang='lat' dir='ltr'><strong>fuit</strong></span> <span class='ocrx_word' id='word_1_174' title='bbox 1456 1174 1536 1207; x_wconf 85' lang='lat' dir='ltr'><strong>&#39;haec</strong></span> <span class='ocrx_word' id='word_1_175' title='bbox 1568 1176 1644 1206; x_wconf 84' lang='lat' dir='ltr'><strong>artis</strong></span> <span class='ocrx_word' id='word_1_176' title='bbox 1670 1181 1783 1207; x_wconf 65' lang='lat' dir='ltr'><strong>anano·¹</strong></span> 
     </span>
     <span class='ocr_line' id='line_1_19' title="bbox 260 1231 1785 1276; baseline 0.001 -13"><span class='ocrx_word' id='word_1_177' title='bbox 260 1233 264 1236; x_wconf 81' lang='grc'><strong>”</strong></span> <span class='ocrx_word' id='word_1_178' title='bbox 305 1233 406 1264; x_wconf 88' lang='lat' dir='ltr'><strong>micae</strong></span> <span class='ocrx_word' id='word_1_179' title='bbox 430 1232 594 1273; x_wconf 82' lang='lat' dir='ltr'><strong>doctrina,</strong></span> <span class='ocrx_word' id='word_1_180' title='bbox 619 1241 656 1266; x_wconf 82' lang='lat' dir='ltr'><strong>ut</strong></span> <span class='ocrx_word' id='word_1_181' title='bbox 680 1233 770 1266; x_wconf 82' lang='lat' dir='ltr'><strong>facile</strong></span> <span class='ocrx_word' id='word_1_182' title='bbox 795 1233 837 1265; x_wconf 84' lang='lat' dir='ltr'><strong>ad</strong></span> <span class='ocrx_word' id='word_1_183' title='bbox 865 1243 995 1265; x_wconf 85' lang='lat' dir='ltr'><strong>omnem</strong></span> <span class='ocrx_word' id='word_1_184' title='bbox 1024 1234 1170 1276; x_wconf 82' lang='lat' dir='ltr'><strong>Europae</strong></span> <span class='ocrx_word' id='word_1_185' title='bbox 1196 1231 1309 1264; x_wconf 80' lang='lat' dir='ltr'><strong>orbem</strong></span> <span class='ocrx_word' id='word_1_186' title='bbox 1345 1233 1494 1264; x_wconf 77' lang='lat' dir='ltr'><strong>unanimi</strong></span> <span class='ocrx_word' id='word_1_187' title='bbox 1517 1231 1623 1264; x_wconf 75' lang='lat' dir='ltr'><strong>laudis</strong></span> <span class='ocrx_word' id='word_1_188' title='bbox 1644 1243 1785 1275; x_wconf 57' lang='lat' dir='ltr'><strong>consen-3</strong></span> 
     </span>
     <span class='ocr_line' id='line_1_20' title="bbox 305 1289 562 1332; baseline 0.004 -11"><span class='ocrx_word' id='word_1_189' title='bbox 305 1298 344 1321; x_wconf 92' lang='lat' dir='ltr'><strong>su</strong></span> <span class='ocrx_word' id='word_1_190' title='bbox 366 1289 562 1332; x_wconf 83' lang='lat' dir='ltr'><strong>pervaderet.</strong></span> 
     </span>
    </p>

    <p class='ocr_par' dir='ltr' id='par_1_4' title="bbox 303 1344 1784 1955">
     <span class='ocr_line' id='line_1_21' title="bbox 348 1344 1784 1391; baseline 0.001 -15"><span class='ocrx_word' id='word_1_191' title='bbox 348 1345 404 1377; x_wconf 91' lang='lat' dir='ltr'><strong>Ad</strong></span> <span class='ocrx_word' id='word_1_192' title='bbox 436 1346 652 1389; x_wconf 86' lang='lat' dir='ltr'><strong>singularem,</strong></span> <span class='ocrx_word' id='word_1_193' title='bbox 685 1348 743 1391; x_wconf 88' lang='lat' dir='ltr'><strong>qui</strong></span> <span class='ocrx_word' id='word_1_194' title='bbox 772 1359 847 1380; x_wconf 87' lang='lat' dir='ltr'><strong>casu</strong></span> <span class='ocrx_word' id='word_1_195' title='bbox 875 1346 1008 1379; x_wconf 83' lang='lat' dir='ltr'><strong>adverso</strong></span> <span class='ocrx_word' id='word_1_196' title='bbox 1034 1344 1216 1389; x_wconf 88' lang='lat' dir='ltr'><strong>perculsum</strong></span> <span class='ocrx_word' id='word_1_197' title='bbox 1243 1346 1369 1389; x_wconf 86' lang='lat' dir='ltr'><strong>saepius</strong></span> <span class='ocrx_word' id='word_1_198' title='bbox 1398 1347 1532 1387; x_wconf 84' lang='lat' dir='ltr'><strong>premit,</strong></span> <span class='ocrx_word' id='word_1_199' title='bbox 1562 1346 1661 1377; x_wconf 83' lang='lat' dir='ltr'><strong>animi</strong></span> <span class='ocrx_word' id='word_1_200' title='bbox 1688 1346 1784 1378; x_wconf 79' lang='lat' dir='ltr'><strong>dolo·</strong></span> 
     </span>
     <span class='ocr_line' id='line_1_22' title="bbox 305 1402 1778 1447; baseline 0.001 -15"><span class='ocrx_word' id='word_1_201' title='bbox 305 1411 372 1432; x_wconf 76' lang='lat' dir='ltr'><strong>tem</strong></span> <span class='ocrx_word' id='word_1_202' title='bbox 404 1403 532 1434; x_wconf 82' lang='lat' dir='ltr'><strong>accessit</strong></span> <span class='ocrx_word' id='word_1_203' title='bbox 557 1414 622 1435; x_wconf 88' lang='lat' dir='ltr'><strong>una</strong></span> <span class='ocrx_word' id='word_1_204' title='bbox 653 1403 726 1444; x_wconf 86' lang='lat' dir='ltr'><strong>illa,</strong></span> <span class='ocrx_word' id='word_1_205' title='bbox 756 1415 853 1447; x_wconf 87' lang='lat' dir='ltr'><strong>quam</strong></span> <span class='ocrx_word' id='word_1_206' title='bbox 890 1414 964 1446; x_wconf 86' lang='lat' dir='ltr'><strong>prae</strong></span> <span class='ocrx_word' id='word_1_207' title='bbox 993 1403 1124 1434; x_wconf 86' lang='lat' dir='ltr'><strong>caeteris</strong></span> <span class='ocrx_word' id='word_1_208' title='bbox 1153 1404 1406 1445; x_wconf 83' lang='lat' dir='ltr'><strong>potentissimam</strong></span> <span class='ocrx_word' id='word_1_209' title='bbox 1434 1403 1524 1434; x_wconf 87' lang='lat' dir='ltr'><strong>facile</strong></span> <span class='ocrx_word' id='word_1_210' title='bbox 1543 1402 1676 1441; x_wconf 81' lang='lat' dir='ltr'><strong>dixeris,</strong></span> <span class='ocrx_word' id='word_1_211' title='bbox 1698 1413 1778 1434; x_wconf 88' lang='lat' dir='ltr'><strong>con·</strong></span> 
     </span>
     <span class='ocr_line' id='line_1_23' title="bbox 305 1457 1779 1502; baseline 0.001 -14"><span class='ocrx_word' id='word_1_212' title='bbox 305 1457 436 1497; x_wconf 84' lang='lat' dir='ltr'><strong>solatio,</strong></span> <span class='ocrx_word' id='word_1_213' title='bbox 459 1470 541 1501; x_wconf 88' lang='lat' dir='ltr'><strong>quae</strong></span> <span class='ocrx_word' id='word_1_214' title='bbox 567 1462 602 1491; x_wconf 89' lang='lat' dir='ltr'><strong>in</strong></span> <span class='ocrx_word' id='word_1_215' title='bbox 629 1471 736 1491; x_wconf 88' lang='lat' dir='ltr'><strong>rerum</strong></span> <span class='ocrx_word' id='word_1_216' title='bbox 757 1460 916 1491; x_wconf 87' lang='lat' dir='ltr'><strong>bonarum</strong></span> <span class='ocrx_word' id='word_1_217' title='bbox 947 1459 1127 1496; x_wconf 87' lang='lat' dir='ltr'><strong>voluntate,</strong></span> <span class='ocrx_word' id='word_1_218' title='bbox 1150 1459 1235 1490; x_wconf 87' lang='lat' dir='ltr'><strong>illius</strong></span> <span class='ocrx_word' id='word_1_219' title='bbox 1261 1460 1361 1502; x_wconf 86' lang='lat' dir='ltr'><strong>ipsius</strong></span> <span class='ocrx_word' id='word_1_220' title='bbox 1387 1470 1505 1497; x_wconf 84' lang='lat' dir='ltr'><strong>causa,</strong></span> <span class='ocrx_word' id='word_1_221' title='bbox 1541 1469 1639 1502; x_wconf 90' lang='lat' dir='ltr'><strong>quem</strong></span> <span class='ocrx_word' id='word_1_222' title='bbox 1671 1458 1779 1502; x_wconf 82' lang='lat' dir='ltr'><strong>diligi-</strong></span> 
     </span>
     <span class='ocr_line' id='line_1_24' title="bbox 304 1515 1782 1558; baseline 0.001 -14"><span class='ocrx_word' id='word_1_223' title='bbox 304 1523 402 1553; x_wconf 85' lang='lat' dir='ltr'><strong>mus,</strong></span> <span class='ocrx_word' id='word_1_224' title='bbox 438 1516 640 1558; x_wconf 83' lang='lat' dir='ltr'><strong>caritatisque</strong></span> <span class='ocrx_word' id='word_1_225' title='bbox 678 1516 815 1548; x_wconf 88' lang='lat' dir='ltr'><strong>vinculo</strong></span> <span class='ocrx_word' id='word_1_226' title='bbox 845 1522 876 1548; x_wconf 86' lang='lat' dir='ltr'><strong>et</strong></span> <span class='ocrx_word' id='word_1_227' title='bbox 917 1516 1113 1546; x_wconf 81' lang='lat' dir='ltr'><strong>matrimonii</strong></span> <span class='ocrx_word' id='word_1_228' title='bbox 1146 1516 1357 1547; x_wconf 87' lang='lat' dir='ltr'><strong>consensione</strong></span> <span class='ocrx_word' id='word_1_229' title='bbox 1392 1515 1579 1547; x_wconf 78' lang='lat' dir='ltr'><strong>absolvitur.</strong></span> <span class='ocrx_word' id='word_1_230' title='bbox 1636 1517 1782 1546; x_wconf 81' lang='lat' dir='ltr'><strong>Uxorem-</strong></span> 
     </span>
     <span class='ocr_line' id='line_1_25' title="bbox 305 1571 1783 1615; baseline 0.001 -14"><span class='ocrx_word' id='word_1_231' title='bbox 305 1580 482 1602; x_wconf 57' lang='lat' dir='ltr'><strong>zoninus</strong></span> <span class='ocrx_word' id='word_1_232' title='bbox 510 1571 645 1603; x_wconf 81' lang='lat' dir='ltr'><strong>duxerat</strong></span> <span class='ocrx_word' id='word_1_233' title='bbox 674 1573 836 1615; x_wconf 82' lang='lat' dir='ltr'><strong>virginem</strong></span> <span class='ocrx_word' id='word_1_234' title='bbox 871 1572 1095 1610; x_wconf 85' lang='lat' dir='ltr'><strong>lectissimam,</strong></span> <span class='ocrx_word' id='word_1_235' title='bbox 1125 1571 1340 1615; x_wconf 72' lang='lat' dir='ltr'><strong>omnibusque</strong></span> <span class='ocrx_word' id='word_1_236' title='bbox 1373 1572 1570 1603; x_wconf 80' lang='lat' dir='ltr'><strong>seminarum</strong></span> <span class='ocrx_word' id='word_1_237' title='bbox 1603 1571 1783 1602; x_wconf 75' lang='lat' dir='ltr'><strong>virtutibus</strong></span> 
     </span>
     <span class='ocr_line' id='line_1_26' title="bbox 307 1627 1778 1670; baseline 0.001 -13"><span class='ocrx_word' id='word_1_238' title='bbox 307 1627 558 1665; x_wconf 77' lang='lat' dir='ltr'><strong>ornatissimam,</strong></span> <span class='ocrx_word' id='word_1_239' title='bbox 581 1639 692 1660; x_wconf 60' lang='lat' dir='ltr'><strong>Aitna</strong></span> <span class='ocrx_word' id='word_1_240' title='bbox 702 1640 726 1660; x_wconf 75' lang='lat' dir='ltr'><strong>m</strong></span> <span class='ocrx_word' id='word_1_241' title='bbox 752 1639 944 1666; x_wconf 66' lang='lat' dir='ltr'><strong>CRAMER,</strong></span> <span class='ocrx_word' id='word_1_242' title='bbox 967 1628 1182 1659; x_wconf 85' lang='lat' dir='ltr'><strong>honestissimi</strong></span> <span class='ocrx_word' id='word_1_243' title='bbox 1207 1628 1390 1659; x_wconf 84' lang='lat' dir='ltr'><strong>mercatoris</strong></span> <span class='ocrx_word' id='word_1_244' title='bbox 1420 1627 1544 1666; x_wconf 77' lang='lat' dir='ltr'><strong>filiam,</strong></span> <span class='ocrx_word' id='word_1_245' title='bbox 1576 1637 1715 1670; x_wconf 89' lang='lat' dir='ltr'><strong>quacum</strong></span> <span class='ocrx_word' id='word_1_246' title='bbox 1740 1633 1778 1659; x_wconf 83' lang='lat' dir='ltr'><strong>ut</strong></span> 
     </span>
     <span class='ocr_line' id='line_1_27' title="bbox 304 1682 1776 1727; baseline 0.001 -15"><span class='ocrx_word' id='word_1_247' title='bbox 304 1688 421 1713; x_wconf 77' lang='lat' dir='ltr'><strong>natura</strong></span> <span class='ocrx_word' id='word_1_248' title='bbox 450 1685 577 1723; x_wconf 80' lang='lat' dir='ltr'><strong>comis,</strong></span> <span class='ocrx_word' id='word_1_249' title='bbox 608 1684 792 1727; x_wconf 75' lang='lat' dir='ltr'><strong>benignus,</strong></span> <span class='ocrx_word' id='word_1_250' title='bbox 832 1683 936 1716; x_wconf 77' lang='lat' dir='ltr'><strong>facilis</strong></span> <span class='ocrx_word' id='word_1_251' title='bbox 959 1692 990 1716; x_wconf 88' lang='lat' dir='ltr'><strong>et</strong></span> <span class='ocrx_word' id='word_1_252' title='bbox 1019 1685 1126 1716; x_wconf 80' lang='lat' dir='ltr'><strong>suavis</strong></span> <span class='ocrx_word' id='word_1_253' title='bbox 1157 1692 1248 1722; x_wconf 78' lang='lat' dir='ltr'><strong>erat,</strong></span> <span class='ocrx_word' id='word_1_254' title='bbox 1288 1685 1550 1727; x_wconf 81' lang='lat' dir='ltr'><strong>conjunctissime</strong></span> <span class='ocrx_word' id='word_1_255' title='bbox 1583 1682 1776 1714; x_wconf 81' lang='lat' dir='ltr'><strong>diutissime-</strong></span> 
     </span>
     <span class='ocr_line' id='line_1_28' title="bbox 307 1740 1779 1784; baseline 0.002 -16"><span class='ocrx_word' id='word_1_256' title='bbox 307 1749 370 1780; x_wconf 87' lang='lat' dir='ltr'><strong>que</strong></span> <span class='ocrx_word' id='word_1_257' title='bbox 399 1740 505 1777; x_wconf 73' lang='lat' dir='ltr'><strong>vixit,</strong></span> <span class='ocrx_word' id='word_1_258' title='bbox 533 1743 589 1783; x_wconf 85' lang='lat' dir='ltr'><strong>qui</strong></span> <span class='ocrx_word' id='word_1_259' title='bbox 621 1740 683 1772; x_wconf 88' lang='lat' dir='ltr'><strong>hoc</strong></span> <span class='ocrx_word' id='word_1_260' title='bbox 716 1743 785 1784; x_wconf 85' lang='lat' dir='ltr'><strong>ipso</strong></span> <span class='ocrx_word' id='word_1_261' title='bbox 815 1752 900 1773; x_wconf 89' lang='lat' dir='ltr'><strong>anno</strong></span> <span class='ocrx_word' id='word_1_262' title='bbox 919 1765 930 1778; x_wconf 88' lang='lat'><strong>,</strong></span> <span class='ocrx_word' id='word_1_263' title='bbox 959 1742 987 1773; x_wconf 84' lang='lat' dir='ltr'><strong>si</strong></span> <span class='ocrx_word' id='word_1_264' title='bbox 1025 1741 1105 1774; x_wconf 80' lang='lat' dir='ltr'><strong>Deo.</strong></span> <span class='ocrx_word' id='word_1_265' title='bbox 1133 1741 1328 1784; x_wconf 81' lang='lat' dir='ltr'><strong>placuisset,</strong></span> <span class='ocrx_word' id='word_1_266' title='bbox 1358 1740 1542 1772; x_wconf 80' lang='lat' dir='ltr'><strong>faustissimi</strong></span> <span class='ocrx_word' id='word_1_267' title='bbox 1579 1740 1779 1771; x_wconf 65' lang='lat' dir='ltr'><strong>matrimonii</strong></span> 
     </span>
     <span class='ocr_line' id='line_1_29' title="bbox 307 1795 1775 1840; baseline 0.001 -15"><span class='ocrx_word' id='word_1_268' title='bbox 307 1795 574 1838; x_wconf 79' lang='lat' dir='ltr'><strong>quinquagenalia</strong></span> <span class='ocrx_word' id='word_1_269' title='bbox 591 1796 806 1829; x_wconf 83' lang='lat' dir='ltr'><strong>celebraturus</strong></span> <span class='ocrx_word' id='word_1_270' title='bbox 827 1805 892 1829; x_wconf 85' lang='lat' dir='ltr'><strong>erat</strong></span> <span class='ocrx_word' id='word_1_271' title='bbox 914 1797 1002 1831; x_wconf 75' lang='lat' dir='ltr'><strong>festa.</strong></span> <span class='ocrx_word' id='word_1_272' title='bbox 1036 1799 1166 1834; x_wconf 75' lang='lat' dir='ltr'><strong>Mat-ita,</strong></span> <span class='ocrx_word' id='word_1_273' title='bbox 1184 1798 1282 1840; x_wconf 79' lang='lat' dir='ltr'><strong>prolis</strong></span> <span class='ocrx_word' id='word_1_274' title='bbox 1302 1797 1388 1829; x_wconf 83' lang='lat' dir='ltr'><strong>ferax</strong></span> <span class='ocrx_word' id='word_1_275' title='bbox 1401 1820 1410 1835; x_wconf 91' lang='lat'><strong>,</strong></span> <span class='ocrx_word' id='word_1_276' title='bbox 1434 1807 1500 1840; x_wconf 91' lang='lat' dir='ltr'><strong>quo</strong></span> <span class='ocrx_word' id='word_1_277' title='bbox 1520 1795 1647 1828; x_wconf 85' lang='lat' dir='ltr'><strong>dulcius</strong></span> <span class='ocrx_word' id='word_1_278' title='bbox 1669 1796 1775 1828; x_wconf 87' lang='lat' dir='ltr'><strong>homi-</strong></span> 
     </span>
     <span class='ocr_line' id='line_1_30' title="bbox 303 1852 1776 1898; baseline 0.003 -18"><span class='ocrx_word' id='word_1_279' title='bbox 303 1860 385 1881; x_wconf 82' lang='lat' dir='ltr'><strong>num</strong></span> <span class='ocrx_word' id='word_1_280' title='bbox 409 1853 517 1893; x_wconf 85' lang='lat' dir='ltr'><strong>generi</strong></span> <span class='ocrx_word' id='word_1_281' title='bbox 539 1852 621 1883; x_wconf 87' lang='lat' dir='ltr'><strong>nihil</strong></span> <span class='ocrx_word' id='word_1_282' title='bbox 644 1864 662 1884; x_wconf 81' lang='lat' dir='ltr'><strong>a</strong></span> <span class='ocrx_word' id='word_1_283' title='bbox 688 1861 801 1886; x_wconf 86' lang='lat' dir='ltr'><strong>natura</strong></span> <span class='ocrx_word' id='word_1_284' title='bbox 829 1854 939 1886; x_wconf 88' lang='lat' dir='ltr'><strong>datum</strong></span> <span class='ocrx_word' id='word_1_285' title='bbox 966 1861 1014 1886; x_wconf 88' lang='lat' dir='ltr'><strong>est</strong></span> <span class='ocrx_word' id='word_1_286' title='bbox 1029 1877 1039 1892; x_wconf 91' lang='lat'><strong>,</strong></span> <span class='ocrx_word' id='word_1_287' title='bbox 1073 1856 1190 1885; x_wconf 80' lang='lat' dir='ltr'><strong>amoris</strong></span> <span class='ocrx_word' id='word_1_288' title='bbox 1214 1865 1333 1898; x_wconf 74' lang='lat' dir='ltr'><strong>pignus</strong></span> <span class='ocrx_word' id='word_1_289' title='bbox 1364 1853 1472 1885; x_wconf 83' lang='lat' dir='ltr'><strong>decem</strong></span> <span class='ocrx_word' id='word_1_290' title='bbox 1498 1855 1527 1885; x_wconf 83' lang='lat' dir='ltr'><strong>ei</strong></span> <span class='ocrx_word' id='word_1_291' title='bbox 1551 1852 1669 1884; x_wconf 83' lang='lat' dir='ltr'><strong>liberos</strong></span> <span class='ocrx_word' id='word_1_292' title='bbox 1685 1862 1776 1895; x_wconf 83' lang='lat' dir='ltr'><strong>pepe·</strong></span> 
     </span>
     <span class='ocr_line' id='line_1_31' title="bbox 303 1907 1779 1955; baseline 0.001 -18"><span class='ocrx_word' id='word_1_293' title='bbox 303 1907 367 1946; x_wconf 81' lang='lat' dir='ltr'><strong>rit,</strong></span> <span class='ocrx_word' id='word_1_294' title='bbox 390 1914 437 1937; x_wconf 83' lang='lat' dir='ltr'><strong>ast</strong></span> <span class='ocrx_word' id='word_1_295' title='bbox 460 1907 559 1939; x_wconf 87' lang='lat' dir='ltr'><strong>eheu!</strong></span> <span class='ocrx_word' id='word_1_296' title='bbox 593 1920 660 1941; x_wconf 89' lang='lat' dir='ltr'><strong>non</strong></span> <span class='ocrx_word' id='word_1_297' title='bbox 685 1911 747 1941; x_wconf 88' lang='lat' dir='ltr'><strong>nisi</strong></span> <span class='ocrx_word' id='word_1_298' title='bbox 774 1910 879 1942; x_wconf 89' lang='lat' dir='ltr'><strong>adhuc</strong></span> <span class='ocrx_word' id='word_1_299' title='bbox 901 1911 1085 1955; x_wconf 83' lang='lat' dir='ltr'><strong>superstites</strong></span> <span class='ocrx_word' id='word_1_300' title='bbox 1114 1911 1207 1943; x_wconf 85' lang='lat' dir='ltr'><strong>habet</strong></span> <span class='ocrx_word' id='word_1_301' title='bbox 1237 1921 1340 1942; x_wconf 88' lang='lat' dir='ltr'><strong>unum</strong></span> <span class='ocrx_word' id='word_1_302' title='bbox 1365 1909 1489 1950; x_wconf 88' lang='lat' dir='ltr'><strong>filium,</strong></span> <span class='ocrx_word' id='word_1_303' title='bbox 1511 1909 1655 1952; x_wconf 83' lang='lat' dir='ltr'><strong>duasque</strong></span> <span class='ocrx_word' id='word_1_304' title='bbox 1674 1909 1779 1948; x_wconf 71' lang='lat' dir='ltr'><strong>filias,</strong></span> 
     </span>
    </p>
   </div>
   <div class='ocr_carea' id='block_1_3' title="bbox 304 1963 1779 2053">
    <p class='ocr_par' dir='ltr' id='par_1_5' title="bbox 304 1963 1779 2053">
     <span class='ocr_line' id='line_1_32' title="bbox 304 1963 1778 2011; baseline 0.001 -19"><span class='ocrx_word' id='word_1_305' title='bbox 304 1971 445 2003; x_wconf 83' lang='lat' dir='ltr'><strong>quorum</strong></span> <span class='ocrx_word' id='word_1_306' title='bbox 485 1963 576 1995; x_wconf 83' lang='lat' dir='ltr'><strong>illum</strong></span> <span class='ocrx_word' id='word_1_307' title='bbox 615 1964 819 2010; x_wconf 83' lang='lat' dir='ltr'><strong>filiarumque</strong></span> <span class='ocrx_word' id='word_1_308' title='bbox 849 1968 982 2002; x_wconf 78' lang='lat' dir='ltr'><strong>maritos</strong></span> <span class='ocrx_word' id='word_1_309' title='bbox 999 1991 1011 2008; x_wconf 91' lang='lat'><strong>,</strong></span> <span class='ocrx_word' id='word_1_310' title='bbox 1044 1969 1132 2004; x_wconf 66' lang='lat' dir='ltr'><strong>viros</strong></span> <span class='ocrx_word' id='word_1_311' title='bbox 1160 1965 1374 2011; x_wconf 79' lang='lat' dir='ltr'><strong>amplissimos</strong></span> <span class='ocrx_word' id='word_1_312' title='bbox 1386 1990 1395 2007; x_wconf 93' lang='lat'><strong>,</strong></span> <span class='ocrx_word' id='word_1_313' title='bbox 1428 1977 1452 1999; x_wconf 81' lang='lat' dir='ltr'><strong>n</strong></span> <span class='ocrx_word' id='word_1_314' title='bbox 1462 1977 1482 1998; x_wconf 94' lang='lat' dir='ltr'><strong>o</strong></span> <span class='ocrx_word' id='word_1_315' title='bbox 1491 1976 1513 1998; x_wconf 77' lang='lat' dir='ltr'>G</span> <span class='ocrx_word' id='word_1_316' title='bbox 1524 1978 1569 2000; x_wconf 74' lang='lat' dir='ltr'><strong>EN</strong></span> <span class='ocrx_word' id='word_1_317' title='bbox 1581 1977 1603 1999; x_wconf 80' lang='grc' dir='ltr'><strong>ι)</strong></span> <span class='ocrx_word' id='word_1_318' title='bbox 1612 1977 1632 1998; x_wconf 93' lang='lat'>0</span> <span class='ocrx_word' id='word_1_319' title='bbox 1641 1976 1660 1998; x_wconf 73' lang='lat' dir='ltr'><strong>n</strong></span> <span class='ocrx_word' id='word_1_320' title='bbox 1671 1976 1706 1997; x_wconf 77' lang='lat' dir='ltr'><strong>Pl</strong></span> <span class='ocrx_word' id='word_1_321' title='bbox 1720 1975 1739 1996; x_wconf 83' lang='lat' dir='ltr'><strong>u</strong></span> <span class='ocrx_word' id='word_1_322' title='bbox 1749 1975 1778 1995; x_wconf 68' lang='lat' dir='ltr'><strong>ut</strong></span> 
     </span>
     <span class='ocr_line' id='line_1_33' title="bbox 1745 2027 1779 2053; baseline -0.029 0"><span class='ocrx_word' id='word_1_323' title='bbox 1745 2027 1779 2053; x_wconf 76' lang='lat' dir='ltr'><strong>et</strong></span> 
     </span>
    </p>
   </div>
  </div>
 </body>
</html>
