1913 2417
736 135 1124 168 ORATIO.
1657 133 1674 166 5

239 235 323 267 Cum
353 233 454 265 Patria
485 242 501 262 a
532 240 622 261 saeva
655 229 822 261 Gallorum
863 229 1032 272 tyrannide
1066 227 1196 259 liberata
1225 234 1332 267 esset,
1365 227 1521 270 professio
1557 239 1668 261 earum

192 293 328 329 artium,
350 290 467 330 quibus
489 289 665 330 juventus,
699 286 738 316 ad
776 292 876 317 artem
906 286 980 317 belli
1014 284 1145 329 gerendi
1168 285 1343 323 destinata,
1369 284 1535 316 informari
1567 285 1667 325 solet,

192 349 226 379 in
257 358 324 384 me,
349 347 435 389 regia
462 344 647 382 voluntate,
672 343 773 373 delata
799 341 884 380 suit3
906 349 1075 385 postquam
1097 352 1133 372 ea
1160 352 1215 384 per
1240 343 1384 385 quinque
1413 341 1476 373 fere
1508 353 1669 374 annorum

192 405 329 446 spatium
359 403 467 439 omni,
499 412 582 444 quae
607 400 687 431 mihi
716 406 804 438 erat,
837 398 1023 440 diligentia,
1056 398 1212 440 omnique
1239 405 1347 429 sancta
1371 397 1455 437 fide,
1481 399 1670 441 perfunctus

188 471 309 497 essem,
339 470 356 490 e
386 457 526 501 quodam
557 457 811 492 commentario,
843 454 954 497 quod,
988 456 1022 485 in
1054 453 1199 485 militaris
1225 454 1406 496 juventutis
1428 466 1464 486 ac
1486 457 1605 486 Patriae
1624 467 1674 487 sa.

189 516 307 551 lutem,
337 517 415 557 Regi
444 515 630 557 scripseram
651 537 661 552 ‚
694 512 797 550 mibi,
827 521 902 542 cum
938 510 1127 542 hominibus
1159 510 1246 542 haud
1278 511 1671 554 astutiaerabsolvendiffi

187 584 283 616 grave
306 579 465 603 certamen
488 578 594 602 ortum
627 577 692 607 est;
721 576 752 600 at
784 568 875 610 Regi,
907 568 963 610 qni
980 591 989 605 ,
1022 568 1141 598 Patriae
1171 578 1308 610 parens,
1334 579 1366 599 se
1394 568 1572 611 benignum
1600 568 1671 601 sau·

186 637 289 661 torem
310 629 456 660 omnium
480 629 596 658 artium
621 626 800 657 cultoribus
827 623 976 667 praebet,
1002 635 1076 661 me,
1102 624 1160 666 qui
1185 635 1315 655 omnem
1348 625 1445 655 vitam
1477 625 1509 656 in
1536 637 1571 656 ea
1592 637 1667 668 pro·

186 685 322 717 sessione
353 691 600 715 consumturum
630 693 845 726 speraveram,
871 682 922 712 isti
951 680 1118 711 certamini
1137 680 1278 722 eripere,
1309 691 1360 711 me
1387 680 1665 712 lionorificentiori

184 741 380 784 professione
409 742 442 771 in
474 741 532 770 hac
568 740 686 770 illustri.
717 738 887 771 Academia
916 747 1057 772 ornare,
1090 746 1140 766 me
1174 735 1295 774 Vobis,
1327 738 1395 767 Viri
1434 736 1664 769 Eruditissimil

184 807 413 836 annumerare,
436 803 531 839 atque
554 799 587 828 in
612 796 663 827 his
679 795 826 834 aedibus,
850 795 951 825 Musis
977 800 1008 824 et
1033 791 1150 824 Palladi
1168 791 1297 832 dicatis,
1321 792 1493 833 collocare,
1517 793 1666 837 benigni-

181 861 231 886 ter
254 854 381 897 placuit.

224 911 369 949 Videtis,
394 909 572 942 Auditores
594 908 842 942 Humaniss'rmi!
877 914 996 952 quanta
1024 907 1065 938 sit
1091 905 1275 938 mortalium
1307 907 1402 939 sortis
1431 907 1661 939 inconstantia!

181 967 257 1006 sed,
289 967 368 1011 quid
391 974 457 1000 estx
495 967 583 1011 quod
622 968 661 999 de
690 968 785 999 rebus
819 967 897 997 meis
928 965 1067 996 adversis
1097 963 1234 1005 amplius
1268 964 1407 1005 querar?
1454 964 1507 1004 ld,
1531 965 1620 1008 quod
1647 975 1665 995 a

179 1026 248 1055 Deo
275 1025 407 1067 Optimo
432 1025 579 1057 Maximo
606 1032 752 1068 precatus
782 1034 887 1060 eram,
920 1019 1072 1053 obtinui!
1104 1020 1184 1062 quid
1217 1019 1344 1051 dicam?
1366 1020 1493 1051 obtinui
1524 1023 1660 1062 majora;

180 1080 335 1118 obtinui,
369 1092 451 1123 quae
476 1092 645 1124 nunquam
678 1090 851 1123 sperassem
884 1086 917 1109 et
940 1088 1022 1120 quae
1049 1082 1172 1118 petere,
1205 1075 1255 1106 vel
1285 1077 1379 1107 stulta
1412 1078 1587 1116 temeritas,
1609 1077 1660 1109 vel

180 1136 293 1167 insana
317 1136 446 1167 audacia
475 1136 595 1169 fuisset.
640 1136 737 1174 Mihi,
762 1134 945 1177 vigentibus
973 1133 1115 1170 viribus,
1138 1143 1290 1175 prospera
1319 1135 1436 1165 mentis
1456 1140 1488 1164 et
1513 1136 1657 1177 corporis

177 1191 360 1223 valetudine
382 1191 522 1231 fruenti,
547 1193 679 1223 liberam
709 1193 912 1223 scientiarum
939 1189 1155 1231 provinciam,
1181 1199 1237 1230 per
1262 1199 1374 1231 quam,
1396 1190 1465 1221 sine
1488 1190 1658 1230 molestiis,

176 1248 285 1290 vagari
308 1247 388 1278 mihi
413 1247 524 1286 liceat,
547 1248 600 1280 illa
622 1248 731 1279 divina
755 1246 975 1283 Providentia,
997 1244 1059 1275 fata
1093 1251 1276 1287 sortemque
1314 1247 1500 1278 mortalium
1535 1250 1659 1291 sapien.

175 1310 224 1336 ter
251 1304 455 1347 gubernans,
487 1304 630 1348 benigue
655 1305 798 1348 aperuit3
830 1315 890 1347 pro
916 1301 1035 1346 quibus
1059 1300 1223 1332 beneficiis
1245 1302 1275 1332 ei
1297 1311 1438 1334 summas
1462 1306 1577 1348 gratias
1597 1316 1658 1348 pu*

174 1359 257 1391 blice
283 1359 398 1391 referre
427 1372 479 1392 me
505 1361 606 1395 decet.

217 1416 278 1448 Sed
302 1427 457 1459 quorsum
485 1419 609 1461 vagor?
653 1418 705 1451 Ad
735 1429 833 1462 quam
869 1418 1030 1450 levitatem
1057 1416 1158 1448 animi
1190 1415 1302 1448 festiva
1329 1418 1448 1461 gaudia·
1469 1430 1520 1450 me
1542 1420 1657 1451 incon-

172 1472 339 1505 sideratius
367 1473 557 1516 abripiunt?
602 1477 717 1507 Nonne
743 1477 892 1507 sanctitas
921 1475 1019 1515 hujus
1047 1473 1155 1511 aediS,
1187 1485 1254 1504 non
1280 1476 1392 1506 statuis
1421 1487 1525 1518 neque
1551 1478 1655 1519 pictu-

171 1530 216 1560 ris
238 1536 386 1568 ornatae,
419 1530 474 1561 sed
501 1537 546 1562 tot
575 1531 748 1562 illustrium
780 1535 924 1563 virorum
957 1530 1203 1567 recordatione,
1230 1531 1287 1572 q2ui
1317 1532 1436 1562 Patriae
1465 1533 1581 1572 decus,
1607 1540 1654 1564 to-

171 1586 298 1628 tiusque
321 1592 478 1616 terrarum
503 1587 590 1617 orbis
614 1587 782 1618 admiratio
805 1587 910 1624 fuere,
940 1586 1134 1623 illustratae,
1167 1587 1247 1616 mihi
1282 1594 1421 1618 mentem
1454 1596 1548 1632 atque
1583 1591 1654 1621 ani·

171 1651 262 1672 mum
293 1643 530 1672 commoveret?
574 1644 690 1674 Nonne
719 1654 769 1674 me
805 1644 913 1674 vultus
938 1653 1113 1673 munerum
1141 1642 1297 1684 dignitate
1323 1646 1586 1686 gravissimorum
1613 1657 1650 1678 ac

171 1697 298 1739 egregia
326 1697 471 1727 doctrina
491 1698 740 1730 clarissimorum
773 1702 917 1731 virorum
943 1698 1163 1742 perturbaret?
1209 1701 1360 1730 Esse-mne
1389 1703 1570 1733 temeritatis
1599 1702 1654 1733 ab·

170 1752 344 1784 solvendus
361 1775 372 1791 ,
396 1754 484 1796 quod
512 1767 590 1797 ego,
615 1767 681 1786 non
706 1766 869 1787 sacrorum
895 1756 1057 1786 Mineruae
1084 1756 1263 1786 antistitum
1289 1756 1458 1796 alumnus,
1482 1759 1652 1800 professio-

170 1820 245 1841 nem
279 1811 439 1853 suscipere
461 1812 594 1842 audcam
610 1835 621 1850 ,
644 1814 738 1855 cujus
758 1813 838 1843 sorte
861 1812 965 1843 officia
995 1822 1100 1853 neque
1123 1816 1303 1854 percipere,
1339 1825 1442 1856 neque
1463 1825 1523 1846 suo
1548 1817 1655 1858 pretio

172 1866 334 1897 aestimare
357 1869 501 1909 possim?
546 1869 702 1911 Equidem
733 1876 860 1911 penitus
887 1870 1063 1911 perspicio,
1086 1868 1257 1900 Auditores
1280 1870 1527 1902 llumanissimi!
1551 1882 1650 1914 quain

166 1922 299 1966 exiguae
324 1931 391 1956 sint
414 1936 502 1956 meae
523 1925 606 1957 vires
633 1926 674 1957 ad
700 1925 945 1969 professionem,
978 1935 1076 1966 quan]
1109 1935 1197 1956 more
1228 1927 1384 1967 ntfljfflum
1416 1927 1572 1960 hodierno
1597 1927 1649 1958 (he

973 1984 1007 2012 A
1031 1980 1055 2012 3.
1552 1985 1649 2014 susci-
