<?xml version="1.0" encoding="UTF-8"?>
<!DOCTYPE html PUBLIC "-//W3C//DTD XHTML 1.0 Transitional//EN"
    "http://www.w3.org/TR/xhtml1/DTD/xhtml1-transitional.dtd">
<html xmlns="http://www.w3.org/1999/xhtml" xml:lang="en" lang="en">
 <head>
  <title>
</title>
<meta http-equiv="Content-Type" content="text/html;charset=utf-8" />
  <meta name='ocr-system' content='tesseract 3.04.00' />
  <meta name='ocr-capabilities' content='ocr_page ocr_carea ocr_par ocr_line ocrx_word'/>
</head>
<body>
  <div class='ocr_page' id='page_1' title='image "annalesacademiae19rijk_0433.png"; bbox 0 0 1913 2417; ppageno 0'>
   <div class='ocr_carea' id='block_1_1' title="bbox 262 128 1633 169">
    <p class='ocr_par' dir='ltr' id='par_1_1' title="bbox 262 128 1633 169">
     <span class='ocr_line' id='line_1_1' title="bbox 262 128 1633 169; baseline -0.001 -10"><span class='ocrx_word' id='word_1_1' title='bbox 262 128 544 161; x_wconf 86' lang='lat' dir='ltr'>RESPONSIO</span> <span class='ocrx_word' id='word_1_2' title='bbox 572 139 620 161; x_wconf 79' lang='grc' dir='ltr'>Λο</span> <span class='ocrx_word' id='word_1_3' title='bbox 649 129 1020 169; x_wconf 82' lang='lat' dir='ltr'><strong>QUAESTIONEM</strong></span> <span class='ocrx_word' id='word_1_4' title='bbox 1047 129 1496 162; x_wconf 83' lang='lat' dir='ltr'>HYDROSTATICAM.</span> <span class='ocrx_word' id='word_1_5' title='bbox 1595 135 1633 165; x_wconf 78' lang='lat'>59</span> 
     </span>
    </p>
   </div>
   <div class='ocr_carea' id='block_1_2' title="bbox 110 211 1647 2039">
    <p class='ocr_par' dir='ltr' id='par_1_2' title="bbox 110 211 1647 2039">
     <span class='ocr_line' id='line_1_2' title="bbox 117 211 1630 251; baseline -0.001 -11"><span class='ocrx_word' id='word_1_6' title='bbox 117 212 238 250; x_wconf 69' lang='lat' dir='ltr'>gravia,</span> <span class='ocrx_word' id='word_1_7' title='bbox 261 215 500 249; x_wconf 86' lang='lat' dir='ltr'>quemadmodum</span> <span class='ocrx_word' id='word_1_8' title='bbox 525 214 648 251; x_wconf 87' lang='lat' dir='ltr'>probant</span> <span class='ocrx_word' id='word_1_9' title='bbox 665 213 742 242; x_wconf 87' lang='lat' dir='ltr'>varia</span> <span class='ocrx_word' id='word_1_10' title='bbox 770 222 892 251; x_wconf 85' lang='lat' dir='ltr'>corpora</span> <span class='ocrx_word' id='word_1_11' title='bbox 908 213 938 243; x_wconf 85' lang='lat' dir='ltr'>in</span> <span class='ocrx_word' id='word_1_12' title='bbox 955 223 1047 245; x_wconf 89' lang='lat' dir='ltr'>vacuo</span> <span class='ocrx_word' id='word_1_13' title='bbox 1063 215 1097 244; x_wconf 90' lang='lat' dir='ltr'>ab</span> <span class='ocrx_word' id='word_1_14' title='bbox 1114 215 1263 244; x_wconf 82' lang='lat' dir='ltr'>altitudine</span> <span class='ocrx_word' id='word_1_15' title='bbox 1280 213 1476 250; x_wconf 82' lang='lat' dir='ltr'><strong>qualicunque</strong></span> <span class='ocrx_word' id='word_1_16' title='bbox 1490 211 1630 244; x_wconf 69' lang='lat' dir='ltr'>demissa⁹</span> 
     </span>
     <span class='ocr_line' id='line_1_3' title="bbox 115 264 1629 303; baseline -0.001 -9"><span class='ocrx_word' id='word_1_17' title='bbox 115 272 148 294; x_wconf 73' lang='lat' dir='ltr'>ct</span> <span class='ocrx_word' id='word_1_18' title='bbox 170 265 256 294; x_wconf 87' lang='lat' dir='ltr'>simul</span> <span class='ocrx_word' id='word_1_19' title='bbox 278 266 314 294; x_wconf 91' lang='lat' dir='ltr'>ad</span> <span class='ocrx_word' id='word_1_20' title='bbox 334 265 457 294; x_wconf 84' lang='lat' dir='ltr'>fundum</span> <span class='ocrx_word' id='word_1_21' title='bbox 483 265 687 302; x_wconf 82' lang='lat' dir='ltr'>pervenientia.</span> <span class='ocrx_word' id='word_1_22' title='bbox 732 266 823 295; x_wconf 85' lang='lat' dir='ltr'>Aliud</span> <span class='ocrx_word' id='word_1_23' title='bbox 846 266 916 301; x_wconf 89' lang='lat' dir='ltr'>quid</span> <span class='ocrx_word' id='word_1_24' title='bbox 936 272 980 295; x_wconf 89' lang='lat' dir='ltr'>est</span> <span class='ocrx_word' id='word_1_25' title='bbox 1001 267 1130 303; x_wconf 87' lang='lat' dir='ltr'>pondus.</span> <span class='ocrx_word' id='word_1_26' title='bbox 1170 267 1289 295; x_wconf 85' lang='lat' dir='ltr'>Pondus</span> <span class='ocrx_word' id='word_1_27' title='bbox 1311 271 1354 294; x_wconf 87' lang='lat' dir='ltr'>est</span> <span class='ocrx_word' id='word_1_28' title='bbox 1374 264 1514 298; x_wconf 83' lang='lat' dir='ltr'>effectus,</span> <span class='ocrx_word' id='word_1_29' title='bbox 1543 269 1629 297; x_wconf 80' lang='lat' dir='ltr'>quem</span> 
     </span>
     <span class='ocr_line' id='line_1_4' title="bbox 116 314 1630 354; baseline -0.003 -10"><span class='ocrx_word' id='word_1_30' title='bbox 116 324 222 345; x_wconf 77' lang='lat' dir='ltr'>omnes</span> <span class='ocrx_word' id='word_1_31' title='bbox 245 317 403 353; x_wconf 86' lang='lat' dir='ltr'>particulae</span> <span class='ocrx_word' id='word_1_32' title='bbox 425 318 555 353; x_wconf 88' lang='lat' dir='ltr'>corporis</span> <span class='ocrx_word' id='word_1_33' title='bbox 580 317 667 346; x_wconf 87' lang='lat' dir='ltr'>simul</span> <span class='ocrx_word' id='word_1_34' title='bbox 691 325 803 346; x_wconf 86' lang='lat' dir='ltr'>sumtae</span> <span class='ocrx_word' id='word_1_35' title='bbox 819 317 871 346; x_wconf 87' lang='lat' dir='ltr'>illo</span> <span class='ocrx_word' id='word_1_36' title='bbox 894 317 979 353; x_wconf 83' lang='lat' dir='ltr'>nisu,</span> <span class='ocrx_word' id='word_1_37' title='bbox 1001 318 1051 346; x_wconf 91' lang='lat' dir='ltr'>illa</span> <span class='ocrx_word' id='word_1_38' title='bbox 1074 318 1228 354; x_wconf 87' lang='lat' dir='ltr'>gravitate,</span> <span class='ocrx_word' id='word_1_39' title='bbox 1249 318 1278 346; x_wconf 88' lang='lat' dir='ltr'>in</span> <span class='ocrx_word' id='word_1_40' title='bbox 1301 317 1379 346; x_wconf 89' lang='lat' dir='ltr'>aliud</span> <span class='ocrx_word' id='word_1_41' title='bbox 1396 322 1505 351; x_wconf 88' lang='lat' dir='ltr'>corpus</span> <span class='ocrx_word' id='word_1_42' title='bbox 1529 314 1630 341; x_wconf 85' lang='lat' dir='ltr'>edunt.</span> 
     </span>
     <span class='ocr_line' id='line_1_5' title="bbox 121 363 1633 405; baseline -0.004 -9"><span class='ocrx_word' id='word_1_43' title='bbox 121 367 199 396; x_wconf 91' lang='lat' dir='ltr'>Hinc</span> <span class='ocrx_word' id='word_1_44' title='bbox 222 376 282 397; x_wconf 90' lang='lat' dir='ltr'>non</span> <span class='ocrx_word' id='word_1_45' title='bbox 307 369 403 397; x_wconf 84' lang='lat' dir='ltr'>omnia</span> <span class='ocrx_word' id='word_1_46' title='bbox 428 377 549 405; x_wconf 85' lang='lat' dir='ltr'>corpora</span> <span class='ocrx_word' id='word_1_47' title='bbox 581 374 650 397; x_wconf 87' lang='lat' dir='ltr'>sunt</span> <span class='ocrx_word' id='word_1_48' title='bbox 680 377 768 405; x_wconf 87' lang='lat' dir='ltr'>aeque</span> <span class='ocrx_word' id='word_1_49' title='bbox 795 370 975 405; x_wconf 87' lang='lat' dir='ltr'>ponderosa,</span> <span class='ocrx_word' id='word_1_50' title='bbox 1005 369 1140 405; x_wconf 90' lang='lat' dir='ltr'>quoniam</span> <span class='ocrx_word' id='word_1_51' title='bbox 1172 369 1227 397; x_wconf 85' lang='lat' dir='ltr'>alia</span> <span class='ocrx_word' id='word_1_52' title='bbox 1253 368 1317 397; x_wconf 90' lang='lat' dir='ltr'>aliis</span> <span class='ocrx_word' id='word_1_53' title='bbox 1349 368 1445 404; x_wconf 88' lang='lat' dir='ltr'>plures</span> <span class='ocrx_word' id='word_1_54' title='bbox 1475 363 1633 402; x_wconf 82' lang='lat' dir='ltr'>particulas</span> 
     </span>
     <span class='ocr_line' id='line_1_6' title="bbox 123 418 1612 456; baseline -0.005 -7"><span class='ocrx_word' id='word_1_55' title='bbox 123 419 295 454; x_wconf 78' lang='lat' dir='ltr'>continent,</span> <span class='ocrx_word' id='word_1_56' title='bbox 315 425 343 447; x_wconf 91' lang='lat' dir='ltr'>et</span> <span class='ocrx_word' id='word_1_57' title='bbox 366 419 481 455; x_wconf 89' lang='lat' dir='ltr'>pondus</span> <span class='ocrx_word' id='word_1_58' title='bbox 505 428 615 456; x_wconf 77' lang='lat' dir='ltr'>semper</span> <span class='ocrx_word' id='word_1_59' title='bbox 639 427 683 449; x_wconf 89' lang='lat' dir='ltr'>est</span> <span class='ocrx_word' id='word_1_60' title='bbox 709 421 738 449; x_wconf 88' lang='lat' dir='ltr'>in</span> <span class='ocrx_word' id='word_1_61' title='bbox 763 421 876 451; x_wconf 88' lang='lat' dir='ltr'>ratione</span> <span class='ocrx_word' id='word_1_62' title='bbox 898 421 1005 449; x_wconf 80' lang='lat' dir='ltr'>directa</span> <span class='ocrx_word' id='word_1_63' title='bbox 1025 420 1137 450; x_wconf 88' lang='lat' dir='ltr'>numeri</span> <span class='ocrx_word' id='word_1_64' title='bbox 1158 419 1379 456; x_wconf 82' lang='lat' dir='ltr'>particularum,</span> <span class='ocrx_word' id='word_1_65' title='bbox 1400 418 1421 447; x_wconf 88' lang='lat' dir='ltr'>i.</span> <span class='ocrx_word' id='word_1_66' title='bbox 1441 425 1466 447; x_wconf 88' lang='lat' dir='ltr'>e.</span> <span class='ocrx_word' id='word_1_67' title='bbox 1490 422 1612 444; x_wconf 78' lang='lat' dir='ltr'>massae,</span> 
     </span>
     <span class='ocr_line' id='line_1_7' title="bbox 154 468 1632 508; baseline -0.005 -7"><span class='ocrx_word' id='word_1_68' title='bbox 154 471 202 501; x_wconf 89' lang='lat' dir='ltr'>Ex</span> <span class='ocrx_word' id='word_1_69' title='bbox 224 470 393 500; x_wconf 82' lang='lat' dir='ltr'>definitione</span> <span class='ocrx_word' id='word_1_70' title='bbox 408 471 564 507; x_wconf 84' lang='lat' dir='ltr'>ponderis,</span> <span class='ocrx_word' id='word_1_71' title='bbox 588 480 672 508; x_wconf 87' lang='lat' dir='ltr'>quam</span> <span class='ocrx_word' id='word_1_72' title='bbox 699 472 847 507; x_wconf 79' lang='lat' dir='ltr'>dedimus,</span> <span class='ocrx_word' id='word_1_73' title='bbox 877 472 1026 508; x_wconf 83' lang='lat' dir='ltr'>sequitur,</span> <span class='ocrx_word' id='word_1_74' title='bbox 1057 472 1188 508; x_wconf 91' lang='lat' dir='ltr'>corporis</span> <span class='ocrx_word' id='word_1_75' title='bbox 1213 471 1328 507; x_wconf 89' lang='lat' dir='ltr'>pondus</span> <span class='ocrx_word' id='word_1_76' title='bbox 1351 477 1412 498; x_wconf 85' lang='lat' dir='ltr'>non</span> <span class='ocrx_word' id='word_1_77' title='bbox 1434 468 1632 500; x_wconf 84' lang='lat' dir='ltr'>innotescere,</span> 
     </span>
     <span class='ocr_line' id='line_1_8' title="bbox 117 517 1632 560; baseline -0.005 -9"><span class='ocrx_word' id='word_1_78' title='bbox 117 522 176 552; x_wconf 87' lang='lat' dir='ltr'>nisi</span> <span class='ocrx_word' id='word_1_79' title='bbox 197 522 236 551; x_wconf 87' lang='lat' dir='ltr'>sit</span> <span class='ocrx_word' id='word_1_80' title='bbox 264 530 373 558; x_wconf 88' lang='lat' dir='ltr'>corpus</span> <span class='ocrx_word' id='word_1_81' title='bbox 398 522 472 551; x_wconf 88' lang='lat' dir='ltr'>illud</span> <span class='ocrx_word' id='word_1_82' title='bbox 492 531 557 551; x_wconf 87' lang='lat' dir='ltr'>cum</span> <span class='ocrx_word' id='word_1_83' title='bbox 583 523 641 552; x_wconf 87' lang='lat' dir='ltr'>alio</span> <span class='ocrx_word' id='word_1_84' title='bbox 665 531 787 560; x_wconf 87' lang='lat' dir='ltr'>corpore</span> <span class='ocrx_word' id='word_1_85' title='bbox 809 524 1012 560; x_wconf 83' lang='lat' dir='ltr'>conjunctum.</span> <span class='ocrx_word' id='word_1_86' title='bbox 1052 523 1105 552; x_wconf 90' lang='lat' dir='ltr'>Illa</span> <span class='ocrx_word' id='word_1_87' title='bbox 1128 530 1221 552; x_wconf 87' lang='lat' dir='ltr'>autem</span> <span class='ocrx_word' id='word_1_88' title='bbox 1247 520 1420 559; x_wconf 73' lang='lat' dir='ltr'>conjunctio</span> <span class='ocrx_word' id='word_1_89' title='bbox 1442 517 1552 555; x_wconf 86' lang='lat' dir='ltr'>duplici</span> <span class='ocrx_word' id='word_1_90' title='bbox 1568 523 1632 545; x_wconf 90' lang='lat' dir='ltr'>tan-</span> 
     </span>
     <span class='ocr_line' id='line_1_9' title="bbox 113 569 1635 611; baseline -0.004 -9"><span class='ocrx_word' id='word_1_91' title='bbox 113 580 179 603; x_wconf 81' lang='lat' dir='ltr'>·turn</span> <span class='ocrx_word' id='word_1_92' title='bbox 207 574 293 603; x_wconf 88' lang='lat' dir='ltr'>modo</span> <span class='ocrx_word' id='word_1_93' title='bbox 320 573 452 602; x_wconf 59' lang='lat' dir='ltr'>eflectum</span> <span class='ocrx_word' id='word_1_94' title='bbox 487 575 567 603; x_wconf 86' lang='lat' dir='ltr'>edere</span> <span class='ocrx_word' id='word_1_95' title='bbox 596 581 713 611; x_wconf 78' lang='lat' dir='ltr'>potest,</span> <span class='ocrx_word' id='word_1_96' title='bbox 742 575 845 611; x_wconf 85' lang='lat' dir='ltr'>premit</span> <span class='ocrx_word' id='word_1_97' title='bbox 869 575 943 604; x_wconf 87' lang='lat' dir='ltr'>enim</span> <span class='ocrx_word' id='word_1_98' title='bbox 967 583 1095 611; x_wconf 85' lang='lat' dir='ltr'>corpus,</span> <span class='ocrx_word' id='word_1_99' title='bbox 1124 574 1171 603; x_wconf 89' lang='lat' dir='ltr'>cui</span> <span class='ocrx_word' id='word_1_100' title='bbox 1191 573 1353 608; x_wconf 88' lang='lat' dir='ltr'>incumbit,</span> <span class='ocrx_word' id='word_1_101' title='bbox 1384 571 1431 601; x_wconf 82' lang='lat' dir='ltr'>vel</span> <span class='ocrx_word' id='word_1_102' title='bbox 1461 569 1549 599; x_wconf 86' lang='lat' dir='ltr'>trahit</span> <span class='ocrx_word' id='word_1_103' title='bbox 1569 575 1635 597; x_wconf 85' lang='lat' dir='ltr'>cor·</span> 
     </span>
     <span class='ocr_line' id='line_1_10' title="bbox 117 621 1633 663; baseline -0.005 -9"><span class='ocrx_word' id='word_1_104' title='bbox 117 634 193 663; x_wconf 78' lang='lat' dir='ltr'>pus,</span> <span class='ocrx_word' id='word_1_105' title='bbox 213 625 261 654; x_wconf 90' lang='lat' dir='ltr'>cui</span> <span class='ocrx_word' id='word_1_106' title='bbox 284 626 396 661; x_wconf 84' lang='lat' dir='ltr'>affixum</span> <span class='ocrx_word' id='word_1_107' title='bbox 418 632 473 655; x_wconf 83' lang='lat' dir='ltr'>est.</span> <span class='ocrx_word' id='word_1_108' title='bbox 514 626 635 663; x_wconf 79' lang='lat' dir='ltr'>Duplici</span> <span class='ocrx_word' id='word_1_109' title='bbox 656 627 731 655; x_wconf 87' lang='lat' dir='ltr'>enirn</span> <span class='ocrx_word' id='word_1_110' title='bbox 749 627 836 656; x_wconf 88' lang='lat' dir='ltr'>modo</span> <span class='ocrx_word' id='word_1_111' title='bbox 862 627 944 656; x_wconf 86' lang='lat' dir='ltr'>nisus</span> <span class='ocrx_word' id='word_1_112' title='bbox 965 634 1066 655; x_wconf 87' lang='lat' dir='ltr'>versus</span> <span class='ocrx_word' id='word_1_113' title='bbox 1084 632 1213 654; x_wconf 87' lang='lat' dir='ltr'>centrum</span> <span class='ocrx_word' id='word_1_114' title='bbox 1234 624 1344 653; x_wconf 73' lang='lat' dir='ltr'>telluris</span> <span class='ocrx_word' id='word_1_115' title='bbox 1369 621 1501 652; x_wconf 81' lang='lat' dir='ltr'>frustrari</span> <span class='ocrx_word' id='word_1_116' title='bbox 1523 625 1633 657; x_wconf 89' lang='lat' dir='ltr'>potest.</span> 
     </span>
     <span class='ocr_line' id='line_1_11' title="bbox 114 672 1636 714; baseline -0.005 -8"><span class='ocrx_word' id='word_1_117' title='bbox 114 677 237 713; x_wconf 90' lang='lat' dir='ltr'>Corpus</span> <span class='ocrx_word' id='word_1_118' title='bbox 264 677 374 706; x_wconf 85' lang='lat' dir='ltr'>scilicet</span> <span class='ocrx_word' id='word_1_119' title='bbox 391 676 420 706; x_wconf 89' lang='lat' dir='ltr'>vi</span> <span class='ocrx_word' id='word_1_120' title='bbox 443 677 595 713; x_wconf 84' lang='lat' dir='ltr'>gravitatis</span> <span class='ocrx_word' id='word_1_121' title='bbox 618 685 737 714; x_wconf 80' lang='lat' dir='ltr'>actum,</span> <span class='ocrx_word' id='word_1_122' title='bbox 756 679 971 714; x_wconf 68' lang='lat' dir='ltr'>sustentando,</span> <span class='ocrx_word' id='word_1_123' title='bbox 992 679 1039 706; x_wconf 90' lang='lat' dir='ltr'>vel</span> <span class='ocrx_word' id='word_1_124' title='bbox 1058 677 1092 706; x_wconf 89' lang='lat' dir='ltr'>ab</span> <span class='ocrx_word' id='word_1_125' title='bbox 1119 678 1179 714; x_wconf 72' lang='lat' dir='ltr'>ejus</span> <span class='ocrx_word' id='word_1_126' title='bbox 1202 682 1282 713; x_wconf 84' lang='lat' dir='ltr'>parte</span> <span class='ocrx_word' id='word_1_127' title='bbox 1305 674 1453 709; x_wconf 73' lang='lat' dir='ltr'>inferiori,</span> <span class='ocrx_word' id='word_1_128' title='bbox 1474 672 1519 701; x_wconf 91' lang='lat' dir='ltr'>vel</span> <span class='ocrx_word' id='word_1_129' title='bbox 1537 681 1551 700; x_wconf 90' lang='lat' dir='ltr'>a</span> <span class='ocrx_word' id='word_1_130' title='bbox 1572 678 1636 707; x_wconf 85' lang='lat' dir='ltr'>par-</span> 
     </span>
     <span class='ocr_line' id='line_1_12' title="bbox 119 725 1635 765; baseline -0.005 -8"><span class='ocrx_word' id='word_1_131' title='bbox 119 734 149 757; x_wconf 83' lang='lat' dir='ltr'>te</span> <span class='ocrx_word' id='word_1_132' title='bbox 177 727 329 764; x_wconf 84' lang='lat' dir='ltr'>superiori.</span> <span class='ocrx_word' id='word_1_133' title='bbox 366 728 428 765; x_wconf 84' lang='lat' dir='ltr'>Jam</span> <span class='ocrx_word' id='word_1_134' title='bbox 450 737 518 758; x_wconf 87' lang='lat' dir='ltr'>vero</span> <span class='ocrx_word' id='word_1_135' title='bbox 538 729 587 757; x_wconf 84' lang='lat' dir='ltr'>ubi</span> <span class='ocrx_word' id='word_1_136' title='bbox 610 737 720 765; x_wconf 88' lang='lat' dir='ltr'>corpus</span> <span class='ocrx_word' id='word_1_137' title='bbox 742 729 882 759; x_wconf 86' lang='lat' dir='ltr'>alterutro</span> <span class='ocrx_word' id='word_1_138' title='bbox 900 730 987 759; x_wconf 79' lang='lat' dir='ltr'>modo</span> <span class='ocrx_word' id='word_1_139' title='bbox 1002 734 1200 763; x_wconf 74' lang='lat' dir='ltr'>sustentatur,</span> <span class='ocrx_word' id='word_1_140' title='bbox 1221 734 1281 756; x_wconf 91' lang='lat' dir='ltr'>tum</span> <span class='ocrx_word' id='word_1_141' title='bbox 1299 725 1372 754; x_wconf 88' lang='lat' dir='ltr'>illud</span> <span class='ocrx_word' id='word_1_142' title='bbox 1391 732 1500 761; x_wconf 90' lang='lat' dir='ltr'>corpus</span> <span class='ocrx_word' id='word_1_143' title='bbox 1520 728 1635 752; x_wconf 86' lang='lat' dir='ltr'>susten-</span> 
     </span>
     <span class='ocr_line' id='line_1_13' title="bbox 112 773 1637 819; baseline -0.003 -12"><span class='ocrx_word' id='word_1_144' title='bbox 112 785 207 808; x_wconf 64' lang='lat' dir='ltr'>tatum</span> <span class='ocrx_word' id='word_1_145' title='bbox 235 779 265 807; x_wconf 90' lang='lat' dir='ltr'>in</span> <span class='ocrx_word' id='word_1_146' title='bbox 291 787 399 814; x_wconf 82' lang='lat' dir='ltr'>corpus</span> <span class='ocrx_word' id='word_1_147' title='bbox 429 786 594 808; x_wconf 88' lang='lat' dir='ltr'>sustentans</span> <span class='ocrx_word' id='word_1_148' title='bbox 618 781 747 818; x_wconf 70' lang='lat' dir='ltr'>pondere</span> <span class='ocrx_word' id='word_1_149' title='bbox 771 790 820 809; x_wconf 77' lang='lat' dir='ltr'>suo</span> <span class='ocrx_word' id='word_1_150' title='bbox 844 789 953 819; x_wconf 72' lang='lat' dir='ltr'>agere,</span> <span class='ocrx_word' id='word_1_151' title='bbox 983 780 1004 810; x_wconf 90' lang='lat' dir='ltr'>i.</span> <span class='ocrx_word' id='word_1_152' title='bbox 1028 788 1055 809; x_wconf 90' lang='lat' dir='ltr'>e.</span> <span class='ocrx_word' id='word_1_153' title='bbox 1075 779 1241 818; x_wconf 75' lang='lat' dir='ltr'>ponderare</span> <span class='ocrx_word' id='word_1_154' title='bbox 1264 777 1387 806; x_wconf 87' lang='lat' dir='ltr'>dicitur:</span> <span class='ocrx_word' id='word_1_155' title='bbox 1418 776 1505 810; x_wconf 89' lang='lat' dir='ltr'>dum,</span> <span class='ocrx_word' id='word_1_156' title='bbox 1536 773 1579 802; x_wconf 87' lang='lat' dir='ltr'>uti</span> <span class='ocrx_word' id='word_1_157' title='bbox 1602 781 1637 803; x_wconf 74' lang='lat' dir='ltr'>ex</span> 
     </span>
     <span class='ocr_line' id='line_1_14' title="bbox 122 828 1638 869; baseline -0.005 -10"><span class='ocrx_word' id='word_1_158' title='bbox 122 830 190 859; x_wconf 85' lang='lat' dir='ltr'>data</span> <span class='ocrx_word' id='word_1_159' title='bbox 214 830 364 866; x_wconf 83' lang='lat' dir='ltr'>gravitatis</span> <span class='ocrx_word' id='word_1_160' title='bbox 385 830 553 859; x_wconf 84' lang='lat' dir='ltr'>definitione</span> <span class='ocrx_word' id='word_1_161' title='bbox 579 831 729 867; x_wconf 87' lang='lat' dir='ltr'>sequitur,</span> <span class='ocrx_word' id='word_1_162' title='bbox 751 840 861 868; x_wconf 88' lang='lat' dir='ltr'>corpus</span> <span class='ocrx_word' id='word_1_163' title='bbox 879 833 1035 869; x_wconf 73' lang='lat' dir='ltr'>gravitate</span> <span class='ocrx_word' id='word_1_164' title='bbox 1057 839 1110 859; x_wconf 89' lang='lat' dir='ltr'>sua</span> <span class='ocrx_word' id='word_1_165' title='bbox 1131 836 1262 859; x_wconf 74' lang='lat' dir='ltr'>centrum</span> <span class='ocrx_word' id='word_1_166' title='bbox 1285 828 1401 857; x_wconf 77' lang='lat' dir='ltr'>telluris</span> <span class='ocrx_word' id='word_1_167' title='bbox 1421 832 1540 865; x_wconf 80' lang='lat' dir='ltr'>petens,</span> <span class='ocrx_word' id='word_1_168' title='bbox 1564 833 1638 862; x_wconf 78' lang='lat' dir='ltr'>gra·</span> 
     </span>
     <span class='ocr_line' id='line_1_15' title="bbox 111 876 1633 920; baseline -0.005 -10"><span class='ocrx_word' id='word_1_169' title='bbox 111 883 215 913; x_wconf 70' lang='lat' dir='ltr'>vitare</span> <span class='ocrx_word' id='word_1_170' title='bbox 236 881 351 911; x_wconf 88' lang='lat' dir='ltr'>dicitur.</span> <span class='ocrx_word' id='word_1_171' title='bbox 392 881 459 910; x_wconf 86' lang='lat' dir='ltr'>Etsi</span> <span class='ocrx_word' id='word_1_172' title='bbox 482 888 595 917; x_wconf 81' lang='lat' dir='ltr'>autem,</span> <span class='ocrx_word' id='word_1_173' title='bbox 626 883 668 911; x_wconf 88' lang='lat' dir='ltr'>uti</span> <span class='ocrx_word' id='word_1_174' title='bbox 695 889 794 919; x_wconf 86' lang='lat' dir='ltr'>patet,</span> <span class='ocrx_word' id='word_1_175' title='bbox 824 889 925 920; x_wconf 81' lang='lat' dir='ltr'>magna</span> <span class='ocrx_word' id='word_1_176' title='bbox 953 889 998 912; x_wconf 87' lang='lat' dir='ltr'>est</span> <span class='ocrx_word' id='word_1_177' title='bbox 1029 881 1186 911; x_wconf 85' lang='lat' dir='ltr'>differentia</span> <span class='ocrx_word' id='word_1_178' title='bbox 1214 880 1287 909; x_wconf 89' lang='lat' dir='ltr'>inter</span> <span class='ocrx_word' id='word_1_179' title='bbox 1317 879 1433 916; x_wconf 86' lang='lat' dir='ltr'>pondus</span> <span class='ocrx_word' id='word_1_180' title='bbox 1460 884 1488 906; x_wconf 84' lang='lat' dir='ltr'>et</span> <span class='ocrx_word' id='word_1_181' title='bbox 1512 876 1633 914; x_wconf 84' lang='lat' dir='ltr'>gravita-</span> 
     </span>
     <span class='ocr_line' id='line_1_16' title="bbox 112 927 1637 971; baseline -0.005 -9"><span class='ocrx_word' id='word_1_182' title='bbox 112 938 191 968; x_wconf 61' lang='lat' dir='ltr'>zem,</span> <span class='ocrx_word' id='word_1_183' title='bbox 213 932 286 960; x_wconf 90' lang='lat' dir='ltr'>inter</span> <span class='ocrx_word' id='word_1_184' title='bbox 306 933 462 969; x_wconf 81' lang='lat' dir='ltr'>ponderare</span> <span class='ocrx_word' id='word_1_185' title='bbox 483 939 511 961; x_wconf 87' lang='lat' dir='ltr'>et</span> <span class='ocrx_word' id='word_1_186' title='bbox 538 934 698 971; x_wconf 80' lang='lat' dir='ltr'>gravitate,</span> <span class='ocrx_word' id='word_1_187' title='bbox 727 934 846 963; x_wconf 91' lang='lat' dir='ltr'>vinculo</span> <span class='ocrx_word' id='word_1_188' title='bbox 867 935 994 970; x_wconf 82' lang='lat' dir='ltr'>quodam</span> <span class='ocrx_word' id='word_1_189' title='bbox 1027 940 1121 962; x_wconf 88' lang='lat' dir='ltr'>tamen</span> <span class='ocrx_word' id='word_1_190' title='bbox 1146 939 1214 961; x_wconf 86' lang='lat' dir='ltr'>sunt</span> <span class='ocrx_word' id='word_1_191' title='bbox 1236 931 1411 968; x_wconf 73' lang='lat' dir='ltr'>conjuncta,</span> <span class='ocrx_word' id='word_1_192' title='bbox 1439 928 1576 965; x_wconf 89' lang='lat' dir='ltr'>quoniam</span> <span class='ocrx_word' id='word_1_193' title='bbox 1601 927 1637 954; x_wconf 91' lang='lat' dir='ltr'>il-</span> 
     </span>
     <span class='ocr_line' id='line_1_17' title="bbox 111 977 1633 1021; baseline -0.005 -8"><span class='ocrx_word' id='word_1_194' title='bbox 111 983 168 1013; x_wconf 70' lang='lat' dir='ltr'>lud</span> <span class='ocrx_word' id='word_1_195' title='bbox 191 983 253 1012; x_wconf 88' lang='lat' dir='ltr'>sine</span> <span class='ocrx_word' id='word_1_196' title='bbox 274 983 330 1012; x_wconf 88' lang='lat' dir='ltr'>hoc</span> <span class='ocrx_word' id='word_1_197' title='bbox 350 983 450 1012; x_wconf 62' lang='lat' dir='ltr'>[locum</span> <span class='ocrx_word' id='word_1_198' title='bbox 473 984 573 1012; x_wconf 77' lang='lat' dir='ltr'>habere</span> <span class='ocrx_word' id='word_1_199' title='bbox 597 985 682 1021; x_wconf 87' lang='lat' dir='ltr'>plane</span> <span class='ocrx_word' id='word_1_200' title='bbox 700 994 759 1014; x_wconf 84' lang='lat' dir='ltr'>non</span> <span class='ocrx_word' id='word_1_201' title='bbox 779 991 889 1021; x_wconf 81' lang='lat' dir='ltr'>potest.</span> <span class='ocrx_word' id='word_1_202' title='bbox 929 985 1007 1014; x_wconf 83' lang='lat' dir='ltr'>HInc</span> <span class='ocrx_word' id='word_1_203' title='bbox 1032 984 1163 1019; x_wconf 80' lang='lat' dir='ltr'>factum,</span> <span class='ocrx_word' id='word_1_204' title='bbox 1185 989 1218 1011; x_wconf 90' lang='lat' dir='ltr'>ut</span> <span class='ocrx_word' id='word_1_205' title='bbox 1240 983 1348 1018; x_wconf 86' lang='lat' dir='ltr'>toties,</span> <span class='ocrx_word' id='word_1_206' title='bbox 1371 979 1533 1017; x_wconf 84' lang='lat' dir='ltr'>praesertim</span> <span class='ocrx_word' id='word_1_207' title='bbox 1556 977 1633 1014; x_wconf 88' lang='lat' dir='ltr'>apud</span> 
     </span>
     <span class='ocr_line' id='line_1_18' title="bbox 113 1032 1635 1072; baseline -0.005 -8"><span class='ocrx_word' id='word_1_208' title='bbox 113 1034 274 1070; x_wconf 75' lang='lat' dir='ltr'>antiquos,</span> <span class='ocrx_word' id='word_1_209' title='bbox 292 1034 461 1070; x_wconf 81' lang='lat' dir='ltr'>promiscue</span> <span class='ocrx_word' id='word_1_210' title='bbox 484 1035 609 1064; x_wconf 89' lang='lat' dir='ltr'>adhibita</span> <span class='ocrx_word' id='word_1_211' title='bbox 630 1035 736 1065; x_wconf 80' lang='lat' dir='ltr'>fuerint</span> <span class='ocrx_word' id='word_1_212' title='bbox 767 1036 836 1065; x_wconf 90' lang='lat' dir='ltr'>haec</span> <span class='ocrx_word' id='word_1_213' title='bbox 861 1036 965 1072; x_wconf 87' lang='lat' dir='ltr'>verba,</span> <span class='ocrx_word' id='word_1_214' title='bbox 993 1035 1053 1064; x_wconf 90' lang='lat' dir='ltr'>imo</span> <span class='ocrx_word' id='word_1_215' title='bbox 1083 1041 1116 1064; x_wconf 90' lang='lat' dir='ltr'>ut</span> <span class='ocrx_word' id='word_1_216' title='bbox 1141 1034 1254 1071; x_wconf 87' lang='lat' dir='ltr'>saepius</span> <span class='ocrx_word' id='word_1_217' title='bbox 1284 1032 1445 1070; x_wconf 75' lang='lat' dir='ltr'>gravitate,</span> <span class='ocrx_word' id='word_1_218' title='bbox 1475 1037 1539 1059; x_wconf 83' lang='lat' dir='ltr'>tuin</span> <span class='ocrx_word' id='word_1_219' title='bbox 1572 1038 1635 1066; x_wconf 82' lang='lat' dir='ltr'>gra-</span> 
     </span>
     <span class='ocr_line' id='line_1_19' title="bbox 110 1082 1635 1123; baseline -0.003 -9"><span class='ocrx_word' id='word_1_220' title='bbox 110 1085 225 1121; x_wconf 64' lang='lat' dir='ltr'>vitate,</span> <span class='ocrx_word' id='word_1_221' title='bbox 248 1091 314 1114; x_wconf 84' lang='lat' dir='ltr'>tum</span> <span class='ocrx_word' id='word_1_222' title='bbox 345 1085 472 1122; x_wconf 87' lang='lat' dir='ltr'>pondere</span> <span class='ocrx_word' id='word_1_223' title='bbox 502 1094 584 1122; x_wconf 82' lang='lat' dir='ltr'>agere</span> <span class='ocrx_word' id='word_1_224' title='bbox 614 1086 799 1123; x_wconf 82' lang='lat' dir='ltr'>significaret.</span> <span class='ocrx_word' id='word_1_225' title='bbox 845 1088 887 1116; x_wconf 88' lang='lat' dir='ltr'>At</span> <span class='ocrx_word' id='word_1_226' title='bbox 914 1095 983 1116; x_wconf 88' lang='lat' dir='ltr'>vero</span> <span class='ocrx_word' id='word_1_227' title='bbox 1014 1095 1080 1115; x_wconf 91' lang='lat' dir='ltr'>cum</span> <span class='ocrx_word' id='word_1_228' title='bbox 1112 1094 1221 1123; x_wconf 83' lang='lat' dir='ltr'>corpus</span> <span class='ocrx_word' id='word_1_229' title='bbox 1243 1084 1305 1114; x_wconf 79' lang='lat' dir='ltr'>slve</span> <span class='ocrx_word' id='word_1_230' title='bbox 1328 1092 1383 1113; x_wconf 89' lang='lat' dir='ltr'>suo</span> <span class='ocrx_word' id='word_1_231' title='bbox 1407 1082 1475 1112; x_wconf 85' lang='lat' dir='ltr'>nisu</span> <span class='ocrx_word' id='word_1_232' title='bbox 1505 1088 1635 1110; x_wconf 82' lang='lat' dir='ltr'>centrum</span> 
     </span>
     <span class='ocr_line' id='line_1_20' title="bbox 111 1133 1635 1175; baseline -0.005 -8"><span class='ocrx_word' id='word_1_233' title='bbox 111 1137 229 1167; x_wconf 53' lang='lat' dir='ltr'>*telluris</span> <span class='ocrx_word' id='word_1_234' title='bbox 258 1136 395 1173; x_wconf 82' lang='lat' dir='ltr'>petendi,</span> <span class='ocrx_word' id='word_1_235' title='bbox 415 1136 446 1166; x_wconf 80' lang='lat' dir='ltr'>in</span> <span class='ocrx_word' id='word_1_236' title='bbox 476 1137 556 1166; x_wconf 86' lang='lat' dir='ltr'>aliud</span> <span class='ocrx_word' id='word_1_237' title='bbox 578 1145 690 1174; x_wconf 86' lang='lat' dir='ltr'>corpus</span> <span class='ocrx_word' id='word_1_238' title='bbox 714 1146 821 1175; x_wconf 84' lang='lat' dir='ltr'>agens,</span> <span class='ocrx_word' id='word_1_239' title='bbox 842 1138 904 1168; x_wconf 86' lang='lat' dir='ltr'>sive</span> <span class='ocrx_word' id='word_1_240' title='bbox 925 1144 1003 1174; x_wconf 83' lang='lat' dir='ltr'>non,</span> <span class='ocrx_word' id='word_1_241' title='bbox 1025 1146 1136 1174; x_wconf 85' lang='lat' dir='ltr'>semper</span> <span class='ocrx_word' id='word_1_242' title='bbox 1159 1137 1299 1173; x_wconf 82' lang='lat' dir='ltr'>gravitate</span> <span class='ocrx_word' id='word_1_243' title='bbox 1322 1135 1453 1170; x_wconf 87' lang='lat' dir='ltr'>dicatur,</span> <span class='ocrx_word' id='word_1_244' title='bbox 1475 1142 1535 1163; x_wconf 91' lang='lat' dir='ltr'>non</span> <span class='ocrx_word' id='word_1_245' title='bbox 1558 1133 1635 1160; x_wconf 86' lang='lat' dir='ltr'>mul-</span> 
     </span>
     <span class='ocr_line' id='line_1_21' title="bbox 115 1186 1639 1225; baseline -0.002 -9"><span class='ocrx_word' id='word_1_246' title='bbox 115 1193 202 1224; x_wconf 83' lang='lat' dir='ltr'>tum,</span> <span class='ocrx_word' id='word_1_247' title='bbox 218 1188 324 1216; x_wconf 78' lang='lat' dir='ltr'>:saltem</span> <span class='ocrx_word' id='word_1_248' title='bbox 343 1194 446 1217; x_wconf 85' lang='lat' dir='ltr'>nostra</span> <span class='ocrx_word' id='word_1_249' title='bbox 466 1189 498 1217; x_wconf 90' lang='lat' dir='ltr'>in</span> <span class='ocrx_word' id='word_1_250' title='bbox 521 1188 592 1225; x_wconf 80' lang='lat' dir='ltr'>lite,</span> <span class='ocrx_word' id='word_1_251' title='bbox 613 1189 752 1218; x_wconf 84' lang='lat' dir='ltr'>interesse</span> <span class='ocrx_word' id='word_1_252' title='bbox 766 1189 901 1225; x_wconf 84' lang='lat' dir='ltr'>videtur,</span> <span class='ocrx_word' id='word_1_253' title='bbox 923 1189 962 1218; x_wconf 86' lang='lat' dir='ltr'>ita</span> <span class='ocrx_word' id='word_1_254' title='bbox 987 1189 1126 1218; x_wconf 89' lang='lat' dir='ltr'>strictiori</span> <span class='ocrx_word' id='word_1_255' title='bbox 1150 1196 1239 1217; x_wconf 90' lang='lat' dir='ltr'>sensu</span> <span class='ocrx_word' id='word_1_256' title='bbox 1257 1187 1331 1216; x_wconf 83' lang='lat' dir='ltr'>inter</span> <span class='ocrx_word' id='word_1_257' title='bbox 1354 1186 1492 1223; x_wconf 84' lang='lat' dir='ltr'>gravitate</span> <span class='ocrx_word' id='word_1_258' title='bbox 1511 1191 1540 1213; x_wconf 85' lang='lat' dir='ltr'>et</span> <span class='ocrx_word' id='word_1_259' title='bbox 1562 1192 1639 1221; x_wconf 85' lang='lat' dir='ltr'>pon-</span> 
     </span>
     <span class='ocr_line' id='line_1_22' title="bbox 112 1235 1635 1277; baseline -0.003 -9"><span class='ocrx_word' id='word_1_260' title='bbox 112 1239 212 1268; x_wconf 84' lang='lat' dir='ltr'>·derare</span> <span class='ocrx_word' id='word_1_261' title='bbox 237 1238 454 1268; x_wconf 81' lang='lat' dir='ltr'>distinctionem</span> <span class='ocrx_word' id='word_1_262' title='bbox 479 1238 602 1275; x_wconf 87' lang='lat' dir='ltr'>fecisse,</span> <span class='ocrx_word' id='word_1_263' title='bbox 632 1240 798 1277; x_wconf 86' lang='lat' dir='ltr'>praesertim</span> <span class='ocrx_word' id='word_1_264' title='bbox 820 1241 956 1276; x_wconf 84' lang='lat' dir='ltr'>quamdiu</span> <span class='ocrx_word' id='word_1_265' title='bbox 979 1248 1039 1268; x_wconf 89' lang='lat' dir='ltr'>non</span> <span class='ocrx_word' id='word_1_266' title='bbox 1061 1239 1155 1275; x_wconf 86' lang='lat' dir='ltr'>agitur</span> <span class='ocrx_word' id='word_1_267' title='bbox 1174 1239 1208 1267; x_wconf 90' lang='lat' dir='ltr'>de</span> <span class='ocrx_word' id='word_1_268' title='bbox 1231 1237 1394 1274; x_wconf 86' lang='lat' dir='ltr'>quantitate</span> <span class='ocrx_word' id='word_1_269' title='bbox 1415 1236 1498 1266; x_wconf 86' lang='lat' dir='ltr'>fluidi</span> <span class='ocrx_word' id='word_1_270' title='bbox 1516 1236 1547 1265; x_wconf 93' lang='lat' dir='ltr'>in</span> <span class='ocrx_word' id='word_1_271' title='bbox 1568 1235 1635 1264; x_wconf 88' lang='lat' dir='ltr'>flui-</span> 
     </span>
     <span class='ocr_line' id='line_1_23' title="bbox 112 1286 1637 1327; baseline -0.003 -7"><span class='ocrx_word' id='word_1_272' title='bbox 112 1290 154 1320; x_wconf 85' lang='lat' dir='ltr'>do</span> <span class='ocrx_word' id='word_1_273' title='bbox 176 1290 371 1326; x_wconf 86' lang='lat' dir='ltr'>ponderanda.</span> <span class='ocrx_word' id='word_1_274' title='bbox 413 1288 474 1319; x_wconf 88' lang='lat' dir='ltr'>Ubi</span> <span class='ocrx_word' id='word_1_275' title='bbox 499 1292 574 1320; x_wconf 89' lang='lat' dir='ltr'>enim</span> <span class='ocrx_word' id='word_1_276' title='bbox 601 1292 831 1321; x_wconf 86' lang='lat' dir='ltr'>demonstratum</span> <span class='ocrx_word' id='word_1_277' title='bbox 862 1291 967 1327; x_wconf 81' lang='lat' dir='ltr'>fuerit,</span> <span class='ocrx_word' id='word_1_278' title='bbox 993 1291 1114 1321; x_wconf 86' lang='lat' dir='ltr'>fluidum</span> <span class='ocrx_word' id='word_1_279' title='bbox 1138 1290 1167 1319; x_wconf 92' lang='lat' dir='ltr'>in</span> <span class='ocrx_word' id='word_1_280' title='bbox 1194 1290 1285 1318; x_wconf 85' lang='lat' dir='ltr'>fluido</span> <span class='ocrx_word' id='word_1_281' title='bbox 1310 1289 1491 1325; x_wconf 87' lang='lat' dir='ltr'>homogeneo</span> <span class='ocrx_word' id='word_1_282' title='bbox 1513 1286 1637 1324; x_wconf 80' lang='lat' dir='ltr'>gravita-</span> 
     </span>
     <span class='ocr_line' id='line_1_24' title="bbox 117 1338 1634 1380; baseline -0.003 -9"><span class='ocrx_word' id='word_1_283' title='bbox 117 1349 168 1377; x_wconf 76' lang='lat' dir='ltr'>te,</span> <span class='ocrx_word' id='word_1_284' title='bbox 196 1349 281 1370; x_wconf 87' lang='lat' dir='ltr'>nemo</span> <span class='ocrx_word' id='word_1_285' title='bbox 304 1349 385 1377; x_wconf 88' lang='lat' dir='ltr'>non,</span> <span class='ocrx_word' id='word_1_286' title='bbox 413 1341 463 1377; x_wconf 93' lang='lat' dir='ltr'>qui</span> <span class='ocrx_word' id='word_1_287' title='bbox 487 1349 602 1373; x_wconf 85' lang='lat' dir='ltr'>nostras</span> <span class='ocrx_word' id='word_1_288' title='bbox 625 1343 771 1373; x_wconf 82' lang='lat' dir='ltr'>admiserit</span> <span class='ocrx_word' id='word_1_289' title='bbox 793 1343 994 1378; x_wconf 82' lang='lat' dir='ltr'>definitiones,</span> <span class='ocrx_word' id='word_1_290' title='bbox 1024 1342 1059 1371; x_wconf 93' lang='lat' dir='ltr'>de</span> <span class='ocrx_word' id='word_1_291' title='bbox 1083 1342 1209 1380; x_wconf 86' lang='lat' dir='ltr'>ejusdem</span> <span class='ocrx_word' id='word_1_292' title='bbox 1231 1339 1438 1377; x_wconf 83' lang='lat' dir='ltr'>ponderatione</span> <span class='ocrx_word' id='word_1_293' title='bbox 1466 1338 1634 1372; x_wconf 86' lang='lat' dir='ltr'>dubitabit,</span> 
     </span>
     <span class='ocr_line' id='line_1_25' title="bbox 112 1392 1105 1433; baseline 0 -12"><span class='ocrx_word' id='word_1_294' title='bbox 112 1392 255 1429; x_wconf 62' lang='lat' dir='ltr'>*quoniam</span> <span class='ocrx_word' id='word_1_295' title='bbox 275 1392 397 1422; x_wconf 88' lang='lat' dir='ltr'>fluidum</span> <span class='ocrx_word' id='word_1_296' title='bbox 422 1402 489 1423; x_wconf 92' lang='lat' dir='ltr'>cum</span> <span class='ocrx_word' id='word_1_297' title='bbox 512 1394 604 1423; x_wconf 91' lang='lat' dir='ltr'>fluido</span> <span class='ocrx_word' id='word_1_298' title='bbox 626 1395 816 1425; x_wconf 89' lang='lat' dir='ltr'>circumdanti</span> <span class='ocrx_word' id='word_1_299' title='bbox 837 1396 1028 1433; x_wconf 85' lang='lat' dir='ltr'>conjunctum</span> <span class='ocrx_word' id='word_1_300' title='bbox 1051 1400 1105 1422; x_wconf 65' lang='lat' dir='ltr'>est=</span> 
     </span>
     <span class='ocr_line' id='line_1_26' title="bbox 155 1439 1638 1483; baseline -0.003 -12"><span class='ocrx_word' id='word_1_301' title='bbox 155 1443 302 1472; x_wconf 87' lang='lat' dir='ltr'>Ponamus</span> <span class='ocrx_word' id='word_1_302' title='bbox 329 1444 428 1480; x_wconf 87' lang='lat' dir='ltr'>itaque</span> <span class='ocrx_word' id='word_1_303' title='bbox 449 1445 667 1482; x_wconf 88' lang='lat' dir='ltr'>gravitationem</span> <span class='ocrx_word' id='word_1_304' title='bbox 695 1447 767 1476; x_wconf 89' lang='lat' dir='ltr'>idem</span> <span class='ocrx_word' id='word_1_305' title='bbox 795 1446 959 1483; x_wconf 85' lang='lat' dir='ltr'>significare</span> <span class='ocrx_word' id='word_1_306' title='bbox 981 1453 1013 1473; x_wconf 89' lang='lat' dir='ltr'>ac</span> <span class='ocrx_word' id='word_1_307' title='bbox 1037 1444 1298 1480; x_wconf 81' lang='lat' dir='ltr'>ponderationem,</span> <span class='ocrx_word' id='word_1_308' title='bbox 1328 1448 1389 1471; x_wconf 88' lang='lat' dir='ltr'>tum</span> <span class='ocrx_word' id='word_1_309' title='bbox 1421 1440 1530 1477; x_wconf 83' lang='lat' dir='ltr'>duplici</span> <span class='ocrx_word' id='word_1_310' title='bbox 1551 1439 1638 1468; x_wconf 88' lang='lat' dir='ltr'>modo</span> 
     </span>
     <span class='ocr_line' id='line_1_27' title="bbox 119 1492 1640 1533; baseline -0.005 -7"><span class='ocrx_word' id='word_1_311' title='bbox 119 1502 229 1531; x_wconf 86' lang='lat' dir='ltr'>corpus</span> <span class='ocrx_word' id='word_1_312' title='bbox 251 1495 391 1531; x_wconf 83' lang='lat' dir='ltr'>gravitare</span> <span class='ocrx_word' id='word_1_313' title='bbox 415 1497 539 1532; x_wconf 86' lang='lat' dir='ltr'>poterit,</span> <span class='ocrx_word' id='word_1_314' title='bbox 569 1499 614 1526; x_wconf 89' lang='lat' dir='ltr'>vel</span> <span class='ocrx_word' id='word_1_315' title='bbox 645 1498 674 1525; x_wconf 90' lang='lat' dir='ltr'>in</span> <span class='ocrx_word' id='word_1_316' title='bbox 698 1498 776 1526; x_wconf 87' lang='lat' dir='ltr'>aliud</span> <span class='ocrx_word' id='word_1_317' title='bbox 798 1505 910 1533; x_wconf 86' lang='lat' dir='ltr'>corpus</span> <span class='ocrx_word' id='word_1_318' title='bbox 935 1496 1077 1531; x_wconf 84' lang='lat' dir='ltr'>inferius,</span> <span class='ocrx_word' id='word_1_319' title='bbox 1107 1495 1153 1523; x_wconf 85' lang='lat' dir='ltr'>cui</span> <span class='ocrx_word' id='word_1_320' title='bbox 1175 1493 1337 1529; x_wconf 87' lang='lat' dir='ltr'>incumbit,</span> <span class='ocrx_word' id='word_1_321' title='bbox 1365 1493 1410 1521; x_wconf 89' lang='lat' dir='ltr'>vel</span> <span class='ocrx_word' id='word_1_322' title='bbox 1433 1492 1463 1521; x_wconf 91' lang='lat' dir='ltr'>in</span> <span class='ocrx_word' id='word_1_323' title='bbox 1488 1492 1567 1520; x_wconf 85' lang='lat' dir='ltr'>aliud</span> <span class='ocrx_word' id='word_1_324' title='bbox 1588 1500 1640 1520; x_wconf 87' lang='lat' dir='ltr'>su·</span> 
     </span>
     <span class='ocr_line' id='line_1_28' title="bbox 120 1544 1640 1584; baseline -0.003 -9"><span class='ocrx_word' id='word_1_325' title='bbox 120 1545 273 1582; x_wconf 76' lang='lat' dir='ltr'>superius,</span> <span class='ocrx_word' id='word_1_326' title='bbox 297 1546 345 1574; x_wconf 88' lang='lat' dir='ltr'>cui</span> <span class='ocrx_word' id='word_1_327' title='bbox 359 1554 499 1576; x_wconf 87' lang='lat' dir='ltr'>annexum</span> <span class='ocrx_word' id='word_1_328' title='bbox 519 1553 571 1577; x_wconf 88' lang='lat' dir='ltr'>est.</span> <span class='ocrx_word' id='word_1_329' title='bbox 608 1547 775 1584; x_wconf 88' lang='lat' dir='ltr'>Utrumque</span> <span class='ocrx_word' id='word_1_330' title='bbox 791 1549 867 1577; x_wconf 91' lang='lat' dir='ltr'>hunc</span> <span class='ocrx_word' id='word_1_331' title='bbox 881 1556 980 1576; x_wconf 85' lang='lat' dir='ltr'>casum</span> <span class='ocrx_word' id='word_1_332' title='bbox 994 1548 1052 1584; x_wconf 84' lang='lat' dir='ltr'>jam</span> <span class='ocrx_word' id='word_1_333' title='bbox 1068 1546 1304 1581; x_wconf 78' lang='lat' dir='ltr'>consideremus3</span> <span class='ocrx_word' id='word_1_334' title='bbox 1326 1544 1539 1581; x_wconf 84' lang='lat' dir='ltr'>conjungamus</span> <span class='ocrx_word' id='word_1_335' title='bbox 1561 1552 1591 1572; x_wconf 87' lang='lat' dir='ltr'>v.</span> <span class='ocrx_word' id='word_1_336' title='bbox 1609 1551 1640 1579; x_wconf 86' lang='lat' dir='ltr'>g.</span> 
     </span>
     <span class='ocr_line' id='line_1_29' title="bbox 117 1594 1638 1635; baseline -0.003 -10"><span class='ocrx_word' id='word_1_337' title='bbox 117 1605 231 1634; x_wconf 85' lang='lat' dir='ltr'>corpus</span> <span class='ocrx_word' id='word_1_338' title='bbox 259 1597 334 1626; x_wconf 89' lang='lat' dir='ltr'>lanei</span> <span class='ocrx_word' id='word_1_339' title='bbox 360 1597 499 1634; x_wconf 88' lang='lat' dir='ltr'>bilancis,</span> <span class='ocrx_word' id='word_1_340' title='bbox 527 1604 554 1627; x_wconf 89' lang='lat' dir='ltr'>et</span> <span class='ocrx_word' id='word_1_341' title='bbox 580 1599 653 1627; x_wconf 85' lang='lat' dir='ltr'>hanc</span> <span class='ocrx_word' id='word_1_342' title='bbox 678 1599 874 1635; x_wconf 85' lang='lat' dir='ltr'>dimittamus,</span> <span class='ocrx_word' id='word_1_343' title='bbox 904 1599 994 1628; x_wconf 87' lang='lat' dir='ltr'>donec</span> <span class='ocrx_word' id='word_1_344' title='bbox 1026 1605 1133 1634; x_wconf 90' lang='lat' dir='ltr'>corpus</span> <span class='ocrx_word' id='word_1_345' title='bbox 1158 1597 1216 1634; x_wconf 86' lang='lat' dir='ltr'>ipsi</span> <span class='ocrx_word' id='word_1_346' title='bbox 1246 1602 1408 1630; x_wconf 86' lang='lat' dir='ltr'>annexum,</span> <span class='ocrx_word' id='word_1_347' title='bbox 1438 1594 1638 1623; x_wconf 85' lang='lat' dir='ltr'>sustentaculo</span> 
     </span>
     <span class='ocr_line' id='line_1_30' title="bbox 121 1644 1640 1687; baseline -0.003 -10"><span class='ocrx_word' id='word_1_348' title='bbox 121 1648 268 1677; x_wconf 78' lang='lat' dir='ltr'>immobili</span> <span class='ocrx_word' id='word_1_349' title='bbox 296 1648 457 1678; x_wconf 84' lang='lat' dir='ltr'>incumbat.</span> <span class='ocrx_word' id='word_1_350' title='bbox 498 1650 565 1680; x_wconf 92' lang='lat' dir='ltr'>Hoc</span> <span class='ocrx_word' id='word_1_351' title='bbox 589 1650 668 1679; x_wconf 90' lang='lat' dir='ltr'>facto</span> <span class='ocrx_word' id='word_1_352' title='bbox 691 1659 801 1687; x_wconf 89' lang='lat' dir='ltr'>corpus</span> <span class='ocrx_word' id='word_1_353' title='bbox 823 1650 903 1687; x_wconf 84' lang='lat' dir='ltr'>quod</span> <span class='ocrx_word' id='word_1_354' title='bbox 932 1656 996 1679; x_wconf 83' lang='lat' dir='ltr'>ante</span> <span class='ocrx_word' id='word_1_355' title='bbox 1019 1650 1182 1686; x_wconf 84' lang='lat' dir='ltr'>depressam</span> <span class='ocrx_word' id='word_1_356' title='bbox 1214 1648 1355 1676; x_wconf 89' lang='lat' dir='ltr'>bilancem</span> <span class='ocrx_word' id='word_1_357' title='bbox 1388 1652 1449 1674; x_wconf 90' lang='lat' dir='ltr'>tota</span> <span class='ocrx_word' id='word_1_358' title='bbox 1472 1654 1524 1674; x_wconf 88' lang='lat' dir='ltr'>sua</span> <span class='ocrx_word' id='word_1_359' title='bbox 1547 1644 1640 1682; x_wconf 88' lang='lat' dir='ltr'>gravi-</span> 
     </span>
     <span class='ocr_line' id='line_1_31' title="bbox 121 1696 1642 1738; baseline -0.003 -9"><span class='ocrx_word' id='word_1_360' title='bbox 121 1705 178 1729; x_wconf 88' lang='lat' dir='ltr'>tate</span> <span class='ocrx_word' id='word_1_361' title='bbox 200 1699 230 1729; x_wconf 91' lang='lat' dir='ltr'>in</span> <span class='ocrx_word' id='word_1_362' title='bbox 255 1707 314 1728; x_wconf 88' lang='lat' dir='ltr'>eam</span> <span class='ocrx_word' id='word_1_363' title='bbox 342 1705 456 1736; x_wconf 83' lang='lat' dir='ltr'>egerat,</span> <span class='ocrx_word' id='word_1_364' title='bbox 488 1709 548 1729; x_wconf 88' lang='lat' dir='ltr'>non</span> <span class='ocrx_word' id='word_1_365' title='bbox 574 1703 700 1738; x_wconf 88' lang='lat' dir='ltr'>amplius</span> <span class='ocrx_word' id='word_1_366' title='bbox 723 1703 763 1731; x_wconf 86' lang='lat' dir='ltr'>ita</span> <span class='ocrx_word' id='word_1_367' title='bbox 785 1704 814 1731; x_wconf 94' lang='lat' dir='ltr'>in</span> <span class='ocrx_word' id='word_1_368' title='bbox 845 1702 985 1731; x_wconf 87' lang='lat' dir='ltr'>bilancem</span> <span class='ocrx_word' id='word_1_369' title='bbox 1012 1699 1187 1738; x_wconf 80' lang='lat' dir='ltr'>gravitabit,</span> <span class='ocrx_word' id='word_1_370' title='bbox 1217 1699 1266 1727; x_wconf 83' lang='lat' dir='ltr'>sed</span> <span class='ocrx_word' id='word_1_371' title='bbox 1287 1698 1418 1734; x_wconf 88' lang='lat' dir='ltr'>equidem</span> <span class='ocrx_word' id='word_1_372' title='bbox 1443 1696 1472 1725; x_wconf 87' lang='lat' dir='ltr'>in</span> <span class='ocrx_word' id='word_1_373' title='bbox 1500 1702 1642 1725; x_wconf 89' lang='lat' dir='ltr'>sustenta-</span> 
     </span>
     <span class='ocr_line' id='line_1_32' title="bbox 121 1746 1646 1791; baseline -0.003 -11"><span class='ocrx_word' id='word_1_374' title='bbox 121 1751 242 1786; x_wconf 85' lang='lat' dir='ltr'>culum,</span> <span class='ocrx_word' id='word_1_375' title='bbox 269 1750 408 1787; x_wconf 78' lang='lat' dir='ltr'>quoniam</span> <span class='ocrx_word' id='word_1_376' title='bbox 432 1760 490 1780; x_wconf 91' lang='lat' dir='ltr'>non</span> <span class='ocrx_word' id='word_1_377' title='bbox 520 1753 647 1789; x_wconf 88' lang='lat' dir='ltr'>amplius</span> <span class='ocrx_word' id='word_1_378' title='bbox 671 1762 687 1782; x_wconf 89' lang='lat' dir='ltr'>a</span> <span class='ocrx_word' id='word_1_379' title='bbox 712 1759 791 1791; x_wconf 87' lang='lat' dir='ltr'>parte</span> <span class='ocrx_word' id='word_1_380' title='bbox 822 1753 967 1790; x_wconf 84' lang='lat' dir='ltr'>superiori</span> <span class='ocrx_word' id='word_1_381' title='bbox 997 1752 1168 1781; x_wconf 83' lang='lat' dir='ltr'>sustinetur.</span> <span class='ocrx_word' id='word_1_382' title='bbox 1217 1750 1272 1778; x_wconf 89' lang='lat' dir='ltr'>Sed</span> <span class='ocrx_word' id='word_1_383' title='bbox 1304 1749 1329 1778; x_wconf 90' lang='lat' dir='ltr'>si</span> <span class='ocrx_word' id='word_1_384' title='bbox 1358 1750 1425 1778; x_wconf 87' lang='lat' dir='ltr'>loco</span> <span class='ocrx_word' id='word_1_385' title='bbox 1454 1746 1646 1777; x_wconf 87' lang='lat' dir='ltr'>sustentaculi</span> 
     </span>
     <span class='ocr_line' id='line_1_33' title="bbox 121 1800 1645 1841; baseline -0.003 -11"><span class='ocrx_word' id='word_1_386' title='bbox 121 1800 280 1830; x_wconf 82' lang='lat' dir='ltr'>immobilis</span> <span class='ocrx_word' id='word_1_387' title='bbox 303 1803 502 1832; x_wconf 87' lang='lat' dir='ltr'>substituatur</span> <span class='ocrx_word' id='word_1_388' title='bbox 526 1804 626 1840; x_wconf 86' lang='lat' dir='ltr'>aliud,</span> <span class='ocrx_word' id='word_1_389' title='bbox 653 1805 789 1833; x_wconf 88' lang='lat' dir='ltr'>resistens</span> <span class='ocrx_word' id='word_1_390' title='bbox 812 1804 951 1841; x_wconf 83' lang='lat' dir='ltr'>quidem,</span> <span class='ocrx_word' id='word_1_391' title='bbox 973 1804 1021 1832; x_wconf 90' lang='lat' dir='ltr'>sed</span> <span class='ocrx_word' id='word_1_392' title='bbox 1039 1809 1132 1831; x_wconf 86' lang='lat' dir='ltr'>tamen</span> <span class='ocrx_word' id='word_1_393' title='bbox 1158 1800 1371 1837; x_wconf 86' lang='lat' dir='ltr'>quodammodo</span> <span class='ocrx_word' id='word_1_394' title='bbox 1394 1800 1515 1834; x_wconf 84' lang='lat' dir='ltr'>cedens,</span> <span class='ocrx_word' id='word_1_395' title='bbox 1536 1806 1645 1834; x_wconf 82' lang='lat' dir='ltr'>corpus</span> 
     </span>
     <span class='ocr_line' id='line_1_34' title="bbox 120 1849 1647 1892; baseline -0.004 -9"><span class='ocrx_word' id='word_1_396' title='bbox 120 1851 244 1883; x_wconf 83' lang='lat' dir='ltr'>fluidum</span> <span class='ocrx_word' id='word_1_397' title='bbox 266 1860 296 1882; x_wconf 90' lang='lat' dir='ltr'>v.</span> <span class='ocrx_word' id='word_1_398' title='bbox 323 1861 352 1890; x_wconf 88' lang='lat' dir='ltr'>g.</span> <span class='ocrx_word' id='word_1_399' title='bbox 376 1854 446 1890; x_wconf 88' lang='lat' dir='ltr'>quid</span> <span class='ocrx_word' id='word_1_400' title='bbox 468 1861 538 1884; x_wconf 90' lang='lat' dir='ltr'>tunc</span> <span class='ocrx_word' id='word_1_401' title='bbox 562 1856 693 1885; x_wconf 72' lang='lat' dir='ltr'>accidet?</span> <span class='ocrx_word' id='word_1_402' title='bbox 721 1854 840 1892; x_wconf 86' lang='lat' dir='ltr'>Corpus</span> <span class='ocrx_word' id='word_1_403' title='bbox 871 1855 973 1892; x_wconf 83' lang='lat' dir='ltr'>partim</span> <span class='ocrx_word' id='word_1_404' title='bbox 998 1854 1193 1883; x_wconf 82' lang='lat' dir='ltr'>sustinebitur</span> <span class='ocrx_word' id='word_1_405' title='bbox 1214 1861 1229 1881; x_wconf 90' lang='lat' dir='ltr'>a</span> <span class='ocrx_word' id='word_1_406' title='bbox 1253 1853 1385 1888; x_wconf 84' lang='lat' dir='ltr'>bilance,</span> <span class='ocrx_word' id='word_1_407' title='bbox 1414 1851 1518 1889; x_wconf 88' lang='lat' dir='ltr'>partim</span> <span class='ocrx_word' id='word_1_408' title='bbox 1545 1858 1560 1878; x_wconf 90' lang='lat' dir='ltr'>a</span> <span class='ocrx_word' id='word_1_409' title='bbox 1581 1849 1647 1878; x_wconf 76' lang='lat' dir='ltr'>ilui-</span> 
     </span>
     <span class='ocr_line' id='line_1_35' title="bbox 121 1902 1646 1944; baseline -0.003 -12"><span class='ocrx_word' id='word_1_410' title='bbox 121 1902 171 1934; x_wconf 80' lang='lat' dir='ltr'>do.</span> <span class='ocrx_word' id='word_1_411' title='bbox 210 1903 373 1942; x_wconf 89' lang='lat' dir='ltr'>Quamnam</span> <span class='ocrx_word' id='word_1_412' title='bbox 391 1912 486 1934; x_wconf 90' lang='lat' dir='ltr'>autem</span> <span class='ocrx_word' id='word_1_413' title='bbox 508 1913 616 1943; x_wconf 83' lang='lat' dir='ltr'>partem</span> <span class='ocrx_word' id='word_1_414' title='bbox 634 1907 731 1937; x_wconf 85' lang='lat' dir='ltr'>bilanx</span> <span class='ocrx_word' id='word_1_415' title='bbox 745 1929 756 1943; x_wconf 81' lang='lat'><em>‚</em></span> <span class='ocrx_word' id='word_1_416' title='bbox 780 1915 932 1944; x_wconf 84' lang='lat' dir='ltr'>quamnam</span> <span class='ocrx_word' id='word_1_417' title='bbox 954 1906 1073 1935; x_wconf 87' lang='lat' dir='ltr'>fluidum</span> <span class='ocrx_word' id='word_1_418' title='bbox 1096 1910 1323 1933; x_wconf 83' lang='lat' dir='ltr'>sustentaturum</span> <span class='ocrx_word' id='word_1_419' title='bbox 1349 1903 1408 1940; x_wconf 89' lang='lat' dir='ltr'>sit,</span> <span class='ocrx_word' id='word_1_420' title='bbox 1430 1903 1533 1940; x_wconf 80' lang='lat' dir='ltr'>pendet</span> <span class='ocrx_word' id='word_1_421' title='bbox 1553 1908 1612 1930; x_wconf 89' lang='lat' dir='ltr'>tum</span> <span class='ocrx_word' id='word_1_422' title='bbox 1631 1908 1646 1928; x_wconf 84' lang='lat' dir='ltr'>a</span> 
     </span>
     <span class='ocr_line' id='line_1_36' title="bbox 121 1953 1646 1997; baseline -0.003 -12"><span class='ocrx_word' id='word_1_423' title='bbox 121 1961 245 1992; x_wconf 75' lang='lat' dir='ltr'>corpore</span> <span class='ocrx_word' id='word_1_424' title='bbox 266 1955 420 1994; x_wconf 83' lang='lat' dir='ltr'>immerso,</span> <span class='ocrx_word' id='word_1_425' title='bbox 444 1964 505 1988; x_wconf 90' lang='lat' dir='ltr'>tum</span> <span class='ocrx_word' id='word_1_426' title='bbox 530 1959 565 1989; x_wconf 83' lang='lat' dir='ltr'>ab</span> <span class='ocrx_word' id='word_1_427' title='bbox 589 1959 658 1997; x_wconf 87' lang='lat' dir='ltr'>ipso</span> <span class='ocrx_word' id='word_1_428' title='bbox 679 1959 782 1989; x_wconf 85' lang='lat' dir='ltr'>fluido.</span> <span class='ocrx_word' id='word_1_429' title='bbox 820 1959 853 1988; x_wconf 89' lang='lat' dir='ltr'>Si</span> <span class='ocrx_word' id='word_1_430' title='bbox 876 1958 952 1988; x_wconf 88' lang='lat' dir='ltr'>enim</span> <span class='ocrx_word' id='word_1_431' title='bbox 975 1958 1053 1993; x_wconf 88' lang='lat' dir='ltr'>hoc,</span> <span class='ocrx_word' id='word_1_432' title='bbox 1075 1956 1207 1994; x_wconf 84' lang='lat' dir='ltr'>quamvis</span> <span class='ocrx_word' id='word_1_433' title='bbox 1226 1956 1351 1992; x_wconf 86' lang='lat' dir='ltr'>cedens,</span> <span class='ocrx_word' id='word_1_434' title='bbox 1372 1961 1465 1984; x_wconf 81' lang='lat' dir='ltr'>tamen</span> <span class='ocrx_word' id='word_1_435' title='bbox 1481 1961 1532 1990; x_wconf 85' lang='lat' dir='ltr'>par</span> <span class='ocrx_word' id='word_1_436' title='bbox 1543 1953 1580 1982; x_wconf 89' lang='lat' dir='ltr'>sit</span> <span class='ocrx_word' id='word_1_437' title='bbox 1599 1959 1646 1988; x_wconf 85' lang='lat' dir='ltr'>ge·</span> 
     </span>
     <span class='ocr_line' id='line_1_37' title="bbox 902 2010 1646 2039; baseline -0.011 0"><span class='ocrx_word' id='word_1_438' title='bbox 902 2010 931 2039; x_wconf 78' lang='lat' dir='ltr'>H</span> <span class='ocrx_word' id='word_1_439' title='bbox 953 2018 971 2039; x_wconf 84' lang='lat'><em>2</em></span> <span class='ocrx_word' id='word_1_440' title='bbox 1585 2011 1646 2032; x_wconf 86' lang='lat' dir='ltr'>ren·</span> 
     </span>
    </p>
   </div>
  </div>
 </body>
</html>
