1913 2417
275 177 314 204 10
528 167 679 207 JANI
736 164 1114 196 GUILIELMI
1169 163 1519 195 ERMERINS

279 253 400 291 probata
423 257 510 287 sunt,
532 253 600 281 haee
626 251 779 279 methodus
802 255 862 278 tuta
895 258 955 278 non
980 249 1101 278 videtur.
1143 248 1215 277 Post
1246 257 1308 277 eum
1344 248 1491 285 Guytonus
1520 247 1593 276 hanc
1623 248 1793 280 methodum

274 313 310 334 eo
332 303 509 339 emendavit,
540 310 572 331 ut
597 302 785 338 experientiae
813 307 934 330 eventus
956 309 1021 329 curn
1051 300 1110 328 illis
1145 308 1327 328 nummorum
1352 309 1366 328 a
1391 300 1548 329 Kirwarmo
1571 300 1792 336 propositorum

268 355 501 392 comparaverit,
528 363 584 390 qua
606 361 715 382 ratione
742 360 821 382 certo
853 353 946 381 tutius
972 352 1148 388 proceditur.
1191 351 1263 379 Dein
1292 351 1450 380 Richterus
1479 352 1565 388 (11)
1593 350 1785 382 Bertholletus

268 408 375 444 aliique
400 406 550 435 methodos
581 405 755 434 universales
784 411 1022 440 proposuerunt,
1044 403 1087 431 vei
1115 403 1344 431 Kirwannianam
1371 403 1574 438 emendarunt;
1604 408 1630 430 et
1653 402 1787 438 quamvis

268 459 368 496 plures
388 458 480 486 adhue
506 465 569 485 sese
593 457 714 485 offerant
739 456 943 490 difficultate5‚
974 462 1066 483 tamen
1089 454 1173 483 hodie
1197 455 1236 483 in,
1254 454 1464 482 determinanda
1491 454 1683 491 proportione
1707 454 1786 490 prin·

267 510 410 546 cipiorurn
442 509 536 545 magni
566 516 737 545 progressus
771 507 840 536 faeti
865 514 942 536 sunt.
983 507 1018 535 ln
1053 506 1244 541 sequentibus
1275 507 1391 534 occasio
1416 505 1469 534 erit
1500 505 1537 534 ad,
1563 505 1631 535 haec
1659 505 1784 543 reverti,

267 561 411 593 sufficiant
432 561 500 589 haec
523 560 578 588 hoc
599 560 676 588 loco.

307 614 416 642 Praeter
439 612 573 641 incertam
597 617 624 639 et
649 611 790 640 difficilem
818 610 989 647 quantitatis
1014 617 1095 639 verae
1112 608 1351 644 distinctionem,
1381 609 1560 645 requiritur,
1587 609 1638 646 qui
1661 610 1695 639 de
1719 610 1782 648 ejus

267 665 371 695 effectu
393 664 527 692 certiores
553 662 614 691 fieri
636 664 784 698 possimus
809 669 841 690 ut
862 663 1044 695 innotescat,
1075 668 1143 689 num
1173 661 1252 689 omni
1286 667 1338 688 sua
1361 667 1522 696 quantitate
1549 667 1694 696 praesente
1716 647 1781 701 agat

268 725 378 753 corpus
402 715 532 751 aliquod.
576 717 615 742 ita
630 713 755 742 solidum
780 714 809 742 in
826 714 911 751 cujus
932 712 1118 748 superficiem
1137 720 1212 748 aqua
1232 718 1341 740 tantum
1365 712 1443 748 agit,
1464 712 1599 748 illamque
1617 712 1787 749 humectat,

267 768 434 803 neutiquam
459 766 514 795 dici
543 771 640 801 potest
664 766 741 794 omni
767 774 822 794 sua
846 765 1006 801 quantitate
1031 764 1173 792 actionem
1202 771 1349 792 exercere:
1372 763 1443 791 idem
1461 763 1490 792 in
1513 763 1646 800 plurimis
1670 764 1785 794 casibus

262 815 304 849 'de
325 818 470 847 elementis
495 824 649 852 corporum
675 817 837 845 dicendum.
878 816 1030 853 Disposita
1055 824 1119 845 esse
1144 814 1248 843 debent
1271 814 1323 843 tali
1349 814 1459 850 modo,
1483 820 1515 842 ut
1541 814 1617 842 liber
1636 821 1664 843 et
1688 814 1783 846 facilis

272 872 312 901 sit
335 878 432 899 motus
458 868 684 905 particularum,
715 868 790 896 unde
813 867 948 895 Veterum
978 867 1051 895 iilud
1081 866 1292 902 repetendum,
1310 866 1442 903 corporae⁴
1464 874 1520 894 non
1548 871 1640 902 agunt
1662 866 1719 894 nisi
1740 874 1790 894 so·-

270 923 348 952 luta.
392 923 503 949 Statum
528 919 648 948 fluidum
673 919 701 947 in
724 926 824 955 genere
848 918 1057 947 combinationi
1082 917 1178 946 favere
1208 916 1363 953 perspicue
1387 921 1485 952 patet,
1513 916 1552 944 ita
1574 922 1606 944 ut
1635 916 1692 944 fere
1725 916 1793 946 dici-

267 979 388 1011 posset‚
410 972 465 1000 hoc
490 972 556 999 soto
581 971 611 999 in
633 976 711 999 statu
733 969 813 998 omni
839 978 890 998 sua
917 970 1076 1004 quantitate
1103 976 1194 1004 agere.
1245 966 1311 995 Hoc
1344 967 1442 995 saltem
1468 972 1577 995 certum
1598 967 1712 996 videtur
1733 976 1787 997 ne·

268 1033 326 1062 que
349 1029 454 1052 statum
481 1021 607 1050 solidum
632 1029 726 1056 neque
752 1020 924 1057 gasformem
956 1018 1166 1048 combinationi
1197 1018 1353 1053 prodesse3
1379 1017 1439 1046 imo
1469 1017 1688 1053 insolubiutas,
1714 1018 1734 1048 i.
1755 1026 1785 1051 e.

267 1075 404 1106 attractio
427 1073 608 1102 molecularis
623 1092 633 1107 ,
659 1071 802 1100 affinitatis
828 1072 958 1100 effectum
981 1071 1066 1107 piane
1081 1077 1291 1105 nonnunquam
1315 1068 1434 1098 invertit
1464 1074 1492 1097 et
1517 1074 1635 1104 mutat32
1656 1069 1699 1097 uti
1719 1068 1782 1109 ianr

265 1128 298 1157 in
322 1125 446 1156 alumine
468 1124 581 1160 vulgari
606 1130 743 1160 apparet,
772 1124 852 1159 quod
882 1129 1030 1158 tantopere
1067 1121 1200 1150 cohaeret
1232 1126 1263 1148 ut
1294 1120 1386 1148 nulus
1416 1119 1627 1155 reagentibus,
1653 1125 1781 1151 ceterum

268 1179 342 1208 iliud
375 1175 579 1210 soiventibus,
604 1174 781 1211 decomponi
805 1181 854 1203 aut
888 1173 960 1202 affici
992 1171 1099 1209 possit·
1146 1169 1216 1200 Non
1247 1169 1348 1198 mirum
1379 1169 1442 1200 ideo
1468 1169 1707 1200 insolubilitatem
1732 1170 1781 1202 hie

269 1231 395 1260 muitum
421 1228 532 1257 valere:
554 1235 630 1256 nova
651 1226 726 1255 enim
756 1225 801 1254 vis
825 1225 968 1253 subintrat
989 1223 1123 1254 effectum
1148 1221 1293 1251 affinitatis
1315 1221 1524 1257 determinans,
1544 1229 1616 1256 quae
1639 1221 1788 1258 praecipi·

270 1288 363 1311 tatum
389 1278 546 1316 producit3
571 1283 598 1305 et
617 1278 785 1305 elementum
806 1284 821 1304 e
837 1275 1002 1312 composito
1026 1279 1157 1310 separat,
1179 1273 1259 1308 quod
1273 1271 1384 1308 alioqui
1405 1272 1595 1309 conjunctum
1611 1273 1786 1305 mansisset*

267 1332 374 1372 Quoad
395 1330 490 1359 nisum
516 1329 551 1358 ud
574 1328 773 1357 volatilitatem
805 1326 1013 1355 nonnullorum
1037 1331 1190 1359 corporum
1223 1331 1254 1352 v.
1277 1329 1307 1358 g.
1338 1330 1387 1358 gas
1410 1321 1483 1351 acidi
1513 1322 1676 1358 carbonici‚
1704 1325 1786 1366 alia,

269 1385 364 1413 eadem
388 1388 432 1410 est
454 1389 512 1409 res.
558 1378 683 1407 Simuiac
714 1385 813 1413 parum
850 1376 980 1405 solutum
1005 1381 1049 1403 est
1076 1374 1225 1402 vinculum
1258 1373 1332 1402 inter
1362 1373 1520 1407 elementa,
1542 1380 1609 1401 mox
1635 1375 1730 1402 avolat
1753 1380 1787 1403 et

268 1435 336 1464 hinc
361 1441 424 1462 cum
451 1430 536 1466 copia
558 1429 666 1457 minuta
690 1435 733 1456 est
751 1423 838 1456 'etiam
863 1427 925 1464 ejus
948 1427 994 1455 vis
1017 1424 1158 1454 decrescit·
1187 1432 1220 1453 ac
1244 1424 1283 1452 ita
1315 1429 1479 1459 separatur:
1508 1430 1542 1451 ex
1561 1423 1668 1458 quibus
1692 1426 1787 1460 phae-

271 1483 402 1514 nomenis
428 1479 625 1510 Bartholletus
654 1479 826 1507 Affinitatem
856 1477 1005 1507 electivam
1032 1475 1165 1512 explicat.
1205 1474 1282 1503 Haec
1311 1482 1379 1502 vero
1407 1473 1442 1502 de
1470 1473 1632 1508 quantitate
1660 1476 1781 1515 ejusque

271 1535 393 1565 efficacia
417 1534 495 1562 dicta
519 1537 627 1566 sunt03
651 1537 805 1567 pergamus
822 1529 857 1559 ad
880 1528 1040 1558 secundum
1060 1527 1148 1566 hujus
1167 1523 1417 1569 commentationis
1441 1531 1545 1562 caput.

294 1633 364 1665 (n)
383 1633 436 1658 vm.
457 1629 494 1659 Ei.
516 1629 699 1655 szechiomeuim

1650 2040 1790 2073 CAPUT

1894 667 1913 1638 ›awmmmfflfffflmr
1895 615 1913 640 aq
1911 595 1913 599 i
1900 558 1909 579 α
