1913 2417
252 155 625 189 COMMENTATto
653 166 702 188 AD
730 156 1095 197 QUAESTIONEM
1120 158 1404 196 JURIDICAM.
1546 170 1580 192 22

67 242 116 269 τις
140 241 251 277 regulas
277 242 329 269 hac
353 241 384 269 in
407 249 435 268 re
453 240 508 268 sibi
525 247 710 276 proponant,
738 240 786 268 sed
807 247 890 268 caute
917 241 945 269 in
970 248 1111 276 quemque
1132 248 1231 268 casum
1260 241 1425 278 inquirant,
1455 249 1483 271 et
1508 251 1576 278 prir-

75 291 153 320 denti
184 293 334 327 consilio,
360 293 408 320 cui
441 291 570 320 confisus
595 297 638 318 est
668 289 832 326 legislator,
861 297 1006 327 statuant,
1038 291 1117 328 quod
1144 299 1276 326 praesens
1298 300 1390 321 rerum
1414 299 1507 322 status
1534 294 1582 321 de-

73 341 234 377 siderabit,
263 351 355 378 neque
386 342 443 370 ulla
467 342 497 370 in
525 349 554 370 re
583 347 638 368 tam
669 340 725 368 late
757 349 835 369 suam
863 343 1066 370 auctoritatem*
1087 342 1257 377 extendant,
1287 350 1320 371 ut
1352 344 1473 372 remedia
1504 343 1584 373 adhi.

73 391 139 420 bita·
155 393 279 421 Absenti
303 394 393 428 magis
416 391 475 420 sint
496 392 666 420 detrimento
699 400 782 426 quani
806 391 879 420 veris
910 393 971 429 ejus
993 392 1152 421 commodis
1176 393 1319 429 adaptata.
1367 394 1399 423 ln
1422 400 1482 423 tota
1506 395 1581 423 enim

71 443 124 472 hac
150 444 267 478 periodo
291 444 364 471 nihil
386 443 475 471 statui
499 448 614 478 oportet
636 441 692 470 nisi
719 443 757 470 ob
790 449 936 479 urgentem
966 443 1185 479 necessitatem,
1216 444 1261 472 uti
1288 453 1374 480 supra
1403 446 1433 482 §.
1457 455 1484 474 2.
1505 445 1578 474 satis

69 495 129 532 jam
158 493 368 530 explicuimus,
396 502 430 521 ex
459 501 517 528 quo
548 492 694 529 principio
729 493 940 528 quodammodo
973 494 1104 529 ipsorum
1128 495 1258 530 judicum
1286 495 1406 523 liberum
1432 495 1581 524 arbitrium

72 545 321 580 circumscriptum
355 552 418 572 esse
439 550 573 579 apparet:
604 545 628 572 si
651 545 740 581 igitur
765 553 817 580 pro
843 552 923 581 parte
947 552 1057 573 tantum
1085 545 1160 573 bona
1183 546 1281 574 relicta
1309 546 1447 575 auxilium
1470 547 1581 576 deside·

71 603 154 630 rant,
182 604 241 624 non
268 595 371 624 debent
396 596 514 630 reliquis
538 602 570 622 se
593 594 766 630 inmiscere3
790 596 850 624 imo
878 602 1008 624 sanctum
1038 595 1195 631 habeatur,
1224 604 1251 624 et
1280 597 1422 626 intactum
1451 605 1580 634 maneat,

73 649 152 684 quod
180 647 292 676 Absens
317 646 422 674 nemini
446 646 549 682 aperiri
573 646 684 680 voluit,
713 654 825 681 neque,
853 647 917 675 nisi
941 646 979 675 ob
1011 654 1149 675 summam
1179 648 1381 676 necessitatem
1398 649 1460 678 si-ve
1486 649 1581 685 ipsius

72 698 227 733 Absenfis,
255 705 317 725 sive
338 697 477 732 aliorum,
496 697 584 733 judex
607 697 669 733 ejus
690 698 806 725 domum
832 698 974 732 introeat,
1004 697 1190 733 rationesque
1209 705 1411 734 perscrutetur.
1452 699 1491 728 Et
1517 700 1586 729 hinc

70 757 190 785 quoque
210 755 268 776 non
290 749 350 775 leve
367 754 541 776 momentum
567 747 832 776 accederevidetur
860 748 1007 776 decidendi
1031 748 1217 784 sationibus,
1244 749 1353 784 quibus
1381 751 1408 777 in
1427 751 1457 786 ἕ.
1483 758 1509 785 3.
1538 751 1590 779 usi,

69 808 191 829 sumus:
221 807 286 826 cum
313 799 386 825 enim
412 799 494 825 unice
515 806 599 833 penes
619 798 745 834 iudicem
769 798 808 826 sit
830 798 1052 832 arbitrium„an
1076 807 1121 826 res
1143 799 1171 826 in
1196 800 1344 834 praesenti
1360 802 1464 829 auxilia
1485 802 1589 838 efflagi-

71 857 128 885 tet,
159 851 200 878 sie
223 849 384 877 corumdem
410 857 471 877 esse
494 849 610 877 videtui·
633 855 777 884 statuere,
806 849 922 884 quinam
947 850 1110 885 impellente
1135 851 1303 878 necessitate
1326 857 1352 878 et
1376 851 1414 879 rei
1437 836 1594 881 familiaris*

69 908 180 930 ratione
203 901 236 928 ad
261 901 410 935 petendum
436 909 532 929 coram
559 899 710 928 Tribunali
737 908 767 928 se
791 900 916 935 sistant,
947 901 1064 936 quinam
1089 908 1157 929 vero
1180 901 1267 929 nimia
1291 902 1506 938 sollicitudine,
1534 910 1585 932 aut

71 952 149 981 forte
172 951 269 979 animo
293 951 404 979 lucrum
427 957 477 979 aut
499 950 722 979 emolumentum
748 951 921 991 percipiendi
946 960 979 979 ex
1002 952 1108 980 incerta
1134 952 1270 980 .·³=bsentis
1294 952 1474 982 conditione.
1519 954 1584 983 Ho-

66 1011 131 1032 rum
159 1002 247 1039 igitur
280 1001 446 1038 petitionem
478 1002 591 1038 rejicere
622 1009 718 1038 potest
748 1003 853 1038 judex,
881 1002 939 1030 imo
967 1003 1022 1031 hoc
1048 1004 1212 1037 expostulat
1235 1010 1373 1039 potestas
1391 1004 1416 1031 ei
1439 1004 1520 1040 data,
1548 1011 1575 1033 et

69 1062 187 1083 eatenus
211 1053 447 1089 circumscripta3
478 1053 593 1081 illorum
618 1062 684 1082 vero
706 1053 829 1088 querelis
861 1060 954 1082 aurem
980 1054 1145 1088 praebens,
1165 1054 1236 1088 quid
1261 1053 1320 1081 fieri
1345 1055 1507 1090 conducat,
1537 1064 1582 1084 ar-

54 1095 245 1140 'bitrabitur3
267 1105 337 1132 adeo
360 1110 391 1132 ut
415 1113 447 1133 ex
469 1104 575 1140 judicis
597 1105 710 1132 deinum
737 1105 877 1133 sententia
897 1112 962 1132 vere
982 1111 1140 1140 appareat„
1156 1105 1271 1139 quinam
1296 1105 1418 1141 singulis
1446 1106 1476 1135 in
1495 1115 1583 1138 caus-,

68 1157 110 1186 sis
130 1156 286 1184 habeantur
305 1155 345 1183 les
365 1157 479 1193 parties
499 1156 672 1185 interessem.

103 1208 238 1237 Attamen
265 1206 331 1234 inde
358 1206 529 1234 concludere
558 1216 618 1236 non
635 1202 718 1236 'licet
747 1207 889 1236 neminem
925 1215 1018 1236 revera
1044 1206 1115 1243 legis
1140 1207 1234 1235 verbis
1256 1208 1482 1246 comprehendi,
1513 1211 1576 1240 nisi

64 1260 151 1295 eujus
181 1258 349 1295 petitionem
378 1257 522 1286 admiserit
554 1258 696 1287 Tribunal
731 1260 835 1294 primae
859 1259 1031 1292 instantiae,
1065 1265 1254 1293 omnemque,
1293 1259 1344 1294 qui
1369 1259 1398 1287 in
1421 1261 1511 1296 prima
1534 1262 1579 1290 in.

67 1310 171 1339 stantia
195 1317 297 1337 caussa
319 1308 472 1343 ceciderit,
493 1309 662 1344 petitionem
688 1318 769 1338 suam
791 1317 890 1346 urgere
908 1318 968 1337 non
993 1309 1174 1344 posse,·sed
1196 1308 1276 1337 omni
1299 1310 1432 1339 ulteriore
1454 1313 1592 1341 remedio‘

65 1360 182 1390 destitui
195 1370 213 1389 :⁷
233 1361 275 1387 uti
305 1360 379 1387 enim
406 1359 436 1387 in
464 1368 556 1388 errore
585 1361 690 1390 versari
719 1367 816 1398 potest
842 1361 887 1388 vel
916 1359 1161 1396 prudentissimus
1185 1365 1213 1387 et
1241 1359 1442 1396 integerrimus
1468 1364 1580 1399 judex,

65 1412 193 1446 adeoque
221 1409 257 1438 ab
287 1410 365 1438 omni
393 1411 499 1446 primae
528 1412 678 1441 instantiae
705 1411 860 1440 Tribunali
881 1411 1020 1447 appellari
1044 1410 1141 1446 possit
1167 1411 1201 1438 ad
1231 1410 1349 1439 Curiam
1382 1414 1579 1451 superiorem,

63 1461 104 1491 ita
127 1462 182 1489 hoc
207 1468 324 1496 quoque
350 1461 379 1489 in
409 1470 478 1490 casu
508 1462 632 1499 judicem
662 1471 838 1499 supremum
861 1470 921 1491 non
945 1461 1137 1490 constituisse
1168 1461 1280 1489 videtur
1303 1462 1448 1498 legislator
1474 1464 1578 1493 Tribu-

63 1513 112 1542 nal
133 1511 238 1547 primae
262 1511 433 1547 instantiae,
457 1513 524 1541 licet
547 1513 571 1541 ei
594 1522 701 1542 munus
719 1515 826 1543 dederit
851 1514 885 1542 de
907 1512 1094 1541 Absentibus
1110 1513 1325 1548 cognoscendi,
1348 1519 1375 1540 et
1401 1515 1435 1542 de
1458 1523 1492 1544 eo
1517 1522 1580 1545 tan-

61 1569 122 1592 tum
146 1562 263 1591 locutus
287 1561 343 1590 sit:
369 1570 434 1591 cum
466 1563 540 1592 enim
566 1554 727 1601 injudicio
756 1565 790 1593 de
813 1564 953 1592 Absentia
979 1563 1125 1591 Tribuna}
1145 1571 1204 1591 non
1232 1572 1246 1590 a
1270 1565 1593 1604 communibusreguf

63 1613 100 1642 lis
127 1612 280 1647 exemerit,
308 1622 380 1648 quae
402 1614 508 1650 cuique
532 1614 567 1643 ab
597 1615 659 1652 ejus
685 1615 843 1644 sententiis
867 1614 1009 1651 appellare
1036 1614 1221 1649 concedunt,
1250 1613 1335 1643 facilc
1365 1624 1498 1652 apparet,
1526 1627 1576 1647 ne-

62 1672 119 1700 que
144 1665 190 1692 hic
214 1663 264 1691 tali
288 1664 449 1699 exceptioni
471 1665 568 1694 locum
595 1674 656 1694 esse
680 1667 780 1703 (15).
822 1665 1004 1703 Quamquam
1024 1673 1108 1693 nemo
1127 1673 1185 1693 uon
1207 1665 1282 1694 videt
1305 1674 1320 1694 e
1341 1667 1389 1694 tali
1409 1668 1578 1704 appellatio-

60 1723 96 1746 ne
119 1714 256 1743 neminem
283 1713 364 1742 facile
385 1715 484 1751 aliquo
508 1725 646 1746 successu
670 1718 836 1754 gavisurum
853 1725 936 1752 esse,
969 1717 1083 1752 quando
1115 1716 1257 1745 Tribunal
1291 1717 1397 1753 primae
1427 1719 1595 1749 instantiae

62 1772 132 1803 post
149 1772 262 1794 examen
288 1765 475 1802 institutum,
503 1776 540 1798 an
564 1777 658 1798 revera
682 1777 791 1798 summa
815 1767 890 1797 adsit
923 1768 1100 1802 necessitas,
1134 1776 1202 1795 vere
1226 1775 1253 1796 et
1282 1774 1365 1797 caute
1387 1769 1595 1807 judicaverit,··

61 1817 224 1853 petitionem
254 1824 312 1844 non
337 1824 399 1846 esse
421 1819 644 1857 admittendam,
674 1826 702 1848 et
730 1820 781 1848 hac
802 1820 911 1849 ratione
938 1827 969 1848 se
999 1819 1095 1856 legium
1116 1819 1224 1857 -jussui
1245 1819 1275 1849 in
1299 1820 1439 1850 sententia
1465 1820 1579 1852 ferenda

59 1868 327 1897 accommodaverit.

1518 1923 1577 1956 Hie

87 1981 153 2010 (³5)
172 1982 225 2006 Vld.
242 1982 327 2011 Lam,
344 1983 362 2006 Ι.
381 1983 396 2007 1.
416 1990 508 2013 ,.3c5,
522 1989 566 2015 sq:-
