1913 2417
223 162 502 196 RESPONSIO
527 171 576 194 An
605 161 976 202 QUAESTIONEM
1004 160 1455 198 HYDROSTATICAM.
1561 172 1601 208 73

79 245 176 281 2derari
198 247 310 283 possit,
332 247 416 276 unice
438 248 558 276 tendunt
579 255 632 281 eo,
655 251 687 274 ut
707 246 941 281 demonstretur,
971 246 1026 274 hoc
1050 247 1187 276 indirecte
1209 248 1268 277 fieri
1289 257 1386 285 posse.
1428 250 1505 280 Hinc
1529 251 1591 288 ejus

79 297 241 327 *bilancium
270 306 415 335 systema,
444 300 528 336 qu'us
552 306 608 334 ope
631 297 741 334 egregie
769 305 922 333 corporum
947 298 1070 333 pondera
1099 300 1202 334 partim
1230 300 1259 329 in
1292 300 1403 329 bilance
1429 302 1592 338 superiori,

82 350 188 385 partim
214 350 244 379 in
265 350 414 385 inferiori,
435 350 583 386 explorat,
603 355 631 377 et
654 356 688 377 ex
711 348 746 376 iis
768 348 842 378 inter
865 357 895 377 se
918 349 1053 386 collatis,
1084 358 1248 387 argumenta
1271 353 1306 381 ad
1327 352 1421 381 thesin
1443 362 1524 382 suam
1545 352 1594 382 fir·

77 401 210 430 mandam
235 401 360 430 deducit.

118 451 175 480 His
208 452 409 488 experimentis
440 460 494 481 van
526 452 694 488 Coppenaal
724 460 775 480 sua
807 451 950 487 opponit,
985 457 1019 479 ut
1050 453 1202 489 ostendat,
1235 462 1337 490 aquam
1367 455 1396 483 in
1427 463 1501 491 aqua
1532 463 1592 485 non

78 510 169 540 posse
189 502 350 539 ponderari.
390 501 481 531 Priori
502 511 556 531 suo
580 503 794 539 experimento,
817 502 846 531 in
873 511 931 538 quo
957 503 1071 538 pondus
1092 503 1253 533 addititium
1276 505 1305 534 in
1331 505 1421 534 fundo
1444 506 1521 535 vasis
1545 515 1593 535 ex-

79 553 192 582 terioris
212 554 355 589 quiescit,
383 561 416 582 ex
437 554 536 590 lagena
559 562 628 590 post
652 562 755 590 aquam
778 554 933 590 ingressam
965 561 1025 582 non
1051 554 1257 590 descendente,
1291 557 1367 585 illam
1393 557 1501 586 derivat
1523 566 1593 587 con-

77 603 254 633 elusionem.
294 604 439 634 Nimirum
472 605 604 641 perhibet
633 606 662 634 in
690 605 883 641 experimento
915 604 1081 640 ssoylean0‚
1109 606 1199 634 solito
1227 608 1313 635 modo
1346 607 1504 644 instituto,
1532 617 1593 638 non

74 663 143 684 esse
166 664 268 691 aquam
293 658 322 686 in
343 658 459 693 lagena,
483 665 554 692 quae
571 657 742 691 descendat,
764 657 813 684 sed
831 656 1065 692 pondusculum,
1088 664 1146 691 quo
1171 657 1246 689 haec,
1261 665 1375 687 onerata
1396 666 1458 694 est,
1480 666 1508 687 et
1523 668 1596 695 quo-

73 713 146 734 cum
171 706 332 736 immediate
357 714 400 736 est
425 709 628 745 conjunctum.
668 708 700 735 In
732 716 787 736 suo
820 713 911 735 autem
939 707 1134 741 experimento
1166 709 1378 743 pondusculum
1403 710 1475 738 illud
1506 710 1597 739 fundo

77 756 241 792 incumbit;
262 758 331 787 hinc
352 765 420 794 post
436 759 587 787 admissam
614 767 717 794 aquam
737 760 834 795 lagena
853 766 912 786 non
933 757 1092 785 descendit.
1133 757 1187 786 Sed
1210 767 1297 795 aeque
1315 769 1346 788 ac
1366 761 1446 789 doct.
1468 762 1595 797 Aeneae,

73 806 120 836 sic
145 814 172 837 et
194 809 280 837 nobis
303 809 359 837 hoc
384 810 609 846 experimentum
635 810 746 846 egregie
772 808 990 845 gravitationem
1015 815 1104 843 aquae
1127 808 1157 836 in
1173 817 1264 845 aqua,
1287 810 1344 839 imo
1366 818 1394 839 et
1418 812 1594 847 experimen-

79 864 141 887 tum
164 858 342 895 Boyleanum
375 861 542 890 confirmare
573 861 697 890 videtur.
738 860 850 889 Etenim
884 859 999 895 pondus
1032 867 1192 894 annexum,
1221 861 1275 889 etsi
1307 861 1399 891 fundo
1424 862 1594 899 incumbat,

73 909 177 946 ibique
201 917 264 940 toto
290 920 345 940 suo
368 913 492 948 pondere
517 919 601 949 agat,
623 919 716 941 tamen
741 911 882 947 impedit,
914 910 1071 946 quominus
1096 911 1194 947 lagena
1220 912 1381 948 superficiei
1405 922 1494 949 aquae
1517 914 1599 943 inna-

70 965 130 990 tet.
166 961 228 998 Jam
251 969 322 992 vero
341 972 416 999 aqua
440 964 584 1000 intrante,
605 972 665 993 non
692 963 820 998 *amplius
841 963 902 998 eJ’us
926 962 1033 990 auxilio
1058 970 1134 997 opus
1161 968 1216 990 est.
1256 963 1343 999 Aqua
1366 964 1428 999 ipsa
1453 965 1529 993 hunc
1551 966 1599 993 ad-

73 1012 231 1041 scendendi
258 1013 354 1043 nisum
380 1015 521 1051 destruit;
553 1022 581 1044 et
603 1015 668 1043 hinc
700 1015 816 1050 lagena,
846 1012 876 1040 in
903 1013 969 1040 loco
987 1031 998 1047 ,
1031 1020 1115 1048 quem
1143 1019 1289 1048 occupat,
1318 1021 1459 1051 remanet,
1487 1015 1597 1044 etiamsi

77 1063 149 1099 (uti
177 1072 263 1100 supra
285 1066 341 1102 jam
368 1066 516 1102 diximus,
546 1072 574 1094 et
596 1066 633 1095 ab
662 1066 774 1094 Aeneae
804 1070 976 1099 responsum
1002 1064 1069 1099 est)
1102 1063 1199 1099 funis,
1232 1072 1291 1099 quo
1315 1066 1430 1101 pondus
1454 1074 1596 1095 annexum

70 1120 141 1150 est,
162 1115 342 1153 dissecetur,
372 1118 392 1148 i.
416 1126 441 1148 e.
468 1118 582 1154 pondus
604 1116 768 1145 addititium
795 1114 950 1144 auferatur.
996 1113 1067 1143 Non
1091 1115 1165 1143 enim
1188 1123 1304 1144 necesse
1326 1122 1388 1152 est,
1418 1117 1454 1145 ad
1475 1117 1597 1154 gravita-

79 1165 190 1195 tionem
216 1176 306 1204 aquae
330 1168 359 1197 in
383 1177 458 1205 aqua
479 1169 749 1203 demonstrandam,
770 1175 871 1203 aquam
895 1166 924 1194 in
948 1173 1022 1201 aqua
1039 1166 1228 1202 descendere,
1249 1167 1296 1195 vel
1321 1168 1397 1196 aliud
1421 1176 1529 1203 corpus
1547 1169 1594 1197 de-

79 1218 222 1254 primere,
252 1220 409 1249 dummodo
437 1220 557 1255 efficiat,
587 1228 622 1248 ne
648 1227 756 1255 corpus
785 1218 879 1252 illud,
908 1224 1033 1246 ceterum
1065 1217 1159 1245 levius
1184 1225 1279 1253 aqua,
1307 1218 1337 1247 in
1366 1227 1399 1247 ea
1427 1219 1593 1249 adscendat.

73 1269 166 1308 Quod
189 1276 281 1299 autem
305 1271 404 1306 lagena
424 1278 484 1306 non
505 1271 656 1299 descendat
684 1274 755 1306 post
777 1275 868 1304 aquae
898 1267 1068 1303 introitum,
1090 1267 1241 1297 manifeste
1266 1269 1358 1298 oritur
1382 1278 1416 1299 ex
1439 1278 1493 1305 eo,
1515 1269 1595 1306 quod

72 1322 195 1358 pondus
219 1321 290 1349 illud
313 1321 499 1358 addititiam,
521 1328 643 1351 ceterum
667 1328 733 1350 cum
761 1321 823 1356 ipsa
849 1320 946 1356 lagena
970 1319 1131 1348 immediate
1155 1320 1366 1358 conjunctum,
1396 1322 1524 1357 adeoque
1547 1322 1593 1350 de·

78 1372 236 1401 scendendi
261 1372 425 1401 facultatem
447 1373 578 1409 habens,
603 1382 700 1408 nunc,
732 1380 840 1409 quippe
860 1371 953 1400 fundo
983 1371 1177 1407 incumbens,
1207 1372 1375 1401 descendere
1401 1381 1460 1401 non
1483 1372 1591 1407 possit.

40 1419 45 1421 ”
74 1421 107 1451 Si
133 1431 200 1453 vero
224 1422 346 1452 fundum
373 1433 436 1455 non
457 1431 603 1463 tangeret,
625 1425 744 1454 omnino
770 1423 951 1451 descenderet
976 1429 1003 1450 et
1027 1423 1142 1458 pondus
1166 1428 1194 1450 et
1217 1424 1335 1459 lagena,
1358 1424 1400 1452 uti
1418 1424 1502 1452 etiam
1526 1423 1590 1459 ipse

76 1472 279 1510 Hcsselingius
303 1475 479 1504 observavit.
518 1476 596 1504 Hinc
623 1481 758 1511 apparet,
786 1475 1007 1509 experimentum
1032 1474 1087 1502 hoc
1120 1473 1192 1501 nihil
1222 1482 1282 1502 esse
1304 1475 1399 1509 aliud,
1429 1475 1486 1503 nisi
1510 1474 1587 1509 Boy-

73 1523 204 1559 leanum,
227 1526 275 1553 sed
298 1525 328 1554 in
351 1535 410 1562 quo
435 1528 550 1563 pondus
575 1526 737 1555 addititium
758 1525 814 1553 alio
841 1525 927 1553 modo
951 1524 1022 1560 agit:
1046 1523 1114 1552 hinc
1139 1524 1222 1552 etiam
1246 1533 1306 1553 non
1329 1525 1452 1561 probare
1471 1531 1589 1561 potest,

72 1574 129 1603 nisi
155 1576 235 1610 quod
258 1576 352 1612 ipsum
381 1578 602 1613 experimentum
629 1576 727 1613 Boylei
748 1576 869 1612 probare
895 1575 1032 1603 vidimus.

110 1625 237 1654 Tandem
263 1628 445 1663 pervenimus
473 1629 507 1657 ad
532 1628 664 1656 ultimum
697 1628 919 1664 experimentum
954 1625 1127 1661 Coppenalii
1157 1627 1295 1655 adversus
1320 1627 1481 1663 Boyleum,
1510 1627 1583 1656 illud

70 1677 196 1713 scilicet,
224 1677 254 1706 in
279 1687 339 1713 quo
363 1678 483 1707 fundum
511 1680 625 1715 lagenae
647 1678 758 1714 aufert,
790 1685 875 1713 atque
896 1685 958 1706 turn
983 1685 1016 1704 ex
1041 1676 1192 1705 immutato
1217 1678 1387 1713 aequilibrio
1406 1679 1579 1714 concludit,

68 1734 166 1763 aquam
189 1736 247 1757 non
272 1729 301 1757 in
322 1730 402 1757 illum
428 1730 547 1758 fundum
575 1730 740 1766 gravitasse.
783 1730 838 1758 Sed
863 1736 891 1757 et
922 1729 1009 1765 hujus
1035 1728 1221 1764 experimenti
1253 1729 1390 1764 optimam
1423 1729 1500 1758 dedit
1530 1737 1580 1757 ex-

68 1778 251 1815 plicationem
281 1787 309 1808 et
340 1780 541 1809 refutationem
565 1782 644 1810 doct.
673 1781 782 1809 Aeneae
804 1781 894 1817 (1),
917 1789 950 1808 ex
975 1788 1032 1815 qua
1053 1785 1147 1815 patet,
1176 1780 1388 1816 Coppenalium
1419 1787 1488 1817 post
1517 1789 1579 1816 per-

66 1828 187 1858 foratam
215 1837 365 1867 utramque
393 1832 517 1861 vesicam
543 1833 660 1860 eundcm
686 1832 850 1861 obtinuisse
875 1833 987 1867 lagenae
1013 1836 1142 1866 statum,
1174 1839 1255 1866 quem
1280 1838 1345 1860 ante
1366 1820 1477 1861 vesIcas
1499 1832 1577 1860 addi·

67 1885 112 1909 tas
134 1881 292 1919 habuerat3
325 1883 377 1912 hac
400 1889 510 1913 tantum
542 1883 732 1913 intercedente
764 1882 920 1912 differentia
937 1902 948 1919 ,
976 1882 1056 1918 quod
1081 1888 1109 1910 et
1138 1882 1271 1919 lagenae,
1300 1889 1327 1912 et
1352 1883 1433 1912 alteri
1457 1882 1578 1912 bilancis

1516 1934 1578 1962 bra-

87 2005 143 2037 (ι)
162 2008 209 2033 vid,
229 2016 294 2038 supra
313 2018 336 2039 p.
352 2016 387 2037 ⁵²·

839 2051 865 2080 K
