1913 2417
734 149 1173 187 LECTIONUM.
1641 155 1684 189 ’13

190 247 238 278 ³8.
267 246 294 288 J.
336 256 417 278 VAN
462 255 512 278 DE
552 243 911 279 WYNPERSSE.
945 245 1194 290 Metaphysicam
1226 252 1365 289 exponet
1400 246 1518 279 diebus
1552 249 1683 288 Martis,

248 304 420 340 Mercurii,
443 304 530 333 Jovis
551 308 582 332 et
606 302 757 339 Veneris,
786 301 864 331 hora
882 302 968 333 VIII.

313 359 462 401 Logicam
492 354 618 387 docebit
641 356 755 387 diebus
785 357 900 387 Martis
925 364 956 387 et
981 358 1086 396 Jovis,
1111 358 1189 388 hora
1208 358 1247 390 X.

312 413 550 456 Philosophiam
580 412 736 443 Moralem
757 435 767 449 ,
808 412 846 442 ad
882 413 1015 444 ductum
1058 425 1188 445 suarum
1224 415 1468 448 Institutionum
1508 413 1681 461 explicabit

345 469 468 500 >diebus
492 471 621 506 Lunae,
646 469 778 505 Martis,
804 469 959 500 Mercurii
977 476 1008 501 et
1022 472 1124 507 Jovis,
1151 470 1227 501 hora
1244 472 1288 504 IX
1309 473 1356 504 vel
1376 473 1432 505 XI.

311 526 381 557 Nisi
406 526 484 557 aliae
509 526 610 568 magis
633 524 819 556 commodae
849 526 1036 559 videantur:
1071 526 1110 558 de
1138 538 1204 570 quo
1227 536 1336 571 postea
1361 541 1436 561 cum
1461 530 1679 563 Auditoribus

356 584 421 613 suis
453 589 532 620 aget.

202 641 243 672 H.
277 640 528 676 TOLLIUS,
554 649 707 682 quasnam
731 638 902 676 lectiones,
927 638 1046 681 quibus
1070 639 1179 679 horis,
1211 642 1251 672 sit
1276 641 1463 680 habiturus,
1498 649 1607 684 postea
1629 644 1679 674 in-

246 697 374 728 divamt.
653 714 655 718 ⁴

200 753 248 784 M.
279 752 584 787 TYDEMAN,
610 751 848 795 Antiquitatem
873 754 1051 784 Romanam
1083 752 1242 784 enarrabit
1276 753 1390 786 diebus
1421 757 1551 796 Lunae,
1587 756 1676 787 Mar-

244 815 301 843 us,
330 813 480 840 {ttercnii
507 818 535 839 et
564 810 666 846 Jovis,
691 809 768 840 hora
786 809 857 841 XII.

199 865 239 896 E.
268 867 307 897 A.
337 865 559 898 BORGER
578 889 587 903 ‚
620 865 794 897 Historiam
831 864 1047 896 Universalem
1082 865 1183 898 tradet
1223 866 1337 899 diebus
1376 870 1512 909 Lunae,
1545 869 1675 907 Martis,

242 924 393 953 Mercurii
418 931 448 953 et
469 925 574 960 jovis,
600 922 675 952 hora
693 922 749 954 XI.
1074 922 1076 924 ’

308 979 446 1010 Platonis
463 979 663 1021 -Apologiam
686 979 824 1009 Socratis
847 979 1108 1023 interpretabitur
1133 980 1245 1012 iisdem
1267 980 1399 1020 diebus,
1423 980 1500 1012 hora
1519 982 1549 1015 II
1561 980 1606 1013 vel
1619 982 1673 1014 111.

195 1037 223 1077 J.
264 1036 421 1073 BAKE,
455 1037 583 1067 Latinas
621 1036 741 1066 Literas
771 1035 898 1067 docebit
927 1037 1114 1068 enarrandis
1152 1036 1316 1069 Ciceronis
1348 1038 1556 1068 Orationibus
1601 1044 1674 1080 post

241 1092 393 1122 Reditum
420 1099 576 1133 quatuor,
599 1091 650 1124 Ad
672 1092 833 1130 Quirites,
858 1093 896 1123 In
924 1092 1064 1131 Senatu,
1090 1092 1150 1123 Pro
1175 1094 1300 1133 Domo,
1325 1100 1356 1123 et
1382 1095 1429 1124 De
1457 1094 1674 1136 Haruspicum

239 1148 433 1190 Responsis:
457 1154 525 1178 tum
550 1146 790 1189 interpretando
816 1148 936 1179 Catulli
963 1149 1105 1179 carmine
1126 1148 1166 1178 de
1187 1149 1317 1191 Nuptiis
1344 1149 1429 1180 Pelei
1451 1156 1483 1180 et
1507 1149 1670 1183 Thetidos.

239 1203 364 1236 Diebus
387 1205 514 1240 Lunae,
541 1203 678 1241 Martis,
701 1204 858 1235 Mercurii
883 1210 915 1234 et
939 1204 1047 1242 Jovis,
1069 1205 1145 1236 hora
1165 1204 1222 1236 IX.

302 1261 524 1303 Antiquitates
549 1260 686 1291 Graecas
710 1259 811 1290 tradet
829 1259 943 1291 diebus
968 1261 1076 1290 Lunae
1103 1267 1134 1291 et
1161 1262 1335 1300 Mercurii,
1360 1262 1438 1294 hora
1457 1263 1499 1295 X.

303 1317 529 1359 Aristophanis
556 1317 647 1348 Aves
673 1316 935 1360 interpretabitur
970 1316 1093 1347 selectis
1124 1316 1325 1349 auditoribus
1347 1319 1581 1362 privatissime‚
1605 1319 1672 1352 die-

345 1369 414 1403 bus'
429 1373 559 1409 Martis,
583 1374 670 1404 Jovis
694 1380 726 1404 et
744 1375 895 1412 Veneris,
920 1373 998 1405 hora
1016 1374 1058 1406 X.

192 1432 234 1464 H.
263 1432 302 1463 A.
331 1431 360 1462 H
371 1430 620 1467 AMAKER,
645 1430 727 1461 Prof.
752 1431 813 1462 LL.
836 1432 905 1462 00.
928 1428 1096 1461 Extraord.
1112 1436 1144 1461 et
1163 1430 1301 1473 Interpr.
1325 1433 1400 1473 Leg.
1419 1433 1528 1464 Warn.
1554 1434 1668 1464 Gram-

235 1495 382 1519 maticam
418 1489 594 1521 Hebraeam
626 1487 797 1530 explicabit
824 1494 855 1518 et
877 1487 1160 1519 exercitationibus
1189 1475 1368 1529 Analyticis
1402 1489 1526 1520 vacabit
1556 1489 1671 1522 diebus

233 1546 361 1582 Lunae,
383 1545 514 1583 Martis,
537 1545 688 1576 Mercurii
708 1551 740 1575 et
764 1545 874 1582 Jovis‚
900 1543 979 1575 hora
1000 1543 1088 1574 VIII.

302 1600 449 1642 Linguae
478 1600 650 1639 Arabicae,
684 1602 848 1642 Syriacae,
882 1599 1073 1631 Chaldaicae
1110 1599 1266 1632 elementa
1302 1601 1482 1633 alternatim
1507 1609 1665 1645 exponet,

342 1656 456 1688 diebus
480 1658 589 1688 Lunae
613 1664 645 1688 et
666 1658 772 1696 Jovis,
798 1657 876 1688 hora
893 1656 932 1688 X.
963 1663 996 1687 et
1019 1657 1168 1695 Veneris,
1195 1657 1272 1688 hora
1289 1658 1344 1689 IV.

301 1713 344 1748 Al
364 1712 528 1745 Wakidaei
546 1715 717 1745 Historiam
736 1718 936 1757 expugnatae
956 1724 973 1743 a
994 1712 1158 1743 Moslemis
1178 1715 1320 1756 Aegypti
1345 1712 1519 1752 inferioris,
1544 1720 1574 1745 et
1598 1716 1671 1746 An·-

339 1777 424 1802 tarae
451 1769 665 1809 Nloallakam‚
691 1771 724 1803 in
751 1771 989 1814 provectiorum
1017 1769 1250 1813 discipulorum
1280 1771 1414 1812 gratiam
1442 1771 1664 1813 interpretabi-

336 1833 390 1859 tur
415 1826 528 1858 diebus
552 1829 660 1857 Lunae
683 1834 714 1858 et
735 1828 909 1864 Mercurii,
935 1827 1013 1859 hora
1031 1828 1086 1859 IV.

187 1886 225 1919 C.
254 1886 283 1927 J.
314 1885 354 1916 C.
385 1883 655 1920 REUVENS,
680 1883 796 1916 Philos.
819 1884 935 1915 Theor.
966 1891 996 1915 et
1022 1885 1096 1916 Litt.
1131 1884 1245 1921 Hum„
1277 1883 1362 1926 inpr.
1386 1882 1660 1926 Archaeologiae‚

228 1942 311 1975 Proi‘.
344 1940 526 1979 Extraor‹l.‚
563 1940 719 1984 quaedam
741 1942 844 1984 capita
873 1941 1032 1973 Historiae
1064 1945 1196 1972 Artium
1233 1941 1456 1983 antiquarum,
1488 1941 1658 1983 praecipue

931 1999 956 2029 B
980 2007 998 2040 3
1590 1996 1661 2028 Sta-
