1913 2417
560 148 897 185 ANDREAE
962 149 1150 185 BONN·
1550 152 1595 193 ²¹7

119 244 274 278 auxilium
302 242 392 275 illum
417 251 610 283 evocarunt3
633 246 676 276 ita
706 245 881 288 Collegium
906 245 1005 288 hujus
1029 245 1119 278 urbis
1145 244 1222 276 olim
1249 243 1405 276 medicum
1431 241 1591 285 principio

121 303 250 344 jamjam
274 302 484 344 inspectorem
508 312 604 332 suum
633 302 850 344 nuncupavit3
883 303 925 332 ita
959 304 1138 334 Institatum
1175 303 1291 332 artium
1323 307 1354 331 ec
1376 300 1595 334 scientiarum,

119 358 208 401 quod
235 357 276 389 ab
308 356 497 390 Hollandiae
529 360 616 399 'Rege
641 358 676 387 in
707 357 766 388 hac
799 365 906 389 nostra
931 359 1061 389 civitate
1085 359 1298 389 constitutum
1329 356 1410 393 fuit,
1444 356 1593 397 inprimis

118 415 214 445 etiam
245 415 287 445 ia
305 413 428 444 honore
452 424 526 444 eum
560 412 692 449 habuit,
721 415 803 456 quin
836 421 868 445 et
891 417 958 446 Rex
991 421 1098 446 noster
1124 415 1285 456 optimus,
1319 421 1592 448 wmussmuns,

119 469 226 502 ordini
250 470 366 501 Leonis
384 469 507 512 Belgici
528 469 620 500 illum
646 469 831 513 adscripsit,
859 473 1083 513 Gymnasz't'qae
1107 470 1289 513 leeologici
1320 468 1499 501 Latherani
1531 468 1592 498 hu·

115 527 168 570 jus
192 525 281 557 urbis
308 528 513 564 curatorem,
535 526 733 557 exolescente
755 527 887 569 jamjam
916 534 1035 565 aetate,
1059 527 1238 569 appellavit.

160 584 268 625 Atque
289 582 394 613 virum
422 582 530 620 hunc,
562 588 609 613 tot
635 583 796 625 tantisque
820 583 1000 614 honoribus
1026 590 1197 614 mactatum
1214 606 1222 620 ,
1254 582 1343 614 velut
1368 581 1503 612 militem
1526 581 1591 611 exi-

115 640 180 671 mie
203 645 380 682 spectatnm
402 649 437 669 ac
459 638 635 669 laureatum
651 661 660 676 ,
688 646 874 681 arroganter
897 640 936 671 de
964 651 996 670 se
1026 640 1234 677 sentientem,
1264 640 1404 681 actisque
1429 639 1495 669 suis
1521 636 1592 679 glo·

115 697 199 727 riose
231 695 494 738 superbientem,
525 693 656 725 fortasse
685 704 770 725 unus
800 701 854 725 aut
888 695 965 726 alter
1001 695 1062 727 sibi
1091 694 1333 726 informaverit?
1377 693 1470 726 Absit
1494 694 1533 724 A.
1551 695 1587 725 A.

116 751 275 794 ejusmodi
307 750 447 782 invidiae
477 756 532 780 aut
566 750 760 781 invidentiae
794 750 942 782 macula!
991 762 1203 790 sommus,
1235 761 1332 793 quam
1368 752 1519 781 virtutem
1556 749 1590 779 in

114 809 206 839 omni
242 808 311 838 cive
346 807 483 837 maxime
512 805 680 845 laudabat,
712 806 900 838 modestiam
934 808 1001 850 ipse
1033 807 1275 849 diligentissime
1307 807 1465 843 servavit,
1495 816 1585 837 sum-

114 875 264 907 mamque
293 863 392 894 animi
421 862 675 905 magnitudinem
701 863 802 894 multa
829 864 1027 895 humanitate
1055 865 1253 907 temperavit.
1301 864 1340 895 In
1365 863 1468 894 socios
1492 862 1587 893 etiam

113 932 149 952 ac
174 920 296 952 sodales
322 919 499 960 injuriosus
525 930 694 962 nunquam
729 926 784 950 aut
817 921 1072 952 contumeliosus
1090 945 1098 957 ,
1131 931 1244 952 omnes
1268 921 1345 952 artis
1367 926 1398 951 et
1425 919 1588 950 literarum

115 983 256 1009 amantes
276 975 471 1018 liberiusque
491 977 663 1007 sentientes
687 977 796 1018 magni
814 987 938 1019 semper
961 979 1154 1017 aestimavit,
1177 989 1243 1009 non
1264 988 1432 1020 personam
1458 988 1497 1007 ex
1520 977 1591 1019 opi-

114 1034 230 1071 nione,
255 1032 310 1063 sed
342 1043 408 1063 rem
438 1043 700 1075 unamquamque
719 1043 758 1063 ex
784 1034 916 1064 veritate
936 1034 1108 1075 judicavit,
1141 1041 1171 1065 et
1197 1035 1344 1076 quamvis
1368 1035 1402 1064 in
1425 1034 1515 1063 omni
1539 1043 1586 1063 rc·

112 1100 187 1121 rum
218 1089 364 1120 examine
397 1089 675 1126 accuratissimus,
707 1089 741 1119 in
773 1090 929 1120 sententia
970 1097 1109 1133 perstare
1141 1100 1378 1132 nonnunquam
1415 1089 1495 1130 juris
1533 1094 1588 1119 aut

114 1144 214 1176 officii
241 1145 292 1175 sui
321 1143 471 1187 duceret,
505 1155 673 1188 nunquam
709 1151 815 1176 tamen
850 1145 890 1177 ad
920 1146 1068 1178 odiosum
1099 1146 1180 1178 illud
1217 1146 1463 1178 detrectatorum
1484 1155 1586 1187 genus

108 1201 243 1232 >accessit
259 1223 268 1237 ‚
299 1201 356 1242 qui
391 1199 441 1230 vel
477 1200 580 1243 palam
610 1202 660 1232 vel
685 1201 814 1244 publice
845 1202 885 1233 de
917 1203 1018 1245 gloria
1051 1203 1188 1234 aliorum
1216 1209 1272 1234 aut
1299 1201 1382 1233 fama
1408 1207 1464 1233 aut
1491 1200 1586 1232 rebus

111 1258 208 1300 gestis
239 1262 293 1287 aut
325 1255 490 1288 beneficiis
521 1257 650 1288 obscuri
680 1257 844 1290 detrahere
871 1259 995 1299 solent,
1025 1261 1106 1303 quin
1132 1260 1255 1302 potius,
1285 1262 1358 1302 quis
1381 1258 1468 1289 enim
1498 1268 1587 1289 mor·

112 1313 225 1346 talium
254 1311 477 1355 improborum
503 1313 734 1356 malignitatem
762 1321 794 1346 et
819 1315 953 1347 livorem
975 1315 1130 1359 effugiat?
1151 1317 1348 1348 severitatem
1374 1315 1582 1346 inimicorum

112 1376 145 1401 et
170 1369 425 1401 adversariorum
454 1369 662 1412 petulantiam
687 1371 797 1403 multis
815 1372 1024 1403 humanitatis
1049 1372 1165 1404 officiis
1186 1373 1354 1415 mitigavit.
1400 1375 1584 1403 Documen-

111 1432 183 1458 tum
211 1425 309 1467 hujus
347 1426 474 1469 generis
511 1437 531 1458 e
566 1428 631 1458 vita
661 1439 815 1461 noum!
843 1440 1093 1461 commemorare
1124 1441 1183 1461 vos
1217 1433 1259 1462 A.
1277 1432 1319 1462 A.
1358 1440 1376 1460 a
1408 1440 1442 1459 re
1476 1435 1585 1460 nostra

110 1482 200 1514 haud
223 1482 364 1514 alienum
389 1483 583 1525 judicabitis.
624 1484 695 1525 Jam
720 1492 859 1528 quatuor
884 1492 915 1517 et
939 1487 1054 1529 viginti
1087 1485 1205 1517 abhinc
1232 1497 1356 1526 annos,
1380 1487 1489 1528 prouti
1505 1493 1583 1517 tunc

113 1545 205 1571 erant
226 1546 371 1581 tempora
396 1547 430 1570 et
451 1540 590 1582 partium
613 1541 736 1578 studia,
772 1542 860 1584 quod
888 1545 922 1573 in
955 1541 1117 1574 mutandis
1142 1549 1197 1573 aut
1222 1542 1380 1574 novandis
1406 1542 1502 1572 rebus
1532 1542 1583 1573 ni-

112 1597 215 1627 mium
236 1596 266 1627 ei
293 1595 479 1634 videbatur,
501 1597 710 1639 comprobare
738 1598 787 1628 vir
813 1597 866 1629 ille
893 1609 1002 1629 amans
1036 1599 1154 1641 patriae
1189 1599 1280 1629 nullo
1306 1599 1438 1630 nomine
1466 1599 1582 1640 potuit.

113 1652 299 1694 Collegium
323 1652 404 1682 illud
420 1652 604 1691 Medicum,
624 1653 711 1696 quod
733 1655 897 1698 Inspector
920 1657 988 1697 ipse
1011 1665 1140 1686 summo
1157 1666 1232 1686 cum
1249 1654 1357 1686 labore
1373 1663 1405 1686 et
1422 1655 1579 1686 industria

107 1709 143 1740 in
166 1709 270 1750 majus
295 1707 448 1739 extollere
469 1709 647 1752 inceperat,
668 1711 824 1753 singulari
851 1712 1095 1754 Magistratuum
1116 1711 1244 1743 decreto
1268 1710 1427 1754 deprimi,
1450 1719 1504 1743 aut
1525 1723 1583 1755 pe·

110 1776 152 1797 ne
173 1765 339 1807 extingui,
369 1775 438 1796 non
461 1775 552 1807 aegre
579 1773 611 1797 et
639 1767 771 1798 moleste
797 1767 878 1799 ferre
910 1767 1009 1798 homo
1032 1767 1119 1799 haud
1139 1769 1261 1811 potuit,
1285 1769 1344 1811 qui
1371 1768 1505 1799 humani
1532 1769 1582 1799 ni·

107 1822 156 1854 hil
183 1832 201 1853 a
228 1832 261 1853 se
286 1820 425 1853 alienum
451 1828 598 1864 putaret,
630 1833 670 1854 ex
700 1831 897 1855 commutato
920 1825 1053 1856 nomine
1087 1835 1256 1868 nunquam
1283 1825 1438 1866 majorem
1462 1824 1582 1856 utilita-

111 1884 177 1910 tem
202 1881 429 1921 suspicaturus,
486 1878 596 1922 Itaque
619 1880 785 1922 provincia
810 1891 866 1911 sua
898 1880 1026 1923 publica
1060 1880 1277 1913 decedendum
1305 1882 1457 1919 censuit,
1490 1880 1580 1924 quod

106 1942 331 1968 concesserunt
354 1935 481 1969 tandem
505 1938 535 1968 ei
559 1937 762 1979 magistratus
776 1960 785 1977 ,
809 1936 895 1976 salva
923 1943 1029 1970 tamen
1052 1939 1087 1970 in
1115 1938 1173 1969 hac
1199 1937 1400 1970 immunitate
1424 1937 1578 1981 peculiari

900 1995 925 2025 C
1539 1992 1583 2023 sa·
