1913 2417
230 172 620 205 COMMENTATIO
652 181 701 202 An
730 169 1101 211 QUAESTIONEM
1125 171 1417 209 JURIDICAM.
1550 182 1583 209 33

67 259 137 288 time
162 257 235 286 hanc
260 256 424 286 facultatem
448 261 614 284 reservatam
638 263 700 283 esse
723 255 779 283 soli
801 254 938 291 conjugi,
961 256 986 284 si
1017 255 1080 284 dein
1105 261 1277 289 revertatur,
1298 262 1347 283 aut
1371 254 1493 289 aliquem
1519 254 1580 283 ido-

66 317 120 339 neo
146 309 276 338 mandato
301 308 475 336 instructum
502 307 680 343 delegaverit.
721 306 814 334 Pauca
842 306 911 335 haec
939 307 972 334 de
996 306 1190 342 prohibitione
1219 306 1289 335 novi
1310 305 1481 335 matrimonii
1507 313 1579 333 con-

68 360 196 389 trahendi
221 359 350 395 attigisse
373 358 512 393 sufficiat,
540 367 604 386 cum
628 357 760 393 profecto
789 357 861 386 nibil
889 357 979 393 magis
1000 357 1108 392 statui,
1138 365 1222 393 quem
1249 363 1356 386 vocant
1388 350 1578 392 praesumtio-

64 418 129 441 nem
157 410 328 443 Absentiae‚
351 409 523 437 contrarium
550 408 615 443 sit,
650 416 734 443 quam
766 408 907 444 ejusmodi
938 407 1112 435 matrimonii
1140 408 1304 444 cogitatio,
1333 408 1459 443 adeoque
1489 407 1576 444 hujus

63 460 241 496 quaestionis
263 459 396 488 tractatio
419 460 515 488 locum
542 460 632 495 magis
657 459 789 487 idoneum
814 467 955 495 occupare
972 459 1083 487 videtur
1097 458 1126 487 in
1149 460 1235 488 altera
1258 459 1412 488 Absentiae
1438 459 1570 494 periodo.

100 513 156 542 Sed
176 513 340 548 videamus,
364 512 512 548 quomodo
536 512 633 540 liberis
656 511 783 540 nondum
809 509 951 547 perfectae
977 510 1077 538 aetatis
1108 517 1313 545 succurratur,
1343 517 1468 545 quorum
1496 515 1576 544 pater·

61 564 157 600 abest3
184 564 281 592 matris
310 563 383 592 enim
409 564 547 598 decessu,
577 570 609 591 ut
633 563 781 598 vidimus,
808 562 917 591 nullam
943 561 1172 590 imminutionem
1198 562 1307 597 patitur
1332 560 1457 589 officium
1484 567 1576 596 pater-

61 623 129 644 num
154 621 182 642 et
201 615 248 651 jus
272 615 302 643 in
325 614 451 649 liberos,
471 622 537 642 cum
561 613 643 642 solus
667 620 745 649 pater
760 614 879 641 durante
902 611 1083 640 matrimonio
1108 613 1160 641 hac
1183 618 1324 648 potestate
1347 611 1487 649 gaudeat,
1508 616 1570 640 art.

62 673 127 702 373.
147 665 216 694 Cod.
241 665 326 701 Cim,
350 671 380 693 et
402 665 468 692 hinc
493 664 681 700 intelligitur,
711 672 762 692 cur
784 664 860 700 leges
885 670 994 690 tantum
1019 663 1088 690 certi
1116 664 1185 699 quid
1207 664 1401 692 ordinaverint
1421 663 1455 692 de
1484 670 1573 697 casu,

56 724 119 752 quo
142 723 261 752 paterno
285 716 427 756 praesidio
449 716 532 744 liberi
558 715 776 750 destituuntur3
799 715 857 742 vid.
882 715 1033 751 inscriptio
1055 721 1121 751 cap.
1137 723 1166 751 4.
1188 714 1274 749 hujus
1296 714 1390 743 tituli.

94 766 128 794 Si
151 773 248 802 pater,
268 773 300 795 ut
321 767 447 803 primum
466 767 500 795 de
519 767 580 802 ejus
598 766 657 794 vita
679 765 797 794 dubium
817 764 966 799 exoritur,
993 771 1127 793 mortuus
1142 764 1311 799 haberetur,
1333 765 1412 792 nulla
1436 764 1572 801 profecto

55 817 172 846 adesset
192 816 340 846 dubitandi
365 818 455 852 ratio,
487 817 557 852 quin
583 816 679 845 statim
703 816 809 844 tutelae
838 815 992 843 liberorum
1016 815 1228 844 consulendum
1260 813 1336 843 foret
1367 815 1454 843 modo
1482 814 1576 850 legiti-

49 871 133 904 ’πως
153 874 182 896 at
202 876 268 896 curn
288 876 382 904 neque
401 867 577 905 praesumtio
593 867 694 895 mortis
707 887 716 901 ,
739 875 832 902 neque
855 866 928 894 vitae
952 865 1034 894 unice
1057 866 1248 901 adtendatur,
1269 865 1369 894 nullus
1394 865 1486 894 adhuc
1506 871 1570 900 est,

55 926 151 954 neque
181 926 244 947 esse
266 925 364 955 potest
396 927 468 948 usus
500 919 560 956 ejus
585 918 665 946 tituli
690 918 811 946 Codicis
836 917 969 953 Civilis,
999 917 1051 952 qui
1080 917 1199 945 tutelam
1224 915 1357 952 ordinat,
1385 923 1414 944 et
1446 916 1572 952 singulis

61 969 175 998 caussis
198 970 411 998 accommodat:
433 969 490 998 alio
516 970 605 1006 igitur
629 969 714 997 modo
742 968 839 997 liberis
869 967 1104 1004 prospiciendum
1136 975 1199 995 esse
1226 973 1308 995 caute
1335 966 1511 996 existimavit
1534 967 1575 994 le-

53 1019 197 1056 gislator,
224 1026 252 1048 et
279 1020 347 1049 licet
371 1029 451 1050 verae
482 1020 587 1048 tutelae
615 1020 698 1048 locus
731 1020 858 1048 nondum
886 1025 982 1053 esset,
1011 1018 1048 1046 iis
1083 1018 1162 1046 nulla
1194 1018 1303 1046 ratione
1331 1017 1433 1046 melius
1458 1017 1574 1046 consuli

54 1078 144 1107 posse
164 1071 296 1106 putavit,
317 1079 402 1106 quam
427 1071 489 1107 ipsa
513 1071 561 1098 illa
585 1078 685 1099 norma
706 1071 754 1098 hic
780 1077 899 1105 quoque
922 1068 1112 1103 adtendenda,
1142 1068 1176 1096 ad
1203 1075 1287 1103 quam
1314 1068 1391 1104 leges
1420 1068 1454 1096 de
1480 1066 1569 1094 tutela

55 1121 249 1150 ordinaverat.
295 1121 342 1150 Ex
368 1121 448 1150 hisce
472 1122 561 1158 igitur
587 1121 681 1150 omnia
710 1129 740 1149 ea
767 1120 922 1148 liberorum
953 1117 1114 1148 conditioni
1142 1117 1301 1154 applicuit,
1331 1125 1404 1153 quae
1436 1116 1471 1145 ad
1500 1122 1572 1145 tem·

57 1179 136 1207 pus,
166 1172 233 1198 dum
259 1172 348 1206 patris
375 1172 482 1201 reditus
517 1173 610 1201 adhuc
646 1171 752 1208 sperari
774 1177 891 1207 posset,
918 1170 1073 1198 liberorum
1105 1169 1193 1197 statui
1222 1167 1314 1204 magis
1345 1167 1566 1196 accommodata

53 1220 245 1256 videbantur,
268 1223 404 1257 quamdiu
423 1223 482 1251 vita
499 1223 589 1260 patrIs
609 1222 716 1251 incerta
732 1228 875 1256 maneret;
891 1220 952 1249 vid.
975 1220 1124 1255 Locreus,
1147 1219 1235 1248 Tom.
1254 1218 1295 1248 Π.
1316 1227 1350 1254 p.
1366 1218 1434 1255 516.
1476 1216 1570 1246 Recte

53 1271 146 1308 igitur
183 1271 417 1308 distinguendum
447 1274 563 1308 putavit
603 1273 750 1310 legislator
780 1272 920 1309 triplicem
954 1271 1110 1299 liberorum
1142 1269 1308 1298 relictorum
1335 1268 1532 1297 conditionem
1552 1289 1565 1303 ,

49 1322 150 1360 prouti
173 1322 218 1352 vel
242 1329 329 1350 mater
355 1322 508 1352 liberorum
529 1325 624 1353 adhuc
647 1323 744 1358 vivat,
773 1324 819 1352 vel
840 1323 897 1360 J‘am
921 1321 1092 1357 decesserit,
1121 1321 1168 1350 vel
1192 1320 1314 1355 denique
1337 1318 1419 1348 liberi
1443 1319 1568 1348 existant

49 1381 86 1403 ex
108 1373 202 1410 priore
223 1372 404 1402 matrimonio
426 1374 561 1411 conjugis
581 1374 708 1403 absentis
733 1373 885 1410 procreati.
928 1373 1044 1411 Quibus
1077 1371 1341 1409 singulis-diversa
1366 1370 1476 1400 ratione
1495 1377 1567 1407 pro·

44 1425 144 1462 spexit
165 1425 195 1454 in
215 1429 292 1454 artt·
310 1433 382 1463 141,
406 1433 459 1463 142
481 1432 508 1455 et
532 1434 621 1465 143.,
642 1425 685 1455 uti
709 1426 799 1463 magis
824 1426 858 1456 de
883 1424 1026 1455 industria
1050 1431 1229 1462 exponemus
1253 1423 1302 1461 §§.
1326 1429 1395 1458 sqq.

758 1517 787 1554 §.
827 1524 856 1547 ε’..

42 1600 46 1602 ·
84 1588 117 1618 Si
140 1587 269 1618 Absente
291 1594 369 1625 patre
391 1599 480 1618 mater
503 1593 630 1620 nondum
659 1593 831 1626 decesserit,
862 1591 943 1619 liberi
966 1598 980 1618 e
1001 1589 1150 1619 communi
1178 1584 1361 1616 matrimonio
1391 1587 1560 1624 procreati,

47 1641 114 1678 ejus
135 1648 219 1668 curae
241 1641 485 1675 committuntur,
507 1641 698 1677 gaudebitque
721 1650 751 1670 ea
771 1642 907 1671 omnibus
929 1641 1044 1678 juribus
1074 1641 1104 1669 in
1134 1639 1286 1668 liberorum
1313 1637 1509 1666 educationem
1535 1644 1563 1667 et

40 1691 189 1720 bonorum
219 1691 515 1727 administrationem,
552 1691 659 1727 quibus
690 1693 747 1721 huc
782 1701 876 1728 usque
907 1692 1027 1720 maritus
1057 1691 1174 1728 gavisus
1206 1696 1276 1725 est,
1306 1694 1335 1730 ³ss
1367 1687 1499 1724 quibus,
1534 1688 1562 1718 si

39 1748 163 1779 -propter
185 1742 339 1771 absentiam
362 1750 421 1771 non
449 1743 665 1780 prohiberetur,
693 1744 826 1780 gauderet
854 1751 948 1779 usque
979 1743 1014 1771 ad
1047 1741 1199 1779 perfectam
1230 1740 1388 1769 liberorum
1422 1745 1560 1774 aetatem,

43 1793 91 1822 vel
112 1792 385 1830 emancipationem,
410 1799 472 1822 art.
497 1802 561 1830 141.
606 1794 646 1822 At
669 1794 822 1823 videndum
839 1801 902 1830 est,
933 1794 1027 1830 qualis
1050 1792 1090 1821 sit
1116 1792 1183 1821 haec
1216 1796 1346 1827 potestas
1377 1790 1460 1818 matri
1489 1797 1560 1819 con-

43 1850 142 1879 cessa3
162 1850 257 1872 utrum
286 1843 401 1872 tutelam
423 1844 573 1879 quamdam
599 1845 798 1881 temporariam
825 1845 971 1881 accepisse
993 1844 1124 1873 videatur
1149 1842 1235 1880 (1),
1265 1848 1335 1877 quae
1359 1846 1474 1869 mortuo
1498 1848 1558 1869 ma-

42 1893 99 1924 rito
120 1894 187 1932 ipso
208 1895 271 1932 jure
292 1894 317 1923 ei
336 1894 439 1924 fuisset
461 1895 625 1925 demandata
639 1917 649 1932 ,
668 1905 704 1925 an
724 1904 791 1926 vero
813 1897 916 1926 marito
941 1894 1115 1926 successerit
1136 1894 1168 1924 in
1189 1898 1340 1931 parentum
1360 1892 1424 1930 Jura
1444 1892 1474 1921 in
1493 1899 1558 1928 per-

1510 1949 1558 1972 so·

69 2011 128 2042 (ι)
147 2013 207 2036 Huic
227 2013 351 2037 sententiae
371 2013 473 2039 addictus
493 2019 528 2038 est
544 2013 677 2044 prauam,
692 2015 709 2040 1.
726 2015 742 2037 1.
762 2022 786 2044 p.
805 2014 854 2040 167.

841 2056 869 2087 Ε
