1913 2417
249 185 287 215 60
595 181 1436 221 P.J.UYLEN13ROEK

266 266 354 295 rendo
379 265 513 302 corpori,
534 265 630 295 bilanx
655 265 726 295 nihil
750 264 923 300 sustinebit3
944 263 969 293 si
989 273 1055 294 vero
1081 270 1173 294 totum
1203 272 1311 301 corpus
1335 264 1456 301 gerendo
1479 263 1517 292 sit
1543 263 1651 300 impar,
1672 264 1772 296 bilanx

267 324 347 353 parte
370 325 429 345 non
454 323 612 345 sustentata
642 316 822 352 gravabitur,
850 316 899 343 sed
919 321 1012 344 tamen
1038 324 1071 345 eo
1105 316 1218 351 minus,
1250 324 1308 351 quo
1331 316 1420 352 magis
1444 324 1551 351 corpus
1574 324 1588 343 a
1616 316 1705 344 ssuido
1727 325 1779 345 su-

268 368 400 397 stinetur.
442 368 541 402 ltaque
566 375 675 402 corpus
706 366 834 402 b-ilanci,
863 367 909 394 vel
933 367 982 396 alii
1006 367 1120 403 corpori
1143 367 1336 402 qualicunque
1361 374 1523 402 annexum,
1554 366 1701 402 fluidoque
1723 367 1777 395 im·

271 426 421 452 mersum,
448 417 665 453 gravitationem
687 418 751 453 (uti
772 417 951 453 posuimus)
976 425 1086 446 exercet
1115 418 1224 453 duplici
1249 419 1356 453 modo,
1384 424 1444 446 tum
1476 419 1504 446 in
1528 418 1686 452 bilancem,
1716 424 1778 447 tum

269 468 299 497 in
325 468 456 496 fluidum.
493 468 574 504 Ergo
596 475 623 496 et
645 468 674 496 in
697 468 747 496 lite
770 475 870 497 nostra
901 469 992 504 probe
1020 469 1221 497 attendendum
1254 476 1296 496 est
1332 470 1366 497 ad
1392 469 1566 505 litigantium
1601 468 1778 504 sententias,

271 525 367 546 utrum
397 518 509 547 scilicet
539 519 731 547 demonstrare
758 519 919 554 voluerint,
946 519 1066 548 fluidum
1100 519 1189 548 fluido
1225 520 1403 556 homogeneo
1429 519 1612 554 immersum,
1642 520 1781 556 gravitate

269 568 300 596 in
323 568 441 597 fluidum
466 570 667 606 circumdans,
693 578 728 600 an
750 578 818 599 vero
845 570 875 600 in
901 578 1009 607 corpus
1028 577 1106 600 extra
1135 571 1276 607 fluidum,
1306 579 1431 607 quocum
1461 571 1547 600 modo
1575 570 1779 608 qualicumque

269 621 470 650 commercium
490 628 610 651 exercet.
1538 624 1540 626 ’

306 671 369 707 Jam
395 680 465 701 vero
497 680 512 701 a
538 673 747 709 gravitatione‚
777 674 929 710 hucusque
961 674 990 703 in
1014 674 1233 703 ratiocinatione
1259 680 1359 702 nostra
1389 673 1537 708 adsumta,
1567 673 1712 702 redeamus
1743 673 1780 702 ad

273 724 531 759 ponderationem,
566 730 593 752 et
622 724 794 761 videamus,
831 726 976 761 quomodo
1003 734 1110 761 corpus
1143 726 1180 753 ita
1213 733 1243 753 ac
1273 724 1400 753 diximus
1425 724 1529 753 bilanci
1553 724 1686 760 affixum,
1715 723 1781 753 flui-

272 773 367 808 doque
392 774 575 809 immersum,
606 777 731 811 pondere
755 784 810 805 suo
833 785 915 814 agat,
946 783 1005 805 tum
1032 777 1061 805 in
1084 776 1243 811 bilancem,
1271 782 1332 804 tuin
1359 776 1387 804 in
1417 776 1551 805 fluidum.
1593 776 1710 811 Corpus
1736 774 1781 804 bi-

271 824 346 852 lanei
369 825 481 853 affixum
509 827 634 862 pondere
653 836 708 856 suo
729 828 789 864 agit
818 834 907 863 toto„
932 828 952 856 ἰ.
978 836 1001 857 e.
1027 827 1124 855 bilanx
1148 833 1240 855 totum
1274 826 1407 855 effectum
1440 827 1583 862 experitur
1612 827 1694 855 nisus
1722 834 1783 855 om-

273 875 352 903 nium
378 876 499 911 partium
522 876 607 904 istius
636 879 767 913 corporis
794 887 895 908 versus
921 885 1050 907 centrum
1072 878 1203 913 tellurisg.
1225 883 1252 905 et
1275 884 1306 905 ut
1329 877 1410 905 nisus
1436 877 1484 905 ille
1508 878 1689 913 destruatur,
1714 886 1785 906 con-

280 926 463 961 trapondium
495 926 520 954 ei
542 928 658 963 aequale
680 929 846 964 requiritur.
885 929 939 958 Sed
959 930 983 958 si
1004 930 1120 965 bilanx,
1144 935 1174 957 ut
1198 929 1227 956 in
1254 929 1342 964 priori
1368 936 1457 963 casu,
1479 929 1670 964 deprimatur,
1692 929 1784 957 donec

274 985 383 1011 corpus
409 977 525 1005 affixum
551 981 752 1007 sustentaculo
786 980 953 1015 incumbat,
982 987 1043 1009 tum
1073 981 1145 1008 illud
1176 979 1403 1007 sustentaculum
1438 979 1536 1007 nisum
1561 980 1640 1007 illum
1666 980 1784 1008 descen-

274 1028 356 1055 dendi
371 1027 508 1062 destruit,
531 1029 604 1056 unde
620 1038 727 1065 corpus
746 1030 773 1059 in
792 1031 930 1059 bilancem
951 1032 1107 1066 ponderare
1126 1030 1248 1063 desinit,
1270 1030 1309 1057 ita
1330 1035 1361 1056 ut
1379 1030 1619 1065 contrapondium
1635 1030 1715 1065 prius
1733 1039 1785 1066 ap·

274 1078 404 1114 positum
431 1077 470 1106 sit
486 1079 646 1108 abundans.
689 1080 812 1117 Quando
836 1088 926 1110 autem
946 1082 1176 1110 sustentaculum
1200 1082 1254 1109 tale
1272 1087 1336 1114 est,
1360 1086 1390 1108 ut
1411 1087 1464 1116 pro
1485 1086 1563 1115 parte
1583 1087 1693 1110 tantum
1719 1088 1787 1109 cor-

241 1150 246 1155 .
276 1137 334 1165 pus
357 1129 520 1165 sustineat,
540 1139 570 1158 v.
597 1139 626 1167 g.
654 1131 794 1167 fluidum,
816 1141 880 1168 pars
906 1133 1006 1160 iterum
1026 1132 1226 1168 contrapondii
1245 1131 1333 1167 priori
1360 1139 1429 1159 casu
1445 1131 1586 1167 adhibiti,
1608 1131 1782 1168 requiritur,

275 1180 310 1209 ad
334 1186 427 1208 totum
452 1181 546 1209 nisum
578 1183 766 1212 descendendi
793 1183 926 1220 corporis
950 1184 1171 1218 destruendum,
1199 1190 1227 1210 et
1250 1182 1387 1218 quidem,
1414 1188 1444 1210 ut
1465 1191 1551 1219 supra
1575 1183 1722 1218 vidimus,
1748 1191 1789 1211 co

277 1231 372 1260 minor
397 1233 599 1277 gontrapondii
623 1242 688 1269 pars
706 1234 879 1270 requiritur,
901 1243 961 1270 quo
983 1235 1073 1271 magis
1093 1234 1211 1263 fluidum
1231 1242 1337 1269 corpus
1358 1233 1500 1268 sustinet,
1521 1234 1599 1269 quod
1615 1233 1783 1272 obtinebit,

279 1291 339 1318 quo
363 1283 453 1320 magis
473 1293 579 1320 corpus
602 1284 767 1314 immersum
793 1292 820 1313 et
843 1285 979 1320 fluidum,
1002 1286 1049 1314 cui
1069 1285 1266 1321 immergitur,
1295 1284 1349 1313 sub
1372 1285 1468 1313 eodem
1493 1285 1641 1313 volumine
1665 1287 1789 1315 eundem·

278 1341 427 1362 numerum
451 1334 654 1370 particularum
678 1336 805 1371 gravium
833 1337 1005 1371 continent,
1027 1336 1046 1365 i.
1069 1344 1091 1364 e.
1110 1335 1152 1363 uti
1176 1335 1296 1370 dicunt,
1320 1343 1378 1370 quo
1396 1335 1485 1371 magis
1506 1335 1629 1363 densitas
1653 1337 1783 1373 corporis

276 1385 313 1411 ad
331 1384 497 1413 densitatem
524 1385 604 1414 fluidi
628 1387 746 1415 accedit.
788 1387 818 1415 Si
846 1395 914 1416 vero
940 1395 1046 1423 corpus
1077 1386 1169 1414 multo
1199 1386 1237 1414 sit
1267 1386 1384 1414 densius
1407 1386 1513 1421 ssuido,
1542 1386 1660 1415 fluidum
1694 1388 1790 1417 minus

278 1443 332 1470 par
357 1435 409 1463 erit
433 1438 624 1465 sustentando
645 1436 783 1473 corpori,
805 1443 832 1466 et
854 1438 917 1466 ideo
943 1439 1033 1474 majus
1057 1436 1295 1472 contrapondium
1318 1436 1346 1464 in
1379 1437 1490 1465 bilance
1514 1437 1669 1471 requiritur
1688 1439 1722 1466 ad
1742 1447 1788 1468 ae·

281 1485 448 1520 quilibrium
469 1487 685 1517 restituendum.
729 1488 804 1516 Hinc
830 1495 940 1522 autem,
963 1495 994 1516 ut
1018 1496 1068 1523 per
1090 1496 1121 1516 se
1146 1494 1241 1523 patet,
1281 1487 1371 1523 probe
1397 1494 1439 1515 est
1469 1487 1722 1525 distinguendum,
1746 1489 1794 1519 in-

280 1543 323 1565 ter
345 1538 479 1573 pondus,
513 1539 590 1573 quod
612 1539 667 1574 jam
699 1547 808 1573 corpus
837 1539 1001 1568 immersum
1035 1545 1144 1567 exercet
1174 1539 1203 1567 in
1231 1538 1325 1574 ipsum
1352 1538 1492 1573 fluidum,
1516 1545 1543 1567 et
1566 1540 1698 1576 pondus,
1727 1549 1790 1577 quo

279 1587 353 1616 idem
376 1595 446 1624 post
468 1588 676 1618 immersionem
709 1590 801 1618 adhuc
833 1590 861 1618 in
892 1591 1028 1619 bilancem
1055 1590 1125 1627 agit.
1168 1590 1208 1618 Et
1233 1588 1256 1616 si
1283 1597 1389 1624 corpus
1420 1590 1544 1625 ejusdcm
1569 1590 1606 1618 sit
1635 1591 1790 1621 densitatis

281 1646 314 1666 ac
341 1639 479 1674 fluidum,
507 1640 553 1668 cui
576 1640 770 1677 immergitur,
798 1648 904 1676 sponte
926 1641 1077 1677 sequitur,
1104 1641 1159 1676 jam
1191 1639 1325 1675 corporis
1355 1640 1493 1675 pondus,
1524 1641 1631 1677 quippe
1656 1648 1750 1671 totum
1776 1652 1792 1672 a

283 1689 373 1717 fluido
396 1697 610 1726 sustentatum,
637 1699 696 1719 non
728 1692 852 1727 amplius
886 1701 965 1729 agere
998 1691 1027 1720 in
1060 1691 1222 1724 bilaneem,
1252 1690 1312 1718 sive
1340 1691 1418 1725 quod
1451 1691 1514 1719 aliis
1546 1691 1639 1720 verbis
1668 1693 1789 1729 dicunt,

283 1748 392 1775 corpus
416 1741 471 1769 hoc
492 1741 654 1770 immersum
677 1743 732 1778 jam
754 1749 847 1770 totum
872 1751 956 1771 suum
976 1742 1089 1779 pondus
1107 1741 1236 1770 amisisse
1262 1741 1395 1778 (ratione
1414 1741 1558 1777 bilancis)
1579 1743 1645 1770 dum
1664 1743 1690 1771 in
1713 1745 1792 1780 prio·

285 1791 308 1818 ri
335 1799 419 1826 casu,
450 1792 502 1821 ubi
523 1801 631 1829 corpus
660 1801 719 1822 non
749 1793 873 1830 ejusdem
899 1800 958 1822 erat
985 1794 1136 1824 densitatis
1155 1814 1165 1828 ,
1195 1793 1329 1830 ponderis
1363 1798 1471 1822 tantum
1502 1793 1641 1829 jacturam
1671 1802 1791 1830 passum

282 1841 376 1870 fuisse
396 1843 514 1872 dicitur.

323 1892 379 1920 His
403 1894 626 1930 animadversis,
647 1905 825 1926 resumamus
846 1896 947 1925 iterum
974 1896 1168 1924 definitionem
1191 1903 1249 1924 tuin
1283 1894 1450 1931 gravitatis,
1481 1901 1540 1922 tum
1566 1896 1702 1931 ponderis
1726 1905 1792 1927 cor—

282 1942 381 1978 poris,
402 1952 519 1980 eamque
546 1945 730 1976 conferamus
758 1956 822 1976 cum
847 1947 901 1983 iis,
927 1948 1070 1984 quaejam
1092 1948 1201 1975 fuimus
1225 1947 1393 1977 ratiocinati,
1433 1945 1542 1974 patebit
1566 1953 1658 1976 autem
1685 1956 1793 1984 corpus

285 1993 396 2024 affixum
423 1995 529 2026 bilanci
553 2004 579 2027 et
601 1998 690 2029 ssuido
712 1999 895 2037 immersum,
916 2006 1007 2031 totam
1032 2007 1112 2030 suam
1134 1998 1299 2035 gravitatem
1323 1998 1459 2034 retinere,
1480 2005 1539 2027 non
1564 2005 1630 2028 vero
1652 2005 1716 2031 toto
1734 2007 1791 2028 suo

1720 2057 1795 2088 pon-
