1913 2417
312 214 351 248 ‚g
734 205 770 238 c.
823 205 860 235 a.
914 200 1350 241 EBERSBACH‚

319 312 438 357 quibus
476 310 510 340 in
541 307 669 352 publica
701 304 901 336 institutione
932 308 1048 333 utatur.
1115 303 1308 346 Quicunque
1344 309 1449 335 autem
1478 303 1656 346 Scripturae
1688 312 1792 335 sacrae

318 371 410 402 locus
441 377 516 399 cum
537 374 672 396 «morum
701 361 844 393 doctrina
871 359 957 390 haud
984 359 1154 399 cohaeret,
1189 366 1220 391 et
1257 359 1338 391 niliil
1375 359 1526 391 conducit
1556 359 1596 391 ad
1622 360 1792 391 hominum

326 427 473 470 pietatem
501 430 533 453 et
562 420 752 464 probitatem
784 415 1018 459 adjuvandam,
1053 416 1140 447 hunc
1175 423 1212 446 ut
1244 417 1383 447 otiosum
1417 423 1449 448 et
1476 419 1603 448 inanem
1629 427 1734 459 neque
1756 418 1791 448 iu

329 483 514 524 dogmatum
548 483 684 520 systema
711 475 849 517 recipere
879 473 962 504 licet.
1007 474 1081 512 Quo
1104 478 1196 515 paeto
1223 473 1309 503 enim
1336 474 1515 517 Scripturae
1540 484 1645 505 sacrae
1670 473 1792 504 dictum

329 535 459 580 aliquod
483 535 534 575 (si
555 533 606 566 vel
634 533 668 564 in
695 532 800 575 pretio
827 530 966 560 maximo
988 539 1045 571 per
1070 528 1193 559 saecula
1215 529 1316 560 multa
1340 529 1456 570 fuerit)
1486 529 1527 562 ad
1561 529 1792 563 exstruendum

330 594 433 627 valere
457 591 574 635 poterit
592 589 782 631 Theologiae
806 586 996 618 christianae
1018 584 1218 624 aedificium,
1240 587 1302 618 nisi
1327 587 1522 631 approbante
1543 593 1574 618 et
1597 586 1794 618 concordan-

330 657 363 682 te
389 659 518 681 morum
549 646 714 683 doctrina,
744 654 825 686 quae
859 644 983 674 ratione
1011 642 1147 684 practica
1182 648 1228 673 est
1261 642 1417 674 fundata?
1461 645 1544 674 Haec
1574 654 1650 686 ergo
1676 643 1796 674 theore-

331 707 411 739 ticae
441 714 571 749 quoque
602 700 793 743 Theologiae
819 698 1058 742 quodammodo
1095 701 1190 730 etiarn
1223 700 1477 743 interpretationi
1511 699 1599 732 utilis
1630 687 1798 730 et‘neces-

332 763 414 795 saria
436 769 504 801 est,
526 770 593 803 quo
621 758 673 798 fit,
698 764 734 789 nt
759 757 822 788 hoc
848 766 978 799 quoque
998 762 1143 799 respectu
1166 756 1240 798 jure
1266 755 1442 800 appelletur
1462 755 1653 799 Theologiae
1680 753 1796 787 funda-

330 824 489 851 mentum.

376 875 437 907 Sed
462 881 493 906 et
526 872 660 904 historia
694 871 758 903 hoc
796 869 994 914 comprobat.
1049 870 1101 902 Ex
1129 881 1196 913 quo
1225 870 1312 902 enim
1339 880 1468 901 morum
1497 868 1643 901 doctrina
1668 868 1701 899 in
1730 877 1801 899 mo·

335 931 413 964 dum
438 930 605 975 peculiaris
641 936 672 960 et
701 935 858 971 separatae
889 927 1076 970 disciplinae
1106 928 1231 958 tractari
1263 934 1294 959 et
1318 926 1490 969 Theologia
1518 925 1696 969 dogmatica
1719 935 1800 967 quo-

334 999 398 1031 que
423 988 497 1019 usui
528 985 697 1017 communi
724 984 846 1016 felicius
877 983 1018 1026 adaptari
1054 990 1164 1027 coepta
1195 990 1268 1023 est,
1303 984 1415 1026 religio
1446 983 1617 1014 christiana
1647 980 1801 1025 paulatim

333 1045 374 1076 ad
400 1044 567 1087 pristinam
603 1041 816 1083 integritatem
849 1046 879 1070 et
906 1041 1078 1081 puritatem
1116 1040 1230 1077 rediit,
1264 1042 1435 1083 omnisque
1465 1039 1640 1081 Theologia
1664 1037 1802 1080 dignita-

335 1107 399 1132 tem
422 1109 513 1130 suam
536 1096 751 1140 recuperavit,
775 1106 841 1138 quo
863 1094 1012 1126 effectum
1041 1102 1105 1134 est,
1126 1102 1164 1127 ut
1193 1106 1260 1127 non
1289 1096 1394 1128 solum
1422 1095 1577 1137 Theologi
1601 1093 1804 1125 diversorum

334 1157 482 1189 ecclesiae
504 1160 655 1186 coetuum
678 1152 822 1195 deposita
852 1151 1022 1183 acerbitate
1046 1163 1161 1184 sensus
1181 1152 1341 1184 molliores
1363 1151 1622 1194 liberalioresque
1642 1161 1717 1193 erga
1738 1150 1804 1181 dis·

337 1214 508 1247 sentientes
532 1210 753 1248 admitterent,
777 1208 831 1240 sed
860 1209 893 1239 in
917 1209 1106 1240 universum
1133 1210 1297 1241 christiani
1320 1210 1353 1240 in
1379 1208 1551 1241 tolerandis
1577 1207 1674 1240 sacris
1701 1218 1720 1238 a
1744 1216 1807 1238 suo

339 1271 404 1303 ritu
435 1268 546 1301 alienis
581 1266 736 1297 faciliores
763 1271 795 1296 et
827 1264 1034 1296 humaniores
1061 1276 1095 1296 se
1124 1266 1325 1308 praeberent.
1375 1266 1451 1296 Sine
1485 1275 1615 1296 morum
1641 1263 1807 1295 doctrinae

342 1326 531 1358 christianae
557 1323 742 1365 cognitione
777 1327 808 1352 et
832 1320 1018 1364 dogmatum
1046 1321 1085 1352 ad
1110 1322 1192 1353 vitae
1220 1333 1316 1352 usum
1341 1319 1636 1353 accommodatione
1660 1330 1719 1351 nec
1740 1321 1807 1350 Lu-

342 1381 453 1413 iherus
475 1379 710 1411 reformationis
732 1388 814 1421 opus
843 1388 987 1421 unquam
1015 1378 1226 1420 suscepisset,
1257 1387 1361 1419 neque
1390 1378 1460 1419 eJus
1490 1375 1650 1418 adjutores
1679 1375 1810 1406 miritis-

343 1439 416 1469 simi
444 1435 527 1467 illud
553 1441 657 1466 essent
677 1435 844 1476 persecuti.
888 1435 962 1464 Sine
980 1444 1106 1464 morum
1124 1434 1287 1464 doctrinae
1306 1433 1489 1475 cognitione
1513 1431 1623 1463 subtili
1646 1438 1677 1462 et
1695 1437 1811 1462 tracta.

346 1495 434 1525 tione
457 1492 655 1535 systematica
685 1490 833 1522 facillime
860 1491 894 1521 in
920 1501 989 1520 eam
1018 1490 1203 1532 opinionem
1238 1489 1431 1527 incidimm,
1463 1487 1721 1519 reformationem
1741 1487 1809 1529 jam

347 1560 415 1582 esse
443 1548 596 1580 omnibus
632 1548 775 1578 numeris
806 1553 964 1590 peractam
999 1553 1031 1577 et
1064 1546 1103 1576 ad
1136 1537 1280 1589 optatum
1313 1544 1411 1576 finem
1443 1544 1651 1587 perductam3
1681 1541 1750 1574 sine
1773 1553 1811 1575 ea

346 1605 613 1648 Euangelieorum
636 1604 784 1635 omnium
808 1603 1003 1634 consociatio
1027 1613 1193 1645 nunquam
1218 1602 1324 1634 locum
1350 1601 1466 1633 habere
1487 1601 1619 1644 poterit,
1644 1606 1810 1642 propterea

348 1662 456 1706 quod,
486 1660 642 1704 quamdiu
666 1660 706 1692 de
730 1659 873 1703 placitis,
904 1658 943 1690 ad
975 1669 1080 1690 mores
1113 1657 1351 1690 confirmandos
1385 1657 1575 1694 inutilibus,
1607 1655 1812 1687 dissentietur

351 1725 383 1749 et
413 1718 608 1756 certabitur,
638 1727 830 1759 morumque
864 1716 897 1746 in
925 1714 1150 1757 componendo
1183 1720 1351 1757 systemate
1385 1713 1577 1755 dogmatum
1608 1710 1813 1754 negligetur,

351 1775 559 1817 quantumvis
577 1773 701 1816 exegesi
727 1773 761 1803 in
791 1771 962 1803 consilium
989 1778 1116 1810 vocata,
1148 1770 1188 1802 ad
1214 1770 1309 1803 talem
1340 1779 1552 1806 consensum,
1575 1767 1678 1811 qualis
1705 1769 1812 1811 requi—

353 1833 452 1869 ritur,
473 1841 541 1861 non
563 1835 665 1872 potest
689 1828 860 1871 perveniri.

398 1886 463 1920 Sed
484 1886 524 1917 ad
549 1884 827 1917 demonstrandam
853 1883 939 1915 illam
969 1894 985 1915 a
1009 1893 1060 1915 me
1082 1883 1280 1927 propositam
1305 1882 1510 1919 sententiam,
1538 1889 1669 1911 morum
1695 1879 1817 1911 doctri-

353 1954 429 1976 nam
447 1944 612 1974 universae
632 1941 825 1984 Theologiae
839 1951 907 1973 esse
926 1939 1191 1979 fundamentum,
1211 1941 1289 1972 satis
1310 1941 1439 1982 copiose
1460 1949 1510 1969 me
1527 1936 1643 1968 dixisse
1663 1935 1812 1968 arbitror.

394 2000 442 2032 Ui
470 2005 577 2031 autem
609 2004 681 2041 apte
713 2005 744 2030 et
775 2004 857 2030 recte
888 1997 950 2030 hoc
986 1996 1200 2041 intelligatur,
1229 1996 1282 2027 hic
1316 1996 1446 2037 insuper
1480 1992 1683 2025 observatum
1716 1991 1816 2029 voto,

1710 2046 1824 2090 (quod
