1913 2417
366 128 646 161 RESPONSIO
672 135 721 159 An
747 126 1126 167 QUAESTIONEM
1150 127 1492 160 LITERARIAM.
1661 136 1700 169 35·

167 214 262 244 rorum
290 223 407 251 quoque
432 215 517 251 longa
543 214 628 243 series
653 222 718 243 curn
748 214 819 249 ipsis
848 214 1072 242 Atheniensibus
1088 232 1098 247 ,
1131 219 1192 240 tum
1216 215 1332 242 caeteris
1356 213 1474 241 Graecis
1501 212 1565 241 inde
1596 219 1697 242 exorta

174 273 228 295 est.
269 266 417 302 Omnino,
438 267 505 294 licet
523 265 634 294 civitati
650 266 807 301 optandum
826 267 989 294 existiment
1011 266 1112 300 multi,
1135 271 1165 291 ut
1189 264 1262 292 nihil
1283 264 1337 292 sibi
1360 265 1540 292 metuendum
1561 264 1660 292 habear
1677 283 1688 298 ‚

173 323 267 346 tamen
302 317 416 346 nimiam
449 318 628 346 securitatem
663 317 729 353 plus
765 325 866 345 nocere
907 317 1079 352 reipublicae
1113 324 1195 349 quarn
1234 316 1367 350 prodesse
1406 322 1532 343 constat.
1581 316 1692 352 Quam-

170 369 219 397 diu
250 369 378 397 imminet
406 369 587 405 periculum,
615 369 750 397 homines
769 368 904 397 omnibus
925 369 1034 396 viribus
1062 368 1157 395 Vident
1182 375 1242 394 esse
1272 367 1427 400 utentium,
1457 374 1489 394 ut
1519 367 1590 394 iliud
1614 374 1697 393 aver-

169 425 251 454 tant,
273 427 325 448 nec
351 421 434 448 locus
460 420 623 449 remissioni
644 420 770 455 quietive
792 421 892 455 datur;
917 427 992 447 metu
1012 428 1079 447 vero
1098 419 1180 454 plane
1207 417 1343 451 sublato,
1366 417 1502 445 mollitiae
1524 426 1585 445 sese
1608 417 1693 445 luxu-

169 470 282 505 riaeque
314 471 399 506 dant,
426 471 563 499 vitiorum
590 471 717 499 omnium
746 471 923 506 parentibus.
978 470 1065 508 Quod
1097 470 1232 497 Romanis
1263 469 1386 503 accidit,
1415 476 1592 504 postquam,
1618 468 1691 496 Car-

171 521 288 558 thagine
321 530 435 557 eversa,
463 522 602 550 neminem
636 521 692 549 sibi
716 520 847 549 resistere
874 529 961 556 posse
988 521 1186 549 intellexerunt
1205 540 1222 554 ‚.
1245 519 1284 547 ita
1307 527 1337 547 ut
1366 528 1448 554 vere,
1478 520 1605 553 opinor,
1633 525 1692 547 sta-

168 578 253 600 tuant
276 572 410 601 nonnulli
444 572 641 601 Romanorum
673 571 846 607 reipublicae
878 572 972 600 multo
998 571 1097 599 utilius
1123 570 1252 598 futurum
1276 570 1382 606 fuisse,
1413 574 1437 599 si
1463 571 1611 607 Carthago
1636 570 1689 598 de·

171 623 226 652 leta
253 631 312 652 non
338 623 455 653 suisset.
502 623 729 653 Atheniensibus
758 623 830 651 idem
860 623 986 658 accidit,
1016 631 1081 650 cum
1110 622 1219 650 viribus
1247 621 1287 650 ita
1309 622 1487 657 crevissent,
1519 628 1550 650 ut
1577 622 1690 650 nullum

172 674 291 703 omnino
313 671 453 710 populum
481 684 582 711 parem
600 674 656 703 sibi
680 681 826 710 putarent.
867 674 1045 702 Mercaturae
1068 681 1180 709 operam
1208 673 1271 701 dare
1295 680 1471 708 coeperunt,
1493 681 1552 709 quo
1580 672 1691 700 facturn

172 732 236 760 est,
268 731 302 754 ut
327 726 399 754 lucri
425 726 569 762 cupiditas
592 726 815 762 divitiarumque
839 735 919 755 arnor
943 725 1071 754 omnium
1098 723 1397 759 animos'invaderet,
1428 724 1475 752 cui
1500 724 1550 759 qui
1576 724 1690 752 deditus

172 782 238 811 est,
260 778 309 812 is,
330 784 362 805 ut
382 776 530 806 verissima
552 784 596 805 est
621 777 752 806 Platonis
775 779 846 816 (1)
872 777 1031 811 sententia,
1052 776 1101 804 vix
1124 775 1203 803 aliud
1227 775 1382 810 quidquam
1405 781 1504 810 curat,
1531 775 1587 804 nisi
1612 774 1691 810 quod

171 829 207 857 ad
229 828 342 856 lucrum
367 828 497 856 videatur
529 828 728 858 fructuosum.
775 829 916 858 Pecuniae
942 833 1123 864 comparatae
1156 825 1350 862 magnitudine
1376 827 1572 861 cupiditates,
1599 825 1691 854 avari-

171 880 233 915 tia,
255 880 343 908 luxus
367 879 535 914 exsistunt,
555 880 665 907 civium
691 888 783 908 mores
808 885 1062 916 corrumpuntur,
1091 882 1261 906 enervantur
1283 884 1379 904 eorum
1404 876 1509 912 animi,
1536 884 1588 904 sua
1611 876 1698 912 ipso-»-

171 939 234 960 rum
259 929 374 966 negotia
396 937 455 957 non
478 931 584 965 patriae
608 931 728 959 salutem
754 929 1160 967 respiciunt,rempublicam
1171 948 1190 963 ,γ
1213 926 1310 963 quoad
1334 926 1396 963 ejus
1426 926 1485 955 fieri
1509 934 1623 964 potest,
1653 927 1688 955 ad

174 983 287 1020 privata
308 981 462 1010 commoda
484 979 607 1016 dirigere
627 987 781 1010 conantur.
822 981 903 1019 Quae
920 987 964 1009 tot
989 987 1126 1015 tantaque
1149 978 1221 1007 mala
1240 985 1274 1006 ex
1297 985 1410 1006 summa
1431 978 1579 1013 potentia,
1601 986 1687 1013 quain

170 1035 265 1063 delato
289 1031 454 1069 principatu
478 1031 640 1060 habuerunt
663 1032 873 1068 Athenienses,
903 1032 1054 1068 repetenda
1079 1036 1149 1059 sunt
1176 1028 1291 1063 omnia,
1321 1036 1372 1057 nec
1397 1035 1490 1056 tamen
1515 1029 1588 1057 sola.
1628 1029 1695 1057 Ace

169 1085 287 1114 cedebat
323 1083 398 1112 enim
428 1083 657 1118 spectaculorum
683 1083 773 1111 veluti
799 1083 882 1112 furor
904 1083 1041 1118 quidam,
1071 1082 1105 1110 ad
1130 1088 1214 1116 quem
1239 1079 1370 1108 alendum
1397 1080 1542 1108 sociorum
1566 1080 1698 1115 pecunias

171 1136 377 1167 adhibebatur3
400 1134 551 1162 accedebat
577 1133 749 1170 insolentia,
771 1134 925 1171 superbia,
946 1132 1099 1162 crudelitas
1125 1131 1371 1166 Atheniensium,
1391 1138 1482 1166 quae,
1512 1139 1571 1166 quo
1598 1129 1694 1166 magis*

174 1186 304 1225 potentia
330 1187 459 1221 ipsorum
483 1185 659 1221 augebatur,
687 1194 720 1215 eo
744 1186 773 1214 in
796 1186 856 1214 dies
879 1185 970 1222 major
995 1184 1078 1212 fiebat
1101 1190 1127 1211 et
1155 1182 1375 1212 intolerabilior.
1423 1181 1501 1220 Quid
1523 1173 1613 1217 igitur
1634 1180 1698 1208 mir--

171 1247 256 1272 rum,
278 1237 303 1266 si
325 1236 484 1265 exacerbati
503 1236 576 1264 socii
598 1235 713 1272 saepius
737 1236 911 1265 defectiones
935 1235 1031 1264 moliti
1056 1240 1144 1269 sunt,
1167 1234 1192 1262 si
1216 1234 1326 1262 tandem
1353 1233 1481 1269 querelae
1504 1233 1633 1261 omnium
1659 1238 1688 1260 et

172 1289 338 1325 indignatio·
356 1287 556 1323 gravissIrnum
582 1287 745 1316 excitarunt
771 1283 877 1316 bell'nm
899 1287 1193 1323 Peloponnesiacum,
1215 1285 1240 1313 si
1256 1285 1468 1318 Atheniensem?
1486 1282 1565 1311 molli
1589 1289 1616 1311 et
1638 1283 1685 1311 de-

170 1341 258 1369 licato
274 1347 349 1368 vnae
364 1346 464 1374 genere
482 1338 583 1374 nacti,
604 1347 635 1367 ac
650 1338 816 1373 debilitati,
836 1337 1068 1367 Lacedaemoniis
1084 1335 1301 1365 succubuerint.
1343 1335 1523 1372 Quamquam
1539 1334 1615 1362 bello
1631 1334 1697 1362 istor

174 1399 234 1420 non
256 1391 432 1417 Athenarum
460 1396 588 1422 tantum,
611 1389 660 1415 scd
682 1389 776 1415 totius
799 1388 934 1416 Graeciae
960 1388 1015 1416 flos
1041 1386 1203 1415 concidisse
1226 1386 1347 1414 videtur.
1387 1385 1430 1413 Ita
1450 1385 1525 1413 enim
1551 1385 1693 1413 diuturna<

172 1441 222 1471 illa
240 1438 389 1469 contentio
415 1437 593 1466 Graecorum
616 1437 770 1466 facultates
800 1438 952 1473 exhausit,
974 1444 1007 1466 ut
1028 1445 1188 1473 numquam
1212 1436 1361 1472 pristinam
1387 1436 1545 1472 potentiam
1572 1443 1699 1471 recupew

171 1500 233 1521 rare
266 1489 434 1527 potuerint,
463 1489 512 1518 sed
539 1488 666 1525 primum
693 1497 709 1517 a
739 1488 969 1524 Macedonibus,
998 1489 1098 1517 deiude
1130 1497 1144 1517 a
1175 1487 1316 1516 Romanis
1351 1487 1434 1515 facile
1466 1487 1589 1523 subjecti
1615 1486 1686 1514 sint.

170 1542 362 1573 Athenienses
387 1547 479 1568 autem
510 1541 566 1577 jam
593 1541 687 1568 multo
718 1547 799 1568 antea
830 1549 863 1569 eo
888 1540 1003 1568 adducti
1032 1545 1122 1576 sunt,
1153 1544 1185 1567 ut
1208 1546 1268 1567 non
1291 1538 1325 1566 de
1346 1537 1481 1566 Graeciae
1502 1537 1686 1573 principatu,

174 1594 226 1622 sed
249 1593 283 1620 de
307 1599 358 1620 sua
377 1591 507 1627 ipsorum
532 1591 647 1627 regione
670 1598 828 1627 certarent,
858 1596 886 1620 et
908 1592 942 1620 ad
961 1590 1167 1627 Spartanorum
1192 1589 1391 1618 auctoritatem
1414 1597 1444 1617 se
1473 1588 1686 1616 accommodare

174 1649 355 1680 cogerentur.
407 1641 487 1678 Quas
515 1642 689 1670 calamitates
716 1650 750 1671 ex
784 1649 936 1678 prosperae
971 1640 1104 1670 fortunae
1143 1641 1238 1669 abusu
1269 1640 1432 1675 repetendas
1464 1647 1526 1667 esse
1552 1643 1690 1674 apparet,

174 1695 259 1732 cujus
300 1692 445 1721 moderato
475 1700 532 1721 usu
569 1692 642 1722 ninii
675 1693 705 1722 in
733 1694 822 1722 rebus
858 1693 990 1723 humanis
1029 1691 1173 1724 difficilius
1203 1698 1267 1721 esse
1305 1689 1472 1726 quotidiana
1511 1688 1694 1726 experientia*

173 1746 269 1776 docet.

1651 1789 1695 1822 Et

206 1885 258 1918 (ι)
279 1884 330 1911 via.
354 1884 421 1907 mm
439 1886 468 1909 de
488 1887 541 1915 Lgss.
559 1886 581 1910 8.
599 1891 624 1916 p.
638 1887 696 1916 εει,
712 1886 743 1912 0·
