1913 2417
385 127 893 157 COMMENTATIO
954 127 1308 159 BOTANch.
1572 133 1608 171 τῇ

82 209 295 248 parencliuma,
324 218 339 238 a
359 218 420 245 quo
441 209 613 246 petiolorum
643 209 726 238 color
749 210 872 246 pendet,
901 211 1089 240 inveniuntur
1109 211 1193 249 (3):
1223 220 1359 240 numerus
1387 211 1489 242 horum
1514 221 1599 243 vaso-

82 271 166 297 rum,
201 271 254 298 pro
287 261 413 290 diversae
441 260 547 297 speciei
576 260 735 296 plantarum
754 261 892 297 petiolis,
927 262 1046 292 maxime
1076 262 1188 298 differt,
1219 264 1261 292 sic
1282 272 1312 292 v.
1335 271 1362 291 c.
1385 264 1510 300 petiolus
1540 274 1597 295 am-

80 313 251 350 plexicaulis
285 314 377 341 multo
406 313 505 350 majori
531 320 665 341 vasorum
694 320 814 341 munero
842 313 962 349 gaudet,
993 323 1078 350 quarn
1105 315 1182 343 ullus
1207 316 1293 343 alius.
1342 314 1420 344 Haec
1448 326 1515 345 vasa
1539 327 1598 347 non

81 371 194 394 tantum
223 364 418 393 investiuntur
448 363 631 400 Epidermide
653 385 663 399 ‚
704 365 759 400 (ut
786 364 979 400 plurimorum
1013 365 1070 394 fuit
1095 366 1283 403 sententia),
1312 367 1361 395 sed
1385 368 1492 396 cortice
1517 368 1599 397 etiam

81 422 231 453 teguntur.

142 468 294 496 etiolorum
318 466 426 496 formae
448 473 516 496 sunt
541 467 694 496 admodum
720 467 831 503 variae,
853 467 882 496 in
909 467 972 496 aliis
994 468 1066 496 enim
1087 476 1180 504 ἵει-σεε,
1204 469 1233 498 in
1257 469 1321 498 aliis
1345 477 1549 505 compressus,
1570 469 1600 498 in

80 518 144 548 aliis
169 519 308 554 inflatus,
339 518 368 546 in
393 518 457 547 aliis
481 519 594 547 demum
619 520 713 548 alatus
736 519 956 555 deprehenditur
981 520 1125 556 petiolus:
1156 521 1223 550 haec
1246 530 1313 550 vero
1341 520 1451 550 formae
1477 520 1598 549 varietas

80 570 212 607 inprimis
233 578 248 598 a
276 570 399 598 decursu
432 577 460 598 et
485 570 629 600 divisione
658 579 790 599 vasorum
822 570 983 607 ligneorum
1010 572 1135 608 pendet3
1168 573 1192 600 si
1216 581 1243 602 v.
1263 581 1290 601 c.
1316 581 1382 602 vasa
1406 573 1487 610 juxta
1508 571 1602 607 longi-

79 622 206 651 tudinem
232 621 411 650 decurrentia
435 621 464 650 in
482 621 606 658 cylindri
630 621 750 651 formam
769 623 953 660 junguntur,
982 623 1109 659 petiolus
1137 630 1210 653 teres
1236 624 1384 660 nascitur3
1417 624 1442 652 si
1466 622 1599 652 fasciculi

79 681 213 702 vasorum
239 681 254 700 a
278 681 308 701 se
324 672 447 701 invicem
465 673 614 708 paululum
632 675 792 709 recedunt,
813 673 938 709 petiolus
962 676 1136 711 angulatus;
1159 675 1183 703 si
1201 684 1268 704 vasa
1291 676 1404 703 demum
1425 674 1597 703 fasciculum

77 724 189 753 inferne
212 732 394 759 convexum,
428 732 553 760 superne
576 733 735 754 concavum
765 725 912 761 formant,
939 726 1065 761 petiolus
1089 718 1123 754 iit
1145 726 1326 755 semilunaris
1348 727 1413 763 (4)
1437 732 1467 754 ut
1494 726 1523 755 in
1548 726 1601 755 So-

78 776 144 804 lano
166 775 410 811 pseudocapsico.

113 826 362 865 Quemadmodum
384 824 503 861 pedon,
534 828 630 862 quoad
666 826 806 862 formam,
837 826 958 855 maxime
981 826 1010 855 in
1030 826 1158 855 diversae
1182 828 1288 864 speciei
1313 828 1421 865 plantis
1446 827 1600 864 differunt,

75 887 136 908 non
163 878 255 906 minor
277 876 449 912 eorundem,
472 885 530 912 quo
553 879 588 906 ad
613 878 857 915 magnitudinem,
879 878 1066 907 insertionem
1080 899 1090 914 ‚
1113 879 1319 915 directionem,
1342 887 1369 908 et
1395 879 1599 916 superficiem,

74 936 118 959 est
141 929 280 964 varietas,
304 936 376 964 quae
398 928 494 957 omnis
517 937 532 957 a
556 929 781 966 fasciculorum,
811 938 826 958 e
850 930 958 966 quibus
984 938 1051 959 vasa
1075 930 1170 967 lignea
1200 937 1356 966 constant,
1383 931 1525 967 introitu,
1554 931 1602 959 de-

73 989 182 1016 cursu,
205 979 348 1009 divisione
371 986 397 1008 et
423 981 601 1009 anastomosi
627 982 742 1017 pendet·
1380 991 1382 993 ’

111 1032 147 1060 ln
170 1031 279 1069 petiolo
303 1031 423 1060 maxime
445 1031 583 1060 notabilis
608 1039 651 1060 est
676 1041 706 1061 ea
731 1040 813 1068 pars,
845 1039 918 1068 quae
945 1039 1012 1060 cum
1039 1037 1128 1060 matre
1154 1033 1252 1069 planta
1274 1033 1427 1063 cohaeret:
1458 1034 1492 1063 ad
1518 1034 1594 1062 hunc

70 1082 146 1112 enim
169 1083 285 1118 locum,
317 1083 368 1118 qui
394 1082 525 1111 crassitie
550 1089 578 1111 et
608 1083 706 1113 colore
731 1084 900 1120 plerumque
929 1092 944 1112 a
977 1083 1087 1120 reliqua
1122 1084 1224 1120 petioli
1250 1090 1331 1121 parte
1360 1084 1473 1118 differt,
1503 1084 1597 1113 omnis

70 1134 210 1164 foliorum
235 1134 268 1163 fit
288 1141 387 1164 motus
408 1135 496 1172 (5);
520 1134 546 1163 si
565 1134 640 1163 enim
663 1144 694 1166 v.
713 1144 738 1165 c.
761 1135 899 1164 foliorum
922 1135 997 1164 situs
1018 1135 1157 1164 naturalis
1187 1135 1217 1164 vi
1237 1142 1350 1163 externa
1374 1135 1414 1164 sit
1437 1135 1593 1172 turbatus,

70 1193 139 1214 mox
158 1186 271 1215 actione
294 1187 414 1215 luminis
435 1187 564 1223 petiolus
585 1187 620 1215 ad
643 1187 720 1215 hunc
748 1188 844 1216 locum
870 1195 921 1215 sua
945 1193 1050 1223 sponte
1073 1194 1135 1215 sese
1159 1186 1329 1223 invertens,
1350 1185 1431 1216 foliis
1453 1187 1590 1217 directio-

69 1244 135 1266 nem
161 1238 312 1272 pristinam
335 1239 437 1264 reddit.
485 1237 557 1264 Non
574 1238 671 1265 minus
693 1238 723 1265 iu
740 1238 850 1272 petiolo
874 1237 922 1266 hic
945 1237 1173 1272 articulationis,
1202 1238 1262 1267 sive
1285 1238 1472 1275 insertionis,
1508 1239 1593 1269 locus

67 1286 207 1317 notabilis
236 1293 282 1315 est
311 1287 349 1316 ob
378 1287 554 1324 singularem
583 1287 792 1324 sensilitatem,
824 1297 898 1325 quae
924 1289 956 1318 in
987 1297 1021 1318 eo
1046 1288 1170 1319 maxima
1201 1289 1425 1326 deprehenditur
1448 1296 1475 1319 et
1508 1289 1594 1327 quasi

66 1344 251 1368 concentrata
272 1344 334 1374 est3
362 1337 388 1367 si
414 1338 487 1368 enim
517 1339 595 1367 hunc
619 1338 764 1369 Mimosae
784 1340 908 1377 pudicae
931 1341 1107 1378 petiolorum
1133 1341 1230 1371 locum
1260 1349 1344 1378 quam
1363 1342 1507 1372 levissime
1529 1348 1592 1372 tan-

66 1398 139 1428 gas,
159 1399 228 1420 mox
249 1397 345 1420 totum
368 1389 472 1420 folium
499 1390 697 1421 contrahetur.

781 1482 809 1518 S·
853 1490 880 1518 3·

695 1570 800 1600 Discus
813 1570 970 1606 foliorum.

103 1644 212 1682 vasis,
235 1652 308 1681 quae
323 1645 352 1673 in
368 1645 477 1681 petiolo
497 1645 552 1673 tela
565 1645 707 1674 cellulosa
725 1647 804 1676 unita
823 1654 850 1676 et
874 1654 1027 1684 compacta
1045 1654 1137 1684 sunt,
1159 1656 1190 1678 se
1213 1647 1462 1684 expandentibus,
1485 1648 1591 1677 forma—

62 1702 113 1728 tur
130 1698 230 1727 discus
247 1695 398 1725 foliorum.
440 1696 473 1725 Iu
490 1697 546 1726 hoc
564 1697 647 1726 disco
663 1704 804 1728 notantur
823 1700 894 1728 duae
918 1698 1025 1735 facies,
1047 1700 1182 1736 superior
1199 1708 1300 1737 nempe
1316 1706 1344 1729 et
1359 1700 1494 1735 inferior,
1517 1707 1589 1735 qua-

64 1757 127 1779 rum
143 1749 190 1778 illa
203 1748 373 1786 plerumque
394 1749 476 1778 coelo
494 1749 615 1778 obversa
634 1756 698 1786 est,
722 1751 790 1780 haec
807 1752 935 1781 tellurem
955 1751 1085 1788 respicit.
1125 1752 1231 1789 Pagina
1246 1752 1378 1788 superior
1395 1759 1506 1788 semper
1525 1750 1585 1780 fere

62 1801 156 1838 nuda,
177 1799 293 1838 glabra,
315 1800 484 1838 splendida,
504 1800 617 1830 vernice
631 1801 775 1838 pellucida
793 1803 876 1839 quasi
901 1810 994 1839 tecta,
1016 1803 1086 1832 dura
1115 1808 1142 1831 et
1170 1804 1269 1833 colore
1292 1803 1406 1834 intenso
1433 1803 1518 1833 viridi
1542 1802 1588 1831 in-

1539 1855 1593 1886 du·

91 1923 144 1954 (3)
163 1923 302 1953 ειηηεῡῐεν,
323 1925 352 1949 Τ.
368 1925 386 1950 1.
410 1931 461 1955 pag·
477 1932 530 1954 402.
568 1924 606 1950 Da
622 1926 719 1957 llamel,
743 1927 770 1952 T.
787 1928 807 1953 1.
831 1933 882 1957 pag.
900 1933 948 1954 ru.

89 1966 148 1996 (4)
167 1966 333 1989 Meldenhamr
355 1968 371 1991 1.
390 1967 406 1991 Ι.
427 1975 478 1998 pag.
495 1973 529 1996 ⁷3-
818 1969 865 1998 (5)
892 1971 942 1993 Vid.
964 1971 1066 1998 Bonna,
1088 1971 1156 1994 Mem-
1172 1972 1201 1995 11.
1225 1977 1276 2000 pag.
1293 1973 1328 1996 81.

827 2025 892 2054 (22
