1913 2417
381 120 893 152 οοΜΜΕΝΤΑΤῑο
953 119 1302 151 ΒοΤΑΝῑοΑ.
1564 126 1602 158 33

80 214 109 237 et
132 205 202 236 folia
223 205 408 242 aperiantur,
431 212 459 234 et
484 205 624 241 liquorem
643 203 791 232 transiisse
816 212 866 240 per
889 203 1020 240 lignum,
1042 209 1068 233 et
1092 203 1255 241 ingressum
1282 209 1344 232 esse
1372 202 1461 239 folia,
1485 212 1597 234 eorum-

55 270 58 271 ⁷
78 267 135 295 que
155 266 224 287 vasa
249 257 369 287 tinxisse
389 255 535 286 constabit
555 255 639 292 (6):
668 254 806 284 foliorum
838 254 965 291 petiolos
990 255 1020 283 in
1049 255 1142 284 oleum
1167 253 1305 284 olivarum
1333 254 1512 291 immittens,
1545 255 1592 284 hic

75 309 125 338 Ci.
149 315 250 337 auctor
272 308 398 343 invenit,
424 307 511 345 hujus
535 306 590 335 olei
609 314 722 342 parvam
744 305 857 341 quidemr
878 305 990 340 copiam
1012 313 1028 333 a
1044 305 1161 342 petiolis
1185 311 1341 342 resorptam
1369 313 1452 340 esse,
1474 306 1523 334 sed
1547 305 1592 334 ni-

74 359 232 388 hilominus
249 359 283 388 ad
308 358 377 387 folia
403 358 589 394 pervenisse,
611 364 639 385 et
662 357 690 385 in
706 365 804 385 eorum
828 355 942 384 sceletis
971 358 1094 385 maculas
1120 358 1214 393 nigras
1238 356 1388 392 reliqulsse
1412 357 1494 393 (7>:
1518 356 1591 384 idem

75 411 300 446 experimentum
326 418 392 438 cum
413 416 548 446 repeteret
573 409 644 437 idem
672 408 734 437 Vir.
758 407 809 437 Cl.
835 408 890 436 olei
914 407 998 442 loco,
1019 407 1125 443 spiritu
1148 407 1228 443 vini,
1250 407 1296 436 vel
1320 407 1377 436 alio
1401 408 1514 443 liquore
1536 406 1597 443 spi-

73 461 187 490 rituoso
205 461 355 496 adhibito,
381 469 446 489 cum
472 468 506 489 ex
530 460 734 488 imminutione
765 459 888 495 spiritus
910 458 990 493 vini,
1020 466 1081 486 tum
1112 467 1145 487 ex
1175 459 1262 487 odore
1293 466 1320 488 et
1348 458 1469 488 maculis
1500 457 1596 487 fuscis

77 511 108 540 in
130 511 175 540 his
199 511 280 540 foliis
305 511 503 549 inveniendis,
525 511 731 548 deprehendit,
753 511 895 547 liquorem
919 509 1109 546 spirituosum
1133 511 1303 547 absorptum
1328 512 1363 540 ad
1388 509 1460 539 folia
1489 517 1592 547 perve-

67 562 150 591 nisse
169 563 245 601 (8).

784 627 813 663 §-
854 635 882 655 2.

329 717 416 746 Folia
436 723 562 756 tempore
581 716 687 747 diurno
707 721 821 745 tantum
842 715 987 753 liquores,
1004 721 1062 753 per
1081 714 1196 744 radices
1216 725 1230 744 c
1250 723 1336 745 terra

677 768 811 802 haustos,
832 767 988 805 accipiunt.

109 856 209 894 Quum
235 854 362 891 liquores
388 856 567 886 alimentares
589 865 604 884 a
630 857 789 892 plantarum
820 854 964 883 radicibus
1000 853 1124 882 interdiu
1157 860 1270 883 tantum
1301 853 1533 891 absorbeantur,
1560 856 1592 885 hi

73 914 192 945 quoque
213 915 272 935 non
298 907 355 935 nisi
376 907 502 936 interdiu
523 908 559 936 ad
583 907 655 936 folia
678 907 874 944 perveniunt:
907 913 996 941 quum
1021 911 1150 941 tempore
1176 911 1321 934 nocturno
1343 906 1415 934 nihil
1439 915 1492 943 per
1517 907 1592 936 radi-

63 951 121 987 'ces
149 958 356 993 absorbeatur,
376 959 450 987 nihil
473 960 558 988 etiam
584 965 675 988 noctu
704 967 755 994 per
776 966 842 986 vasa
860 957 952 993 lignea
975 956 1067 985 caulis
1090 956 1182 985 fertur
1207 957 1242 985 ad
1260 955 1342 984 folia.

110 1008 190 1037 Haec
217 1009 306 1037 thesis
331 1009 470 1045 probatur
498 1018 552 1045 eo,
583 1010 661 1045 quod
691 1009 786 1037 omnia
812 1008 933 1036 Bonneti
964 1007 1176 1043 experimenta,
1206 1008 1222 1043 §
1251 1007 1431 1043 praecedenti
1462 1016 1477 1036 a
1502 1008 1587 1038 nobis·

68 1060 176 1088 ultimo
196 1061 263 1088 ioco
287 1067 461 1096 memorata,
483 1060 612 1090 interdiu
635 1067 746 1090 tantum
768 1059 945 1094 succedant,
967 1058 1104 1094 quodque
1128 1064 1256 1094 tempore
1285 1064 1430 1095 nocturno
1454 1059 1590 1089 instituta

68 1112 180 1140 nullum
206 1111 339 1141 effectum
366 1118 522 1149 praestent.

106 1161 190 1190 Hanc
216 1163 354 1192 foliorum
377 1163 556 1194 functionem
571 1173 624 1202 pro
641 1165 728 1194 variis
745 1162 954 1201 vegetabilibus
975 1162 1045 1201 (9)
1060 1181 1071 1199 ,
1091 1170 1146 1199 pro
1162 1162 1238 1193 varia
1254 1169 1356 1193 eorum
1373 1161 1591 1202 magnitudine,

65 1218 179 1249 aetate,
201 1220 230 1242 et
250 1214 281 1243 vi
306 1214 388 1244 vitali
408 1214 539 1253 differre,
560 1225 675 1246 monere
697 1218 748 1247 vix
771 1224 846 1254 opus
868 1219 921 1244 est.

93 1345 148 1373 (6)
169 1347 257 1369 Bonnet
275 1347 291 1369 1.
311 1348 326 1372 1,
350 1349 422 1373 Mem.
438 1352 465 1374 V.
486 1357 537 1379 pag.
551 1339 593 1381 344
605 1356 629 1374 et
642 1354 693 1381 ²4⁸-

89 1386 146 1416 (7)
167 1389 266 1415 Bonnet,
290 1390 361 1412 Mem.
375 1392 394 1413 1.
416 1398 466 1418 pag.
482 1399 518 1418 43.

93 1429 145 1457 (ε)
167 1430 266 1455 Bonna,
285 1431 355 1453 Mem.
369 1432 386 1454 1.
409 1439 453 1459 pag
476 1434 510 1458 46-
530 1435 600 1457 Mem.
615 1436 642 1456 V.
666 1439 717 1461 pag.
732 1432 782 1455 226.
799 1439 851 1460 sqq·

91 1469 144 1496 (9)
168 1470 303 1491 observavit
323 1471 464 1494 acutissimus
489 1474 617 1500 Bonnam,
631 1475 792 1497 herbacearum
814 1475 940 1501 plantarum
959 1472 1015 1495 folia
1040 1473 1156 1500 liouores,
1174 1478 1216 1499 per
1236 1471 1324 1494 radices
1339 1471 1474 1498 absorptos,
1506 1469 1585 1497 maiori

67 1509 173 1537 accipere
196 1511 278 1538 copia,
305 1514 413 1539 temporis
443 1514 531 1536 ratione
560 1515 651 1541 habita,
676 1521 741 1543 quam
769 1516 874 1537 arborum
902 1514 971 1541 folia,
997 1514 1061 1539 cujus
1090 1513 1240 1540 phaenomeni
1269 1514 1380 1534 rationem
1404 1518 1433 1533 ex
1458 1517 1500 1538 eo,
1521 1513 1585 1539 quod

65 1549 182 1572 herbffl'um
193 1566 200 1576 9
221 1552 269 1574 cito
290 1552 440 1575 crescentium
457 1560 479 1576 et
494 1556 600 1577 celeriter
616 1556 678 1578 virae
697 1555 767 1578 stadia
787 1555 968 1581 absolventium,
990 1555 1078 1576 radices
1094 1556 1162 1580 magis
1179 1555 1329 1582 absorbeant,
1343 1559 1410 1582 quam
1429 1554 1534 1575 arborum
1548 1559 1586 1574 r:-

65 1591 143 1618 dices,
165 1591 306 1617 derivandam
321 1599 371 1616 esse
390 1594 474 1617 statuit.
505 1594 556 1618 Vld.
573 1597 643 1619 Mem.
656 1597 672 1620 l,
691 1602 741 1625 pag.
754 1602 780 1623 ⁴7
793 1603 858 1624 seqq.
887 1597 958 1618 Mem.
973 1597 999 1618 V.
1020 1601 1070 1623 pag.
1085 1601 1126 1622 231
1143 1601 1193 1622 sqq.

880 2010 906 2040 E
1421 2005 1580 2037 CAPUT
