1913 2417
236 203 271 238 52
602 193 745 235 J.R.
832 193 1385 226 THORBECKE

242 283 336 319 phos,
358 281 521 318 Scepticum
544 279 626 309 illum
650 285 771 308 vocasse
789 276 836 306 sui
855 277 1049 314 persimilem,
1073 279 1122 314 qui
1145 277 1259 315 perinde
1283 284 1315 307 ut
1342 277 1418 314 ipsi,
1441 278 1607 314 veritatem,
1629 276 1747 307 menda³

242 334 318 361 cium
342 341 373 361 ac
400 330 672 361 verisimilitudinem
697 337 808 358 omnem
835 330 957 358 tolleret.
994 328 1137 365 Opinatur
1159 329 1246 365 igitur
1269 330 1433 359 Nummius
1454 330 1539 367 (ι),
1562 330 1747 365 Arcesilam,

242 393 324 420 quem
349 383 541 419 Pyrrhonium
561 379 715 417 Pyrrhonii
737 380 800 416 jure
825 379 985 415 dixissent,
1015 379 1196 409 observantia
1216 380 1349 408 amatoris
1373 380 1417 408 sni
1442 380 1616 415 Crumorn‘s,
1637 380 1747 408 Acade·

243 435 346 463 micum
369 434 461 462 adhuc
483 440 514 460 se
534 431 631 460 vocari
656 439 772 467 passum
798 438 880 460 esse:
900 437 988 466 atque
1004 430 1060 466 ita,
1085 430 1134 466 qui
1150 430 1345 466 Pyrrhonius,
1367 437 1486 466 excepto
1509 431 1642 465 nomine,
1663 436 1749 459 totus

241 491 336 520 esset,
364 493 426 512 eum
450 483 613 512 Academici
639 489 749 519 praeter
773 490 877 511 nornen
901 482 975 510 nihil
1000 481 1147 511 habuisse.
1200 480 1255 509 Sed
1279 489 1337 510 non
1362 482 1598 510 committendum
1625 487 1690 515 est,
1710 483 1748 508 ut

243 535 486 572 Pythagoricum,
513 542 596 563 caeco
620 534 812 571 Dogmatismi
835 541 929 562 amore
951 533 1119 568 abreptum,
1147 540 1199 561 nec
1224 532 1426 568 intelligentem
1451 532 1521 560 satis
1549 531 1678 559 Maeonis
1700 530 1748 566 ju-

243 587 332 614 dicem
345 607 354 621 ,
375 593 476 614 temere
494 586 664 621 incauteque
680 592 844 620 sequamur.
866 582 964 620 «Igitur
985 584 1146 612 accuratius
1164 584 1198 611 de
1218 583 1366 611 Arcesilae
1383 582 1569 618 philosophiz
1586 582 1744 610 videamus.

281 637 404 666 Primum
430 637 528 666 Cicero
552 643 649 665 tuetur
679 635 842 664 Arcesilam
869 642 1000 663 servasse
1028 641 1078 663 aut
1098 634 1198 670 potius
1223 641 1375 663 revocasse
1387 634 1518 670 sormam
1544 631 1750 668 philosophiae

242 689 303 717 sive
322 689 528 724 disputationis
554 687 723 716 Socraticae.

279 760 297 775 ‚‚
319 741 450 768 Socrates
474 741 538 775 (2)
564 739 776 774 percunctando
798 743 883 774 atque
908 738 1109 774 interrogando
1132 738 1234 766 elicere
1257 737 1369 766 solebat
1395 744 1492 766 eorum
1509 735 1661 772 opiniones
1684 733 1752 769 qui·

242 811 260 826 ‚‚
280 791 401 819 buscum
424 790 599 824 disserebat,
622 796 653 819 ut
677 790 711 818 ad
731 789 820 824 hice,
842 797 915 824 quae
941 789 971 816 hi
993 789 1228 824 respondissent,
1249 789 1347 824 siquid
1373 789 1529 821 videretur,
1551 787 1674 814 diceret:
1698 782 1750 820 qui

243 862 261 878 „
284 850 346 870 mos
369 850 434 870 curn
460 849 474 868 a
499 841 707 876 posterioribus
729 849 788 868 non
811 846 885 868 esset
916 846 1063 874 retentus,
1095 839 1243 868 Arcesilas
1264 847 1326 867 eum
1353 839 1517 873 revocavit;
1541 837 1753 871 instituitque,³

244 914 264 928 „
284 900 315 921 ut
339 893 377 928 ii,
405 893 454 927 qui
479 900 510 920 se
533 892 629 919 audire
654 892 779 925 vellent,
800 898 858 918 non
883 891 917 918 de
937 898 968 918 se
993 896 1174 925 quaererent,
1198 891 1246 918 sed
1270 890 1325 926 ipsi
1350 890 1473 918 dicerent
1500 888 1570 923 quid
1594 887 1755 920 sentirent}

245 964 264 979 „
284 944 362 980 quod
391 951 455 971 cum
481 942 641 978 dixissent,
669 943 717 970 ille
741 948 860 970 contra:
895 941 942 969 sed
976 941 1026 976 qui
1059 940 1231 976 audiebant,
1261 941 1355 976 quoad
1388 945 1538 975 poterant,
1566 936 1753 965 defendebant

245 1015 263 1031 2,
283 994 450 1024 sententiam
486 1002 578 1022 suain.
628 994 717 1028 Apud
746 1000 855 1020 ceteros
888 997 981 1019 autem
1013 991 1228 1025 philosophos,
1256 992 1306 1026 qui
1329 990 1473 1025 quaesivit
1497 987 1626 1022 aliquid,
1656 992 1749 1014 tacet:

245 1064 266 1082 ,‚
286 1046 364 1081 quod
390 1043 502 1079 quidem
531 1045 585 1080 jam
615 1042 648 1071 fit
671 1043 753 1071 etiam
788 1043 818 1071 in
843 1039 1028 1071 Academia.'’
1070 1042 1160 1077 igitur
1191 1041 1339 1069 Arcesilas
1363 1040 1429 1076 (3)
1462 1042 1574 1076 primus
1602 1036 1751 1071 instituit,

241 1099 442 1134 (quamquam
465 1095 494 1123 id
518 1094 575 1122 fuit
601 1095 781 1123 Socratisum
805 1093 950 1128 maxime)
973 1100 1033 1120 non
1056 1092 1125 1127 quid
1151 1092 1213 1128 ipse
1236 1091 1375 1127 sentiret,
1396 1089 1562 1124 ostendere,
1586 1088 1754 1116 sed'contra

241 1149 289 1185 id,
311 1149 390 1184 quod
413 1145 538 1182 quisque
565 1154 595 1174 se
619 1146 724 1174 sentire
745 1145 887 1180 dixisset,
909 1144 1056 1179 disputare
1075 1144 1154 1180 (4).

281 1199 356 1228 Dein
390 1218 408 1233 „
426 1197 575 1227 Arcesilas
599 1199 747 1234 primum,
771 1196 821 1231 qui
846 1196 1027 1224 Polemonem>
1046 1195 1210 1230 audiverat,
1230 1202 1263 1223 ex
1287 1193 1373 1223 variis
1399 1191 1532 1221 Platonis
1549 1188 1629 1218 libris
1646 1195 1756 1217 sermo-

244 1270 265 1286 „
284 1250 429 1285 tribusque
451 1249 581 1277 Socratis
603 1248 659 1276 hoc
683 1249 808 1275 maxime
832 1248 985 1283 arm'puit,
1006 1246 1078 1274 nihil
1098 1253 1162 1274 esse
1183 1246 1272 1281 certi,
1295 1246 1374 1281 quod
1395 1250 1444 1272 aut
1466 1242 1597 1271 sensibus
1624 1246 1672 1268 aut
1690 1237 1752 1267 ani·

247 1321 265 1337 ‚,
286 1309 333 1330 mo
354 1298 464 1336 percipi
490 1299 606 1336 possitg,
629 1307 711 1334 quem
738 1298 832 1326 serunt
857 1296 962 1326 eximio
982 1297 1105 1332 quodam
1132 1305 1217 1325 usum
1238 1297 1336 1332 lepore
1357 1294 1469 1324 dicendi
1487 1297 1668 1328 aspernatum
1690 1295 1754 1330 esse

245 1372 264 1388 ‚,
284 1360 368 1381 omne
389 1351 476 1380 animi
496 1358 655 1385 sensusque
674 1348 814 1386 judicium
840 1347 944 1383 (5‘).'’
994 1367 1012 1382 ‚‚
1029 1348 1105 1375 Cum
1126 1347 1242 1374 Zenone
1263 1353 1376 1379 autem,
1398 1351 1430 1372 ut
1458 1342 1639 1377 accepimus,
1662 1339 1755 1366 Arce-

245 1422 264 1439 „
287 1403 356 1430 silas
374 1401 432 1430 sibi
456 1408 543 1429 omne
561 1406 702 1429 certamen
728 1398 874 1431 instituit,
896 1405 956 1425 non
975 1396 1130 1432 pertinacia
1149 1403 1199 1425 aut
1221 1397 1321 1424 studio
1342 1393 1470 1428 vicentii,
1492 1398 1523 1419 ut
1544 1391 1613 1419 milii
1637 1390 1752 1425 quidem

245 1473 264 1490 ‚,
285 1453 414 1481 videtur·
441 1452 491 1480 sed
518 1459 612 1480 earum
635 1458 727 1479 rerum
750 1439 948 1483 obscuritate,
977 1455 1049 1483 quae
1070 1448 1105 1475 ad
1125 1446 1336 1475 confessionem
1365 1442 1556 1480 ignorationis
1582 1438 1755 1468 adduxerant

245 1491 451 1540 „Soc-ratem,
479 1502 507 1532 e't
539 1502 631 1530 veluti
661 1507 786 1530 amantes
820 1500 990 1534 Socratem,
1018 1498 1241 1532 Democritum,
1272 1497 1506 1532 Anaxagoram,
1535 1490 1674 1529 Empedo
1666 1489 1754 1523 lem,

246 1574 267 1592 „
287 1563 385 1584 omnes
408 1562 481 1590 pene
500 1559 628 1589 veteres,
657 1552 706 1588 qui
738 1551 811 1580 nihil
835 1549 993 1586 cognosci,
1022 1548 1096 1577 nibil
1124 1548 1254 1584 percipi,
1281 1547 1353 1576 nihil
1377 1554 1417 1574 sc
1414 1545 1446 1572 ri
1478 1551 1564 1580 posse
1586 1536 1754 1570 dixerunt?

247 1625 266 1642 „
286 1606 386 1641 ltaque
407 1604 554 1634 Arcesilas
573 1603 693 1639 negabat
718 1611 781 1631 esse
807 1602 983 1637 quicquam,
1006 1600 1084 1635 quod
1107 1599 1178 1627 sciri
1197 1604 1313 1634 posset·
1338 1605 1374 1626 ne
1398 1596 1472 1624 illud
1495 1594 1609 1632 quidem
1636 1592 1753 1628 ipsum,

248 1677 267 1693 „
288 1657 367 1692 quod
396 1656 528 1684 Socrates
561 1654 618 1682 sibi
647 1653 824 1689 reliquisset.
874 1652 922 1680 bic
954 1650 1050 1680 omnia
1077 1651 1162 1678 latere
1191 1649 1324 1677 censebat
1358 1647 1387 1676 in
1413 1646 1550 1680 occulto,
1579 1650 1671 1678 neque
1692 1647 1758 1669 esse

246 1725 266 1743 κ
289 1707 463 1742 quicquam,
493 1705 573 1742 quod
603 1704 680 1733 cerni
712 1710 761 1732 aut
790 1702 912 1738 intelligi
938 1702 1052 1738 possit3
1092 1700 1199 1737 quibus
1229 1700 1263 1727 de
1291 1698 1386 1727 causis
1417 1697 1493 1726 nimi
1514 1701 1669 1732 oportere,
1706 1699 1756 1720 ne-

251 1777 272 1794 „
291 1765 346 1793 que
383 1755 530 1792 profiteri,
561 1763 654 1791 neque
685 1755 826 1783 affirmare
852 1761 1042 1789 quemquam,
1078 1760 1171 1787 neque
1201 1750 1367 1779 assensione
1395 1747 1572 1784 approbare:
1609 1742 1762 1774 conibet&

249 1816 344 1844 „que
361 1815 470 1843 semper
484 1814 511 1835 et
529 1807 564 1835 ab
580 1807 657 1836 omni
674 1807 760 1843 lapsu
784 1804 931 1833 continere
955 1803 1157 1832 temeritatem·
1181 1810 1254 1838 quae
1277 1808 1339 1829 tum
1362 1806 1437 1828 esset
1459 1796 1600 1832 insignis,
1621 1798 1754 1823 cumaut

249 1877 269 1895 Ἃ
288 1857 361 1886 faisa
387 1865 435 1887 aut
465 1858 610 1895 incognita
636 1866 679 1886 res
705 1856 929 1893 approbaretur3
960 1862 1055 1890 neque
1077 1853 1131 1883 hoc
1156 1854 1310 1889 quicquam
1334 1859 1396 1881 esse
1422 1849 1558 1886 turpius,
1586 1851 1671 1882 quam
1705 1850 1754 1870 co-

1660 1913 1679 1932 υ
1698 1891 1762 1929 gni*

273 1969 323 1997 (ιη
347 1972 363 1993 1.
382 1972 398 1993 1.
416 1970 442 1992 Β.
584 1970 636 1998 (2)
658 1971 693 1991 De
716 1970 794 1995 Τίνι-ι.
809 1970 836 1994 u.
852 1970 880 1992 ·ι.
1024 1964 1074 1992 (³)
1096 1966 1129 1987 De
1150 1966 1216 1989 otas.
1235 1966 1274 1989 111.
1293 1965 1329 1989 ιδ.

276 2012 327 2041 (4)
349 2013 415 2035 eous.
433 2010 505 2034 Acca,
525 2012 543 2034 1.
565 2016 598 2035 ιη,
624 2012 677 2034 fine.
847 2010 902 2042 (5)
920 2008 955 2032 De
976 2008 1042 2035 Orat,
1062 2008 1102 2031 u..
1123 2008 1158 2030 ιδ»
