1913 2417
291 102 578 139 RESPONSIO
609 116 658 138 AD
687 107 1052 146 QUAESTIONEM
1080 107 1525 141 HYDROSTATICAM.
1630 116 1666 150 49

156 200 230 229 quae
254 192 379 229 pondere
404 200 457 221 suo
490 192 519 220 in
545 199 647 227 aquam
675 191 837 220 descendat.
879 191 990 220 Idcirco
1016 193 1156 220 oneranda
1181 197 1224 220 est
1247 199 1328 222 tanto
1351 194 1499 230 pondere,
1522 200 1662 229 quantum

151 244 308 280 requIritur
322 244 358 272 ad
373 250 461 273 totam
478 252 538 272 eam
557 243 800 279 submergendam.
839 242 956 271 Pondus
979 243 1055 279 hoc,
1073 251 1129 279 ope
1146 243 1207 278 fili,
1228 244 1348 272 duorum
1361 264 1371 279 ,
1395 245 1499 279 trium,
1522 245 1566 272 vel
1589 252 1659 280 qua-

149 301 219 325 tuor
234 296 372 332 pollicum
385 316 395 330 ,
417 303 471 331 pro
489 295 598 324 ratione
613 293 776 322 altitudinis
794 292 870 322 vasis
883 313 893 328 ‚
917 292 1011 321 fundo
1031 294 1143 330 lagenae
1159 293 1308 330 affigatur,
1330 296 1368 323 ita
1385 302 1416 323 ut
1440 295 1565 330 spatium
1588 295 1661 324 duo-

149 355 233 382 rum,
255 347 362 381 trium,
388 346 432 375 vel
454 351 579 381 quatuor
596 344 737 380 pollicum
753 343 826 372 inter
853 344 933 371 illum
959 344 1078 372 fundum
1107 345 1219 380 lagenae
1246 352 1273 373 et
1294 347 1408 382 pondus
1435 346 1546 375 affixum
1573 354 1661 375 rema·

148 405 224 426 neat.
265 397 420 435 Quomodo
443 396 470 424 si
492 403 590 424 exacte
612 401 721 423 tantum
759 395 894 429 ponderis
919 395 1032 430 lagenae
1057 395 1209 430 affigatur,
1240 403 1378 432 quantum
1411 399 1447 426 ad
1479 397 1569 433 ipsam
1592 397 1660 425 sub-

145 449 322 485 mergendam
347 447 520 483 requiritur,
543 453 605 475 tum
641 446 723 474 etiam
747 445 949 482 aequilibrium
976 446 1004 474 in
1027 445 1138 474 bilance
1158 447 1265 483 aderit,
1289 456 1380 484 neque
1402 449 1460 477 alio
1484 454 1661 484 contrapon-

148 499 198 528 dio
222 507 299 534 opus
321 499 392 533 erit,
414 497 470 526 nIsi
493 497 564 533 illo,
587 497 687 533 quod,
709 497 751 525 uti
771 497 914 532 diximus,
944 497 1109 533 gravitatem
1136 498 1298 533 specificam
1325 499 1437 536 lagenae
1464 499 1586 528 indicat.
1627 498 1659 527 Si

146 558 163 578 e
185 557 286 579 contra
307 550 424 585 pondus
449 549 522 577 illud
553 548 664 576 affixum
691 557 743 584 pro
769 548 866 577 lubitu
890 556 1036 584 sumatur,
1058 548 1137 577 dicto
1162 549 1281 584 ponderi
1305 549 1335 578 in
1359 551 1443 578 altera
1462 551 1541 579 lance
1566 549 1657 577 adhuc

143 610 257 632 tantum
292 600 536 637 contrapondium
566 600 724 628 addendum
755 599 835 635 erit,
867 606 1004 635 quantum
1037 600 1190 636 requiritur
1225 600 1259 628 ad
1289 601 1503 630 restaurandum
1536 599 1656 636 aequili-

140 653 236 682 brium
258 654 450 682 destructum.
892 682 897 688 ‚

181 705 277 739 Dein,
301 704 361 733 sive
387 709 497 731 tantum
523 703 657 738 ponderis
674 702 831 738 sumseris,
854 709 991 739 quantum
1015 703 1049 730 ad
1074 702 1307 739 submergendam
1331 703 1457 738 lagenam
1484 702 1657 738 requiritur,

149 756 210 785 sive
228 756 295 791 plus
314 754 470 791 ponderis,
493 760 521 781 et
540 754 593 781 hoc
613 763 628 782 a
648 755 862 789 contrapondio
879 755 908 781 in
933 754 1104 789 aequilibrio
1124 753 1210 781 fuerit
1233 753 1449 788 constitutum,
1477 753 1508 781 in
1532 759 1657 789 utroque

144 815 213 836 casu
227 806 325 835 bilanx
339 804 521 840 deprimenda
536 805 704 855 estut-ionec
721 806 833 840 pondus
851 805 962 833 affixum
978 805 1077 833 leviter
1091 811 1187 840 tangat
1206 803 1327 832 fundum
1342 805 1419 833 vasis
1430 825 1439 838 ,
1462 812 1563 839 aquam
1581 812 1652 832 con-

141 858 281 892 tinentis,
306 857 344 884 ita
367 862 398 884 ut
421 856 476 897 hoc
496 856 630 892 pondus,
652 856 731 891 quod
751 864 810 884 non
829 856 884 884 nisi
908 855 1130 892 submergendae
1151 856 1262 891 lagenae
1292 855 1433 889 inservit,
1462 855 1501 882 ibi
1523 855 1654 890 quietum

142 915 272 943 maneatg,
292 908 448 936 cavendum
467 914 580 942 tamen,
602 915 636 934 ne
654 907 751 934 bilanx
768 915 908 942 eousque
922 906 1115 942 deprimatur,
1137 913 1169 934 ut
1185 905 1388 941 aequilibrium
1409 905 1552 934 turbetur.
1589 905 1653 942 Jam

141 959 290 988 minimum
309 960 443 995 ponderis
463 947 781 994 augmentum-lagenae
795 959 921 986 additum
934 978 944 992 ,
966 957 1087 986 bilancis
1113 956 1315 992 aequilibrium
1339 956 1484 984 destruere
1500 956 1603 991 debet,
1624 963 1654 984 et

137 1010 265 1046 lagenam
290 1018 390 1038 versus
413 1009 536 1038 fundum
561 1010 636 1038 vasis
666 1009 820 1045 impellere.
865 1009 910 1037 En
940 1015 1034 1036 totum
1059 1014 1247 1044 apparatum,
1275 1006 1359 1042 cujus
1385 1015 1439 1041 ope
1461 1007 1649 1042 explorandas

138 1061 197 1090 sibi
221 1062 326 1091 sumsit
348 1060 549 1097 Coppenalius
574 1059 796 1095 conclusiones,
830 1068 901 1096 quas
926 1060 1005 1088 doct.
1029 1060 1143 1088 Aeneae
1166 1066 1199 1087 ex
1228 1065 1282 1085 suo
1312 1057 1506 1093 experimento
1531 1058 1656 1086 deduxe-

138 1120 191 1142 rat.
233 1112 320 1141 Hunc
343 1112 416 1141 enim
440 1118 606 1148 apparatum
637 1112 733 1139 eodem
758 1111 788 1140 in
810 1119 890 1140 statu
915 1112 1019 1140 versari
1044 1117 1146 1148 putat,
1168 1118 1199 1139 ac
1226 1109 1294 1143 ille,
1317 1116 1400 1143 quem
1424 1109 1537 1137 Aeneae
1559 1109 1591 1152 in
1608 1109 1654 1137 ul-

139 1164 214 1192 timo
237 1172 292 1193 suo
326 1164 521 1200 experimento
550 1162 734 1198 adhibuerat3
765 1163 817 1191 liae
841 1169 952 1191 tantum
983 1163 1170 1191 intercedente
1192 1160 1371 1195 differentia,
1402 1161 1481 1195 quod
1504 1157 1566 1196 ip'se
1585 1160 1644 1196 jam

135 1223 259 1250 corpora
288 1223 379 1251 aquae
403 1215 533 1243 immersa
551 1235 562 1250 ,
589 1215 741 1250 lagenam,
776 1215 863 1242 aerem
894 1214 950 1250 ipsi
978 1214 1122 1243 inclusum
1139 1233 1150 1249 ‚
1186 1213 1301 1249 pondus
1325 1211 1439 1240 affixum
1456 1232 1467 1246 ,
1498 1210 1652 1247 separatim

134 1267 317 1295 considerare
331 1266 443 1302 possit,
468 1274 626 1301 eorumque
646 1266 786 1294 actionem
807 1265 1000 1302 investigare3
1024 1266 1090 1294 dum
1115 1273 1150 1293 ex
1173 1265 1235 1301 eJus
1259 1263 1402 1292 sententia
1425 1262 1518 1290 eadem
1539 1262 1569 1290 in
1594 1269 1650 1289 suo

135 1317 328 1359 experimento
351 1318 461 1346 Aeneae
485 1318 524 1346 ita
547 1319 700 1354 Junxerat,
728 1324 761 1346 ut
784 1316 904 1345 effectus
924 1317 958 1345 ab
986 1325 1045 1345 uno
1072 1324 1192 1352 corpore
1211 1315 1326 1350 editos,
1356 1321 1503 1350 perperam
1527 1313 1576 1341 alii
1599 1310 1651 1340 tri·

137 1368 248 1397 bueret.
291 1388 309 1403 „
325 1369 397 1405 Ejus
414 1370 510 1405 lagena
521 1367 560 1403 ,⁹²
579 1369 621 1398 ait
632 1390 642 1405 ‚
675 1389 693 1403 ‚,
709 1369 829 1405 proprio
845 1377 899 1397 suo
915 1369 1039 1404 pondere
1052 1367 1216 1402 descendit,
1238 1371 1265 1394 et
1287 1365 1354 1394 hinc
1371 1373 1450 1393 error
1465 1364 1495 1392 in
1516 1364 1578 1400 ejus
1603 1370 1652 1390 ex-

131 1419 299 1454 perimentis
316 1419 459 1448 observari
475 1420 588 1455 nequit.
630 1419 783 1455 Aperiatur
802 1420 876 1448 enim
895 1420 992 1455 lagena
1013 1427 1111 1447 nostra
1127 1418 1254 1446 foramen
1278 1417 1432 1453 infligendo
1456 1414 1588 1448 vesicae,
1610 1412 1650 1440 ita

132 1475 165 1497 ut
190 1477 300 1498 omnem
334 1470 421 1498 ae'rem
449 1478 522 1505 aqua
554 1470 697 1506 excipiat,
725 1478 752 1499 et
781 1471 851 1506 quid
881 1470 1047 1506 contingit?
1087 1469 1202 1505 Lagena
1231 1468 1360 1503 equidem
1394 1473 1495 1501 aqu-tm
1520 1464 1641 1500 recipit,

132 1521 182 1549 sed
206 1529 265 1549 non
282 1521 438 1549 descendit.
480 1520 608 1556 Nullus,
632 1529 667 1549 ne
683 1520 819 1548 minimus
835 1521 966 1556 quidem,
993 1520 1023 1549 in
1044 1520 1166 1549 bilancis
1191 1518 1308 1547 brachio
1336 1517 1505 1546 observatur
1527 1522 1644 1544 motus:

130 1571 229 1607 lagena
249 1579 332 1600 antea
356 1580 422 1600 cum
445 1572 604 1609 pondereg
624 1572 655 1600 in
676 1571 866 1607 aequilibrio,
887 1579 953 1600 cum
977 1572 1073 1599 eodem
1097 1571 1219 1607 pondere
1233 1579 1255 1607 g
1278 1569 1308 1598 in
1333 1567 1506 1604 aequilibrio
1532 1572 1648 1601 manet,

129 1623 216 1658 quies
242 1630 301 1650 non
327 1623 480 1657 turbatur,
501 1622 702 1657 aequilibrium
733 1631 792 1651 non
815 1623 989 1658 destruitur,
1019 1630 1092 1657 aqua
1112 1622 1238 1657 lagenam
1267 1620 1388 1656 implens
1418 1627 1477 1647 eam
1503 1626 1562 1647 non
1587 1618 1650 1654 gra-

127 1674 238 1703 viorem
270 1673 361 1702 reddit
378 1693 389 1708 ,
419 1681 503 1709 quam
528 1680 609 1702 antea
639 1672 730 1702 fuerat
747 1694 757 1709 ,
786 1674 884 1710 lagena
916 1682 975 1702 non
1005 1672 1169 1701 descendit!
1220 1672 1347 1707 Boyleus
1365 1690 1376 1705 ,
1404 1669 1647 1706 Desagulierius‚

127 1724 287 1760 Nolletus‚
314 1725 449 1761 Aeneae,
477 1731 505 1753 et
539 1733 664 1760 omnes,
691 1731 839 1761 quotquot
871 1726 926 1753 hoc
960 1724 1151 1760 experimento
1188 1722 1309 1759 probare
1348 1727 1510 1756 conantur,
1541 1710 1647 1755 aquarn

126 1776 158 1805 in
182 1785 256 1812 aqua
281 1777 440 1814 gravitate,
470 1782 559 1805 totam
594 1784 675 1805 suam
706 1776 976 1805 demonstrationem
1000 1775 1065 1803 inde
1087 1780 1208 1811 petunt,
1238 1773 1314 1812 quod
1335 1774 1460 1810 lagena,
1491 1780 1570 1810 aqua
1593 1772 1650 1799 im·

127 1827 227 1865 plata,
255 1829 286 1855 in
315 1830 515 1867 experimentis
545 1829 602 1857 suis
625 1827 780 1856 descendit.
828 1827 883 1855 Sed
909 1826 978 1862 quid
996 1822 1174 1854 descendit?
1213 1825 1298 1860 Aqua
1319 1833 1377 1853 non
1403 1823 1571 1857 descendit,
1598 1829 1647 1851 ne-

128 1886 185 1914 que
203 1879 318 1914 lagena3
341 1879 408 1907 haec
427 1879 595 1907 descendere
617 1887 675 1907 non
693 1885 807 1914 potest,
830 1878 937 1914 quippe
957 1885 1029 1913 quae
1050 1877 1079 1905 in
1105 1876 1275 1912 aequilibrio
1298 1882 1410 1904 tenetur
1431 1883 1445 1902 a
1465 1880 1639 1908 contrapon-

126 1928 173 1958 dio
193 1938 214 1967 g
237 1931 264 1958 in
284 1931 364 1959 lance
382 1938 428 1959 m:
450 1930 500 1960 sed
520 1929 656 1967 pondus,
680 1938 739 1966 quo
761 1930 858 1967 lagena
883 1929 911 1957 in
937 1929 1066 1964 ipsorum
1090 1928 1293 1965 experimentis
1322 1932 1439 1957 onerata
1463 1931 1524 1961 est,
1548 1922 1643 1960 quod-

931 1979 960 2009 G
1588 1979 1647 2008 que
