1913 2417
237 191 295 232 462
417 192 426 195 ·
518 200 539 217 =.
612 191 642 230 J.
718 188 759 221 n.
838 191 867 221 T
904 183 1192 222 nouas
1232 183 1406 225 02‘14‘313'
1563 181 1616 189 ”“

241 277 271 305 ἐν
291 273 328 311 ᾧ,
351 279 383 302 ut
400 274 471 302 dixit
495 272 557 310 ipse
581 275 685 302 Sextus
704 275 788 310 (x),
806 275 870 310 orphe
892 275 1004 305 ’ἕκαστον
1024 275 1102 313 μέρος
1124 280 1172 311 τῆς
1195 279 1362 314 καλουμένης
1385 277 1550 322 φιλοσοφίας
1573 266 1767 315 ἀντιλέγομεν)

246 325 328 354 Hanc
358 333 463 362 partem
498 326 649 361 praecipue
682 324 786 354 Sextus
813 327 885 355 miro
914 327 1019 363 ingenii
1051 327 1180 357 acumine
1205 335 1233 357 et
1263 328 1424 357 incredibili
1454 330 1584 359 doctrina
1615 325 1769 360 tractavi&

247 380 354 406 Verum
379 386 530 413 pergamus
556 377 584 404 in
611 380 709 413 τροπῶν
736 377 843 406 ratione
866 378 901 406 ad
924 379 1066 415 duplicem
1085 380 1186 414 λόγον,
1213 385 1240 408 et
1266 380 1300 408 ad
1325 381 1372 410 τὸν
1398 381 1509 411 καθόλου
1534 387 1561 409 et
1583 381 1616 409 ad
1638 383 1683 412 τὸν
1701 383 1764 412 εἶδα-

246 429 293 459 κόν
327 438 359 458 ex
381 430 491 467 judicio
525 428 604 456 Sexti
635 429 847 458 constituenda.
896 429 1059 465 Scepticum
1088 430 1177 466 igitur
1209 432 1341 460 unii-erse
1374 432 1609 467 consideramus,
1647 433 1671 460 si
1700 441 1764 461 eum

251 488 414 516 spectamus
441 488 490 516 per
512 487 559 513 se,
582 485 609 506 et
637 487 699 514 qua.
716 480 891 510 discriminis
915 488 983 510 nota
1005 491 1020 510 a
1041 482 1161 518 reliquis
1185 483 1388 519 philosophiae
1412 482 1530 511 familiis
1556 482 1665 512 differat
1687 484 1767 513 inda-

254 541 368 568 gamus.
411 531 615 561 peculiariter
637 532 747 568 (εἰδικῷ
770 532 867 569 λόφῳ)
891 532 1054 568 Scepticum
1079 533 1107 561 in
1136 542 1232 570 pugna
1253 540 1280 562 et
1306 535 1502 563 controversia
1527 543 1593 563 cum
1616 535 1768 572 Dogmati-

253 584 317 619 cis,
346 590 373 611 et
398 583 617 619 Scepticismum
645 581 858 611 consideramus
891 588 1034 620 tamquam
1064 579 1296 622 *Dogmatismum
1327 585 1504 622 negativum.
1552 586 1670 622 Τρᾶπους
1700 594 1768 615 vero

249 637 356 665 Sextus
384 636 449 672 (2)
471 636 506 664 ad
528 637 575 665 τὸν
600 635 711 665 καθόλου
740 637 820 671 λόγον
845 636 949 666 refert:
969 636 1029 672 *qui
1052 637 1087 666 ab
1113 638 1168 665 una
1191 643 1270 672 parte
1292 636 1482 672 Scepticismo
1507 637 1640 666 universe
1659 626 1771 673 specta-¹

244 694 300 722 -το,
332 687 366 715 ab
395 687 480 715 altera
514 694 625 722 pugnae
652 686 792 714 adversus
815 688 1003 724 Dogmaticos
1030 690 1162 726 contigui
1194 695 1263 718 sunt
1294 696 1383 725 atque
1407 690 1575 726 conjuncti.·
1619 690 1770 728 Quatenus

250 739 413 769 inserviunt
440 739 474 767 ad
493 740 595 774 ἐποχὴν
621 737 816 767 stabiliendam
839 745 865 767 et
885 741 1131 776 confirmandam,
1148 741 1332 776 rationesque
1356 741 1412 777 ipsi
1436 741 1572 777 Sceptico
1594 742 1628 770 de
1648 749 1768 770 assensu

253 799 308 820 suo
333 790 498 819 cohibendo
523 789 697 824 reddendas,
719 796 746 818 et
771 790 806 818 ad
827 788 976 828 Sceptices
998 800 1084 822 artem
1111 794 1278 830 regendam,
1299 799 1367 821 nota
1390 792 1525 828 quaedam
1554 799 1639 827 sunt,
1661 798 1688 820 et
1709 784 1773 828 sig-'

254 852 324 872 num
350 842 553 878 Scepticism't,
575 850 635 877 quo
669 849 811 877 tamquam
830 840 994 879 „peculiaris
1018 844 1244 881 philosophandi
1267 844 1419 872 methodus
1447 853 1462 872 a
1484 842 1588 873 ‘ceteris
1616 841 1773 880 distinguia'

253 901 318 923 tur:
341 901 480 930 quatenus
500 901 569 922 vero
592 892 728 922 subsidio
749 899 818 922 sunt
840 902 867 923 et
886 896 1051 933 adJumento
1077 898 1212 926 adversus
1238 895 1492 931 Dogmatismum,
1513 891 1611 924 fontes
1641 902 1710 924 sunt
1735 900 1763 923 et
1908 863 1913 987 1

256 946 396 982 praesidia
416 952 447 973 et
473 945 555 980 quasi
575 945 710 980 armaria,
733 947 808 974 unde
834 950 887 975 sua*
906 954 1006 976 contra
1026 947 1203 977 adversarios
1228 949 1281 978 tela
1304 946 1456 983 Scepticns
1478 947 1629 983 expromit.
1670 947 1772 975 Faten-

255 998 324 1026 dum
352 1003 416 1031 est,
445 997 520 1024 hanc
541 995 726 1030 Scepticistni
746 997 1027 1034 considerationem,
1056 1000 1148 1028 demta
1173 1000 1362 1036 oppositione
1385 999 1642 1034 Dogmaticorum‚
1670 999 1770 1027 diffici-

253 1048 312 1075 Jcm
338 1055 401 1075 esse
426 1052 454 1074 et
477 1046 649 1082 obscuram
677 1054 744 1074 cum
769 1047 950 1083 Scepticismi
973 1050 1117 1078 character
1142 1049 1250 1086 optime
1276 1049 1434 1086 explicetur
1463 1049 1492 1077 in
1516 1057 1611 1087 pugna
1632 1049 1770 1079 adversus

257 1098 473 1135 ‘Dogmaticos3
502 1103 625 1126 attamen
648 1103 680 1125 ut
700 1097 903 1134 philosophiae
920 1109 1017 1137 egenus
1040 1101 1101 1129 vias
1127 1102 1263 1137 quasdam
1286 1101 1370 1130 habet
1394 1101 1451 1130 s'ibi
1476 1101 1608 1137 proprias
1631 1108 1659 1129 et
1681 1109 1771 1137 pecu-

258 1150 364 1184 liares,
387 1149 495 1185 quibus
515 1151 594 1183 τέλος
620 1158 705 1178 suum
729 1141 939 1188 consequatur;
962 1161 1033 1189 quae
1059 1153 1121 1182 viae
1144 1153 1316 1182 considerari
1340 1158 1484 1188 possunt,
1507 1152 1589 1188 quasi
1608 1147 1779 1189 Dogmatis-⁵
1909 1167 1913 1184 ι

262 1210 327 1231 mus
350 1210 409 1230 non
436 1200 519 1230 adsit.
555 1201 680 1229 >Scilicet
706 1203 736 1230 in
758 1202 903 1232 abstracto
926 1211 969 1232 res
987 1203 1025 1231 ita
1042 1203 1168 1239 >spectari
1191 1209 1310 1239 potest,
1333 1203 1466 1239 quamvis
1492 1211 1588 1231 revera
1610 1199 1672 1245 sine
1694 1204 1775 1240 Dog-

263 1254 398 1283 matismo
428 1253 560 1289 Sceptica
590 1252 815 1289 philosophandi
843 1255 915 1283 ratio
947 1263 1102 1290 numquam
1126 1261 1212 1291 caput
1242 1253 1402 1283 extulisset.
1451 1254 1578 1283 Simulac
1611 1263 1678 1283 vero
1708 1255 1776 1284 Sce-

264 1305 403 1342 pticismo
427 1304 549 1333 hostiles
572 1304 808 1341 Dogmaticorum
828 1307 941 1335 ordines
965 1315 1118 1342 opponas,
1148 1307 1357 1343 Scepticrsmus
1378 1306 1512 1334 certando
1533 1311 1561 1334 et
1581 1306 1649 1335 rixis
1670 1306 1777 1344 alitur,

259 1357 413 1392 omnisque
437 1357 499 1393 ejus
522 1356 666 1391 facultas,
689 1365 762 1392 quae
777 1357 834 1385 sibi
854 1357 949 1386 relicta
971 1357 1135 1393 frangitur,
1157 1358 1186 1385 in
1209 1358 1286 1385 bello
1305 1364 1370 1385 cum
1389 1356 1557 1385 adversariis
1574 1355 1772 1393 convalescit,

262 1409 383 1443 suisque
405 1415 436 1435 se
457 1407 553 1444 copiis
577 1408 712 1443 explicat.
762 1407 825 1436 Nec
848 1409 931 1437 habet
953 1410 1084 1446 Sceptice
1109 1410 1139 1438 in
1165 1403 1525 1445 philosophia''propriam
1551 1409 1711 1446 ditionem,
1739 1410 1781 1439 si-‘

263 1459 360 1487 -mulac
385 1458 419 1486 ab
435 1458 521 1486 omni
547 1466 612 1486 cum
643 1457 844 1494 Dogmatismo
874 1461 1047 1489 commercio
1073 1459 1247 1488 excluditun
1295 1458 1384 1498 Quod
1407 1459 1482 1488 enim
1507 1459 1537 1488 in
1560 1459 1624 1488 aliis
1648 1461 1781 1496 philoso-

265 1509 348 1546 phiae
373 1509 523 1546 generibus
548 1517 605 1536 usu
630 1509 732 1544 venit,
755 1516 788 1538 ut
812 1517 957 1547 systema,
978 1512 1042 1540 sive
1065 1520 1115 1548 per
1136 1520 1166 1540 se
1189 1517 1358 1548 spectetur,
1385 1511 1449 1540 sive
1472 1512 1501 1540 in
1520 1512 1728 1549 conjunctione
1752 1508 1781 1543 et

267 1569 364 1598 pugna
386 1569 451 1590 cum
485 1560 570 1595 aliis,
597 1560 669 1588 idem
703 1568 835 1596 maneat,
864 1571 951 1598 seque
979 1563 1040 1591 sine
1069 1562 1237 1592 adversariis
1261 1562 1324 1591 suis
1347 1562 1530 1591 adminiculis
1559 1563 1720 1600 sustineat,
1750 1564 1781 1593 id

262 1611 294 1644 in
316 1612 508 1647 Scepticismo
535 1620 619 1640 secus
648 1618 706 1641 est.
748 1612 892 1641 Nimirum
921 1613 1149 1650 Scepticismus,
1170 1613 1255 1649 quus
1280 1613 1450 1649 peculiarem
1474 1613 1599 1642 indolem
1622 1614 1674 1643 hac
1699 1614 1728 1643 in
1752 1622 1782 1643 re

267 1670 322 1690 suo
345 1662 454 1690 indicio
477 1668 625 1696 tenemus,
652 1663 680 1690 -si
715 1663 744 1692 iu
774 1665 928 1692 certamine
953 1671 1122 1700 spectetur,
1150 1671 1178 1693 et
1201 1664 1386 1693 contentione
1410 1664 1625 1701 Dogmatismi,
1655 1665 1725 1694 viret
1749 1662 1785 1694 ac*

271 1713 372 1749 viget,
391 1713 417 1741 si
442 1714 561 1742 adversa
587 1714 661 1742 acics
688 1715 844 1751 cogitando
867 1715 1029 1751 auferatur,
1052 1724 1110 1746 non
1135 1716 1261 1752 amplius
1285 1724 1357 1745 suus
1381 1723 1442 1752 est,
1464 1723 1491 1745 et
1513 1715 1573 1745 fere
1590 1718 1743 1746 evanescit.
1777 1708 1781 1710 ,

309 1764 554 1802 Quemadmodum
575 1774 646 1794 -vero
672 1766 737 1802 ipse
758 1766 985 1802 Scepticismus‚
1008 1767 1047 1796 ita
1071 1774 1098 1796 et
1124 1768 1232 1804 τρόποι,
1259 1767 1409 1802 bifariam3
1436 1774 1468 1796 ut
1493 1768 1636 1802 vidimus,
1658 1774 1786 1804 possunt

273 1815 409 1851 spectari.
457 1815 525 1853 Qua
558 1816 669 1845 ratione
693 1817 880 1852 antiquorum
906 1820 1054 1848 modorum
1079 1826 1106 1848 et
1128 1820 1317 1848 recentiorum
1339 1820 1490 1849 discrimen
1513 1819 1656 1855 quoddam
1684 1819 1783 1848 obser·

276 1875 370 1895 vatur.
417 1868 663 1903 Argumentantur
694 1869 768 1897 enim
801 1870 953 1906 Pyrrhonii
982 1871 1085 1907 primis
1115 1871 1173 1898 illis
1208 1871 1303 1900 decem
1337 1870 1430 1899 modis
1462 1870 1614 1906 praecipue
1633 1878 1666 1899 ex
1692 1879 1784 1900 rerum

268 1918 403 1955 apsarum
427 1919 537 1948 diversa
568 1926 686 1956 natura,
717 1928 789 1956 quae
810 1927 894 1958 cogat
919 1930 1067 1954 assensum
1096 1923 1253 1953 cohibere:
1281 1922 1488 1953 recentioribus
1512 1929 1624 1959 autem,
1653 1921 1748 1952 minus
1772 1930 1790 1952 ι

1743 1980 1792 2009 {es

1905 1420 1913 1527 m
1904 1258 1913 1403 »κα-μμ...
1905 1193 1913 1252 Ἁ-

300 2035 357 2065 (ι)
381 2037 397 2061 ι.
417 2035 507 2065 usu.
675 2039 727 2068 (ε)
751 2040 768 2061 ι.
785 2040 808 2063 ιι.
