1913 2417
667 179 1052 215 ORATIO·
1557 183 1598 224 2¹9

128 278 216 324 ‘apud
242 279 397 322 sapientes
429 277 546 321 pariter
579 282 674 319 atque
706 275 853 307 indoctos
884 278 1032 307 omnium
1069 281 1272 317 temporum,
1294 274 1382 306 testis
1410 279 1457 306 est
1485 274 1599 317 ingens

124 337 177 368 ille
207 336 395 379 applausus,
425 345 522 377 quem
553 332 640 376 apud
673 333 822 375 antiquos
849 332 988 375 populos
1021 331 1170 362 cultiores
1196 331 1389 362 invenerunt
1414 332 1598 374 praesertIm

123 396 311 430 Romanos,
348 401 487 434 quorum
519 390 639 421 theatra
669 389 911 427 consonabant,
942 389 1067 431 quoties
1101 387 1206 430 aliqua
1240 388 1323 418 dicta
1357 394 1486 425 essent,
1517 399 1599 430 quae

125 448 253 492 publice
279 452 547 490 agnoscerentur,
572 446 693 489 quibus
717 447 814 476 animi
849 445 948 477 veluti
977 445 1109 476 totidem
1137 443 1327 475 fulminibus
1358 443 1544 479 ferirentur,
1567 451 1599 475 et:
1644 457 1647 459 ’

125 504 166 535 ad
192 503 424 535 confessionem
457 503 597 534 veritatis
621 503 841 546 potentissime
870 508 1078 545 cogerentur3
1103 507 1196 532 testes
1219 500 1405 543 philosophi
1431 508 1463 532 et
1495 507 1600 532 orato·

125 571 195 598 res,
218 561 275 602 qui
302 571 354 591 eas
380 560 620 591 recitationibus
636 583 644 598 ‚
667 559 951 591 declamationibus
977 565 1007 589 et
1034 558 1160 600 scriptis
1187 558 1255 587 suis
1282 557 1373 588 avide
1398 564 1429 589 et
1455 558 1597 589 certatim

124 617 340 649 inseruerunt.
384 617 460 647 Dies
486 627 537 647 me
561 615 726 653 deficeret,
751 617 799 653 si,
822 622 941 658 quanta
972 616 1012 646 sit
1034 614 1194 656 ejusmodi
1221 615 1449 645 sententiarum
1478 616 1511 644 in
1537 615 1600 646 Co·

123 671 194 703 dice
214 683 304 703 sacro
329 679 527 715 repertarum
554 672 744 710 multitudo,
773 672 874 702 allatis
901 671 1054 713 exemplis
1086 671 1249 712 copiosius
1273 670 1430 700 declarare
1460 670 1598 703 vellem:

126 730 202 759 satis
225 735 292 766 est,
320 740 388 759 rem
419 729 571 759 omnibus
598 735 706 759 notam
735 729 768 758 in
798 731 983 758 memoriam
1017 727 1221 757 revocavisse.
1274 727 1380 756 Unum
1406 726 1458 757 hic
1487 738 1598 758 mone-

96 775 99 779 Α
124 796 177 824 re,
199 786 242 816 ex'
259 796 292 815 re
312 795 380 815 mea
401 784 527 826 judico:
552 784 639 815 aliud
662 795 743 821 esse,
770 784 841 814 talia
869 784 1009 822 lumina,
1032 789 1195 825 tamquam
1215 792 1298 812 nova
1322 781 1440 819 sidera,
1464 782 1599 814 detexis-

126 852 160 873 se
186 848 218 872 et
243 842 384 883 primum
414 840 583 883 spectanda
606 840 811 879 exhibuisse,
834 840 920 871 aliud
950 840 1071 871 detecta
1100 845 1132 870 et
1154 839 1294 870 exhibita
1322 838 1598 878 animadvertisse,

123 896 212 929 aliud
238 897 395 940 denique,
426 892 532 939 qualia
556 903 588 927 et
612 904 731 940 quauta
755 897 819 928 sint
835 919 846 935 ‚
879 896 1000 939 judicio
1027 903 1058 927 et
1089 906 1184 927 sensu
1220 895 1405 938 planissime
1432 899 1603 938 cognovis-

126 965 170 986 se.
213 957 353 996 Propero
373 953 412 984 ad
434 953 487 993 id,
512 953 601 995 quod
623 954 715 984 tertio
741 954 812 986 loco
839 964 1018 996 posueram.

165 1011 302 1042 Ubertas
323 1017 356 1042 et
382 1011 515 1042 varietas
539 1011 572 1040 in
601 1009 699 1041 modo
731 1009 897 1049 tradendi,
928 1010 1001 1041 licet
1029 1020 1144 1052 magna
1174 1010 1209 1040 in
1242 1019 1441 1051 unoquoque
1469 1008 1600 1041 doctore

129 1068 231 1099 virtus
255 1067 430 1106 habeatur,
451 1077 508 1098 sua
537 1073 644 1098 tamen
668 1066 852 1098 efficacitate
877 1067 1050 1096 maximam
1075 1073 1196 1108 partem
1222 1065 1356 1103 carebit,
1378 1065 1406 1095 si
1429 1066 1600 1106 conjuncta

128 1125 171 1155 sit
201 1134 276 1155 cum
306 1123 498 1154 obscuritate
533 1129 565 1154 et
600 1123 829 1166 perplexitate,
865 1122 1060 1165 lectoresque
1094 1128 1149 1152 aut
1187 1122 1348 1153 auditores
1379 1122 1414 1152 in
1446 1122 1601 1154 maximas

127 1180 232 1212 trahat
253 1179 474 1218 difficultates,
496 1181 530 1210 in
550 1179 668 1222 quibus
685 1179 849 1210 haerentes
870 1190 999 1210 omnem
1027 1189 1117 1221 spem
1141 1177 1331 1221 expediendi
1353 1188 1420 1209 sese
1440 1184 1472 1208 et
1496 1189 1600 1210 emer·

123 1236 223 1281 gendi
255 1235 416 1278 abjiciant.
459 1235 536 1277 Jure
560 1238 658 1278 igitur
681 1235 881 1277 postulamus
913 1246 931 1266 a
960 1237 1110 1276 magistra
1136 1237 1244 1277 generi
1270 1234 1416 1265 humano
1443 1234 1600 1268 destinata

124 1293 214 1326 illam
238 1295 272 1324 in
293 1292 439 1323 docendo
467 1294 639 1331 virtutem,
675 1303 772 1335 quam
803 1291 1085 1334 intelligentissimi
1113 1293 1236 1334 quique
1270 1290 1386 1321 harum
1417 1301 1524 1322 rerum
1548 1302 1598 1322 ar.

123 1348 200 1381 bitri
217 1359 376 1380 summam
402 1348 529 1380 dicendi
560 1347 787 1391 scribendique
810 1347 913 1390 legem
936 1348 1179 1384 existimarunt,
1203 1354 1235 1378 et
1255 1347 1318 1378 nisi
1335 1347 1528 1388 iniquissimi
1547 1349 1600 1389 ju.

125 1404 211 1438 dices
229 1405 347 1444 simus,
367 1405 454 1448 apud
481 1416 551 1446 eam
576 1405 710 1437 minime
740 1404 857 1437 frustra
882 1414 1066 1449 queremus.
1112 1401 1396 1446 Deprehendemus
1422 1413 1531 1435 revera

211 1516 455 1550 Admirabilem
491 1520 525 1551 in
558 1519 706 1551 docendo
728 1520 990 1562 perspicuitatem
1021 1529 1093 1549 cum
1127 1517 1251 1558 nativa]
1268 1515 1490 1559 simplicilale‚
1513 1528 1599 1560 qaae

279 1574 404 1605 virtutes
428 1575 493 1616 cy‘us
510 1578 636 1617 parher
659 1579 704 1607 ita
728 1576 917 1617 conjunctae
943 1582 1029 1614 sunt,
1053 1580 1088 1605 ut
1112 1574 1207 1605 velati
1233 1574 1268 1605 in
1291 1584 1391 1605 unam
1410 1574 1598 1608 coalescant.

124 1697 190 1731 qua
213 1686 344 1732 quidem
372 1698 406 1719 re
429 1688 463 1719 id
488 1688 642 1729 efficitur,
665 1695 702 1720 ut
725 1699 803 1721 usus
830 1689 898 1731 ejus
928 1699 1026 1731 quam
1057 1687 1208 1719 latissime
1232 1692 1336 1729 pateat
1358 1693 1389 1718 et
1413 1687 1597 1721 divinarum

125 1755 232 1777 rerum
259 1745 404 1786 cognitio
428 1745 462 1775 in
488 1756 619 1777 omnem
646 1746 805 1789 populum
834 1745 1044 1777 diffundatur.

168 1801 257 1831 Hanc
279 1801 536 1843 perspicuitatem
561 1813 598 1833 ac
618 1801 852 1844 simplicitatem
880 1802 907 1832 si
935 1801 1087 1832 omnibus
1114 1812 1151 1833 ac
1173 1791 1309 1844 singulis
1339 1800 1430 1834 libris
1460 1808 1491 1833 et
1517 1802 1598 1836 locis

125 1857 157 1888 S.
176 1858 206 1888 S.
230 1857 298 1899 pari
323 1863 446 1888 ratione
474 1868 611 1889 asserere
640 1858 775 1894 vellem,
810 1864 927 1889 temere
961 1856 1103 1901 profecto
1136 1864 1168 1889 et
1194 1857 1426 1890 inconsiderate
1451 1869 1596 1902 agerem3

125 1923 200 1944 nam
225 1913 339 1955 ingens
363 1917 528 1956 negotium
560 1915 593 1945 in
618 1925 651 1945 se
676 1918 870 1958 susceperit,
901 1916 959 1958 qui
987 1926 1116 1946 omnem
1148 1914 1374 1947 obscuritatem
1399 1922 1430 1947 et
1458 1915 1597 1948 difficul-

128 1975 223 2001 tatem
255 1970 295 2000 ab
319 1980 356 2001 ea
386 1981 419 2002 se
448 1970 638 2014 dispellere,
664 1982 700 2003 ac
725 1982 890 2004 removere
913 1982 1005 2015 posse
1035 1973 1227 2016 promiserit.
1273 1973 1433 2005 Reclamat
1464 1973 1596 2005 historia

902 2029 931 2060 D
955 2040 972 2071 3
1546 2039 1599 2063 ece
