1913 2417
239 174 618 207 COMMENTATIO
646 182 697 204 AD
727 172 1087 214 QUAESTIONEM
1109 173 1390 214 JURID‘ICAM.
1539 185 1578 219 13

58 260 260 294 sollicitudine
280 261 387 290 ductus
409 260 568 295 videretur;
592 266 683 294 quum
707 258 749 288 sic
767 257 930 287 facultatem
954 259 1009 288 sibi
1027 264 1168 296 arrogaret
1194 259 1252 287 soli
1274 259 1456 288 Procuratori
1476 258 1571 296 Regio

56 319 281 351 competentem„
319 312 382 340 Imo
400 312 456 340 hoc
479 319 562 347 quam
585 309 705 338 maxime
736 310 892 346 proposito
915 311 1088 347 legislatoris
1120 311 1295 340 contrarium
1319 310 1414 346 foret,
1447 317 1474 339 et
1500 319 1570 348 pru·

55 366 185 401 dentiae,
205 373 261 400 qua
287 364 338 392 hac
362 363 390 392 in
414 371 444 391 re
465 370 536 391 usus
556 367 620 397 est,
641 367 668 390 et
694 360 742 389 cui
762 369 940 397 consequens
967 362 1099 398 videtur,
1129 369 1227 390 omnes
1252 362 1478 390 necessitudines
1502 362 1563 390 Ab-

52 424 161 448 sentem
189 417 261 444 inter
288 421 315 443 et
341 414 513 450 superstites
548 412 729 448 sub⁵istere3
759 413 887 448 adeoque
912 421 1003 448 neque
1037 413 1176 451 conjugi,
1207 421 1300 449 neque
1331 414 1429 442 liberis
1464 413 1569 450 licere,

55 475 87 496 ut
110 467 249 504 judicium
277 465 371 494 ferant
387 466 421 494 de
437 464 567 498 ratione,
595 472 651 499 qua
673 464 817 493 absentem
842 464 916 493 bona
939 464 1134 493 administrare
1159 465 1261 500 libuit,
1282 473 1370 501 seque
1394 465 1431 493 iis
1457 465 1570 494 immis-

53 525 155 554 ceant,
185 526 245 547 non
268 525 352 546 secus
383 525 414 545 ac
441 517 464 545 si
490 523 584 544 revera
608 516 738 550 adesset,
759 521 786 544 et
811 515 886 544 bona
911 522 1018 552 regeret
1037 516 1147 552 absque
1174 517 1232 544 ulla
1255 517 1425 545 necessitate
1448 516 1567 553 conjugi

52 576 101 599 aut
127 569 224 598 liberis
257 569 416 605 quicquam
444 567 608 604 detegendi.
650 567 788 596 Creditur
814 567 889 596 enim
918 568 1033 596 Absens
1068 567 1210 597 bonorum
1240 567 1480 597 administrationi
1508 575 1568 597 non

51 621 202 650 consulere
225 620 380 654 maluisse,
413 627 497 654 quam
528 617 650 654 aliquem
678 618 873 654 constituere,
904 619 954 654 qui
989 626 1095 647 arcana
1119 627 1172 647 sua
1202 626 1414 655 perscrutetur:
1444 627 1567 648 attamen

53 680 117 701 curn
143 677 170 700 et
195 671 254 700 sieri
276 670 389 706 possit,
417 677 450 698 ut
475 670 591 698 Absens
624 669 735 698 invitus
760 670 853 698 reditu
884 669 1098 706 prohibeatur,
1121 676 1149 698 et
1180 671 1337 706 quidquam
1362 679 1413 699 nec
1436 669 1574 706 opinanti·

52 723 205 758 acciderit,
235 730 294 758 quo
316 722 452 750 damnum
481 720 683 757 gravissimum
709 721 738 750 in
760 721 854 757 ipsum
881 721 1069 755 redundaret,
1096 720 1125 748 ni
1147 721 1233 750 bonis
1258 723 1365 751 relictis
1391 719 1570 757 prospicere-

51 781 118 809 tur,
146 773 299 809 prudenter
322 772 516 801 constitutum
541 778 602 806 est,
630 772 847 801 Procuratorem
871 773 900 801 vi
926 771 1051 800 muneris
1081 772 1221 808 publici,.
1243 779 1271 800 et
1294 773 1346 801 hac
1367 773 1398 801 in
1420 780 1449 800 re
1472 772 1566 808 ipsam

52 825 180 854 civitatis
205 831 356 860 personam
384 828 532 859 agentem,
562 823 764 852 consulturum
786 824 846 859 iis,
873 823 924 859 qui
946 822 1003 851 sibi
1026 831 1085 851 non
1113 823 1278 859 prospicere
1302 830 1440 860 possunt.
1488 825 1572 854 Cum*

52 881 144 905 autem
168 883 202 903 eo
226 873 408 903 Absentibus
432 873 502 902 satis
521 880 638 902 cautum
657 874 715 910 sit,
743 882 864 909 omnes,
885 874 942 902 nisi
961 873 990 902 id
1015 879 1125 910 agant,
1151 881 1183 902 ut
1206 875 1271 912 jura
1296 883 1347 904 sua
1377 881 1477 904 contra
1506 876 1567 904 Ab·

51 933 158 957 sentem
187 926 264 954 salva
286 925 442 960 retineant,
472 933 487 953 a
516 925 616 960 quavis
641 925 781 961 petitione
806 925 908 954 melius
929 924 1129 959 abstinerent,
1157 933 1229 960 quae
1251 926 1305 954 sub
1329 927 1444 962 pietatis
1466 926 1577 955 colore·

51 977 220 1015 plerumque
241 984 275 1004 eo
293 975 402 1011 tendit,
424 981 457 1004 ut
471 981 564 1004 status
589 975 728 1005 Absentis
745 976 816 1013 ipsis
838 977 1012 1006 innotescat.
1053 976 1200 1014 Quamdiu
1216 977 1306 1014 igitur
1330 978 1397 1006 haec
1421 978 1563 1007 Absentis

48 1033 210 1065 praesumta
233 1028 371 1056 voluntas
394 1026 553 1055 consistere
578 1033 606 1055 et
631 1027 737 1056 servari
758 1028 855 1063 possit
881 1027 989 1062 absque
1010 1026 1180 1056 detrimento
1205 1036 1324 1064 eorum,
1348 1029 1455 1064 quibus
1473 1030 1566 1059 diver-

47 1086 78 1107 sa
94 1086 162 1108 cum
190 1077 320 1106 Absente
340 1077 491 1106 commoda
516 1077 719 1113 intercedunt,
744 1078 860 1116 cognati
884 1085 911 1107 et
931 1077 1015 1106 amici
1036 1077 1105 1106 huic
1127 1078 1331 1115 acquiescant,
1360 1088 1452 1116 neque
1477 1082 1572 1111 nimis

44 1129 128 1158 anxie
149 1127 314 1164 inquirant,
334 1135 371 1157 an
394 1128 419 1156 ei
442 1128 586 1156 conducat
610 1128 760 1164 pecuniam
785 1128 899 1158 foenori
929 1129 1097 1165 collocari,
1120 1136 1170 1158 aut
1197 1129 1274 1159 aliud
1303 1131 1372 1167 quid
1404 1132 1478 1161 lucri
1499 1133 1561 1164 fieri

47 1188 64 1209 e
85 1186 115 1209 re
136 1179 289 1214 absentis,
309 1187 398 1215 quum
424 1179 487 1216 ipse
511 1179 642 1208 credatur
665 1188 750 1209 omne
782 1180 895 1209 lucrum
922 1185 950 1208 et
977 1180 1200 1208 emolumentum
1227 1182 1433 1218 postposuisse
1453 1186 1563 1216 securi-

47 1231 101 1259 tati
122 1237 150 1259 et
171 1230 335 1266 integritati
349 1230 538 1267 patrimonii,
569 1239 605 1259 ne
627 1231 714 1268 huJ'us
739 1231 864 1260 rationes
886 1230 997 1260 curiosi
1020 1237 1287 1267 perscrutarentur:
1318 1233 1415 1270 iisque
1442 1236 1570 1267 sufficiat>

47 1289 104 1311 rem
128 1281 230 1310 deferri
252 1289 340 1317 posse
359 1281 394 1310 ad
415 1281 563 1317 pubiicum
587 1281 760 1310 Absentium
778 1282 960 1312 defensorem
983 1290 1016 1312 ac
1039 1288 1184 1317 tutorem,
1205 1290 1233 1312 et
1259 1283 1398 1314 hactenus
1421 1295 1452 1316 se
1468 1288 1564 1318 officio

45 1332 198 1370 paruisse,
228 1339 287 1367 ne,
313 1330 337 1359 si
363 1331 438 1360 forte
467 1341 511 1361 res
535 1332 631 1361 adsint
653 1341 725 1368 quae
747 1341 806 1362 non
838 1334 945 1363 utendo
968 1340 1239 1370 corrumperentur,
1266 1341 1316 1364 aut
1342 1336 1425 1373 jura,
1454 1340 1563 1374 quibus

45 1382 304 1420 praescriberetur,
331 1381 505 1412 Procurator
527 1383 638 1420 Regius
666 1384 754 1422 hujus
779 1384 818 1413 rei
843 1384 961 1422 ignarus
985 1390 1116 1420 maneat,
1141 1385 1192 1414 sed
1222 1392 1319 1415 utatur
1347 1386 1483 1418 facultate
1503 1390 1562 1427 ipsi

48 1439 157 1463 tantum
180 1440 338 1468 concessa,
359 1439 387 1462 et
410 1434 569 1463 Absentem
596 1444 651 1472 qua
670 1435 767 1471 possit
790 1443 845 1471 ope
869 1441 981 1465 tueatur
1002 1436 1106 1474 (ιο),

84 1485 201 1520 Duplex
223 1484 312 1520 igitur
338 1485 521 1514 commodum
539 1486 720 1520 adtenditur,
741 1492 769 1514 et
789 1486 947 1523 Absentis,
970 1493 997 1515 et
1019 1494 1116 1515 eorum
1140 1487 1191 1523 qui
1213 1488 1311 1523 aliquo
1324 1489 1389 1525 jure
1410 1499 1476 1521 cum
1502 1495 1563 1523 Ab.

45 1542 124 1565 sente
149 1534 268 1570 experiri
290 1542 428 1570 possunt.
470 1536 548 1565 Illud
579 1536 716 1572 prosequi
738 1545 823 1566 nemo
849 1543 965 1573 potest,
998 1537 1055 1565 nisi
1079 1537 1128 1565 cui
1154 1538 1279 1573 legitime
1304 1539 1360 1568 hoc
1382 1550 1486 1572 munus
1512 1546 1563 1574 de-

44 1586 206 1616 mandatum
232 1591 297 1621 est,
318 1585 375 1614 hoc
405 1594 473 1615 vero
500 1587 605 1623 cuique
629 1588 695 1615 licet
717 1587 849 1623 privato,
870 1588 977 1625 jurIum
1005 1596 1124 1617 suorum
1151 1588 1258 1617 vindici
1283 1589 1422 1626 legitimo.
1463 1595 1562 1632 Atque

41 1636 110 1666 hinc
135 1636 250 1672 quidem
272 1642 338 1664 tuto
358 1636 493 1665 concludi
523 1645 611 1673 posse
636 1636 768 1673 videtur,
793 1646 895 1667 ornnes
923 1639 973 1674 qui
995 1639 1030 1667 ab
1056 1639 1184 1668 Absente
1205 1640 1273 1674 quid
1295 1640 1405 1677 exigere
1425 1646 1561 1683 possint,

2 1710 3 1714 ,
45 1693 93 1716 aut
117 1686 230 1724 legibus
251 1694 315 1714 curn
334 1694 366 1715 eo
393 1687 535 1723 experiri,
557 1686 698 1717 Tribunal
723 1689 799 1717 adire
823 1697 930 1725 posse,
952 1698 987 1718 ne
1011 1697 1130 1726 propter
1155 1690 1322 1719 Absentiam
1348 1693 1464 1724 alterius
1488 1700 1559 1733 quid

2 1734 5 1769 ᾗ
46 1737 205 1769 detrimenti
226 1737 359 1774 capiant,
381 1738 496 1775 hosque
517 1739 596 1769 solos
612 1739 690 1768 dici:
718 1739 759 1768 les
772 1743 890 1779 parties
913 1743 1097 1776 ἐπιόν-Μία,
1119 1742 1189 1770 adeo
1213 1748 1245 1770 ut
1267 1742 1311 1771 his
1330 1750 1438 1774 tantum
1455 1748 1558 1783 petitio

1490 1808 1560 1830 con-

70 1876 140 1906 (ιο)
159 1876 221 1899 Bona
239 1877 361 1905 ponentis,
381 1880 480 1901 nondum
500 1879 561 1901 finita
582 1880 623 1901 hac
647 1880 756 1907 periodo,
779 1886 858 1903 revera
876 1881 959 1904 intacta
980 1887 1085 1908 manere,
1108 1882 1150 1904 nisi
1167 1887 1247 1909 urgens
1271 1884 1392 1907 necessitas
1420 1889 1480 1911 allud
1505 1897 1558 1914 sna-

45 1918 110 1945 Cen,
124 1917 183 1940 inter
197 1917 238 1939 alia
257 1924 346 1945 quoque
360 1924 453 1947 appare!
473 1926 485 1941 e
505 1919 581 1943 verbis
601 1922 645 1943 viri
665 1923 733 1948 ampl.
750 1922 885 1949 Dqfiwmn,
909 1922 948 1950 qui
969 1923 991 1945 in
1010 1925 1153 1947 consistorio
1169 1923 1291 1951 Principis,
1309 1931 1413 1949 sermone
1433 1935 1513 1952 exorto
1528 1933 1557 1954 de

8 1961 9 1972 ¹
44 1954 140 1986 ,enode
159 1959 201 1980 hnc
221 1959 292 1985 prima
313 1966 358 1981 non
377 1960 442 1982 nimis
463 1963 622 1989 extendenda,
643 1961 698 1984 iilud
720 1963 783 1984 affert
804 1964 972 1990 argumentum,
997 1967 1056 1992 quud
1084 1965 1134 1988 scil,
1156 1966 1241 1988 absenti
1269 1972 1315 1989 non
1334 1970 1473 1992 conduceret
1496 1973 1555 1995 hona

43 1998 92 2025 eiu
112 2000 195 2023 tamdiu
217 1999 323 2023 derelicta
342 2007 366 2023 et
387 2001 468 2025 inruet·
486 2002 571 2028 iacere.
601 2003 654 2026 Vid.
673 2003 822 2032 Conferencu,
843 2006 909 2028 Tem.
924 2006 941 2029 1.
965 2012 987 2033 p.
1003 2008 1051 2034 296.
