1913 2417
319 183 341 213 6
732 162 1379 219 c.u.Er.EnsBAc1i,

322 281 434 318 potest.
472 276 521 305 Ex
543 280 623 317 quot
647 273 736 304 enim
764 271 898 314 singuiis
922 272 1061 303 scientiis
1078 271 1250 314 ‘theologia
1273 278 1320 304 est
1340 272 1431 314 quasi
1454 272 1653 316 composita?
1688 274 1790 314 Quot·

321 342 384 374 que
409 342 515 362 rerum
546 342 583 361 ex
613 330 683 360 aliis
716 328 894 370 disciplinis
921 328 1090 371 petitarum
1113 328 1288 371 requiritur
1314 329 1474 371 cognitio,
1496 335 1531 359 ut
1562 329 1610 359 iiii
1632 340 1671 360 ex
1699 330 1792 361 omui

322 394 410 430 parte
432 387 546 430 aliquis
571 385 755 423 satisfaciat,
787 395 822 414 ac
849 395 969 415 nomen
993 384 1078 416 docti
1109 384 1264 427 Theologi
1292 396 1400 416 revera
1429 384 1491 416 sibi
1524 385 1684 416 vindicet?
1730 385 1792 418 Hic

322 445 407 475 enim
437 453 616 474 sermonem
644 452 712 473 non
738 451 805 472 esse
831 440 870 471 de
895 440 1041 484 quolibet
1064 440 1197 472 homine
1215 463 1224 478 ,
1246 441 1303 483 qui
1324 451 1441 472 nomen
1469 440 1547 472 illud
1570 442 1670 484 gerit,
1694 452 1790 484 spon·

323 507 352 531 te
381 499 578 539 intelligitur.
624 501 724 538 Sunt,
746 498 803 541 qui
827 508 941 541 paucas
965 503 1089 529 tantum
1116 503 1220 539 guttas
1252 507 1292 527 ex
1323 496 1411 528 fonte
1439 497 1616 528 hauserunt
1642 498 1792 528 scientiae

321 555 547 597 'theologicam
578 562 653 585 sunt
685 566 766 598 quos
792 564 959 597 nunquam
988 564 1093 584 rerum
1130 552 1311 583 divinarum
1342 554 1444 595 tetigit
1469 554 1558 592 sitis;
1588 559 1682 591 sunt,
1711 555 1788 595 qui,

322 612 465 643 contenti
492 611 617 653 paucis,
639 621 695 650 eo,
720 610 807 654 quod
825 616 933 641 tenent
948 610 1058 648 facite,
1089 609 1306 652 acquiescunt.
1351 609 1544 651 Quicunque
1568 616 1674 640 autem
1697 610 1732 640 in
1753 609 1792 640 it.

319 668 350 699 la
375 667 510 698 multum
531 665 680 709 profecit,
703 668 732 698 ei
753 673 836 698 certe
852 666 1042 708 Theologiae
1067 665 1206 696 ambitus
1225 665 1319 707 longe
1343 666 1500 695 maximus
1519 665 1664 695 videatur
1687 676 1785 708 opor*-

322 731 385 762 tet3
408 724 528 767 quippe
561 734 659 766 quae,
682 730 718 754 ut
747 724 812 766 jam
837 723 921 761 dixi,
951 729 1015 753 tam
1037 729 1123 753 arcto
1148 721 1281 753 vinculo
1304 732 1384 752 nexa
1408 727 1455 752 est
1481 727 1528 752 tot
1555 721 1624 751 aliis
1650 721 1792 764 discipli·

322 781 390 817 nis,
414 790 551 821 quarum
587 790 796 823 unaquaeque
822 785 854 810 et
880 781 948 821 ipsa
973 778 1138 809 infinitum
1167 777 1262 809 habet
1286 787 1459 808 numerum
1489 777 1719 809 membrorum.

366 838 442 868 Eam
484 835 623 878 denique
654 842 782 879 propter
814 836 1002 878 primarium
1039 845 1135 865 suum
1171 839 1413 877 argumentum,
1447 843 1562 875 nempe
1593 835 1715 871 Deum,
1755 835 1803 867 in.

323 891 598 934 aliasdisciplinas
621 899 716 935 atque
737 899 818 923 artes
835 901 983 933 magnam
1007 891 1073 921 vim
1093 901 1251 926 exserere,
1274 889 1469 932 quandoque
1499 888 1579 920 adeo
1606 889 1786 927 dominari,

325 960 390 980 non
427 954 473 979 est
507 948 594 991 quod
629 960 789 991 negemus.
841 947 984 979 Profecto
1021 949 1055 978 iu
1087 947 1229 990 reguntla
1264 947 1410 978 societate
1439 945 1525 977 civili
1551 956 1586 976 ac
1613 945 1786 977 domestica

323 1005 454 1036 maximi
474 1011 521 1035 est
550 1007 723 1043 momenti3
748 1006 781 1035 in
809 1010 875 1035 arte
898 1004 1024 1035 Medica
1051 1005 1309 1035 materiatis-mum
1339 1002 1509 1045 prohibett,
1534 1001 1709 1033 muitarum
1740 1013 1793 1040 ar-

325 1062 405 1092 tium
431 1061 540 1092 nutrix
562 1061 703 1098 exstitit;
726 1061 908 1103 phantasiae
943 1061 1092 1091 comitem
1119 1070 1185 1090 sese
1201 1059 1363 1101 praebuit;
1384 1060 1524 1089 Musicae
1549 1058 1636 1089 dedit
1663 1058 1792 1089 harmo-

324 1119 411 1156 nias3
442 1117 623 1149 humanum
655 1118 799 1148 animum
831 1117 870 1147 ad
900 1117 1011 1148 altiora
1042 1117 1162 1155 evexit3
1196 1115 1284 1158 quod
1318 1116 1353 1145 iu
1386 1114 1517 1145 homine
1552 1113 1700 1146 divinum
1730 1119 1793 1154 est,

325 1175 415 1218 quasi
439 1173 703 1217 conspiciendum
725 1173 889 1211 exhibuit,
912 1173 1006 1216 eique
1031 1182 1105 1203 cum
1130 1171 1163 1204 in
1189 1170 1409 1214 investiganda
1434 1172 1583 1209 veritate,
1613 1177 1683 1203 tum
1702 1181 1794 1214 prae!

327 1231 439 1262 sertim
469 1230 504 1261 in
530 1230 726 1262 instituenda
745 1230 827 1260 vitae
851 1230 991 1267 ratione,
1015 1229 1082 1260 dux
1106 1228 1166 1259 fuit
1187 1228 1381 1269 fidelissima.

369 1289 458 1327 Quae
489 1297 563 1317 cum
597 1287 639 1317 ita
672 1288 759 1324 sint,
791 1286 962 1318 Auditores
987 1283 1245 1316 Honoratissimi!
1279 1295 1405 1316 mecum
1432 1284 1589 1321 sentietis,
1613 1293 1711 1326 quam
1737 1293 1795 1316 ne·

325 1354 410 1374 cesse
434 1344 492 1382 sit,
515 1354 580 1386 quo
605 1343 815 1374 fundamento
838 1342 914 1373 haec
940 1341 1070 1372 scientia
1097 1342 1235 1378 nitatur,
1267 1351 1285 1371 a
1316 1339 1436 1383 quibus
1465 1340 1632 1383 principiis
1657 1339 1795 1371 ducatui.-

323 1407 355 1435 et
377 1400 556 1437 derivetur,
579 1399 698 1441 quibus
719 1399 821 1430 modis
841 1398 1009 1441 adjuvetur
1034 1408 1069 1428 ac
1088 1403 1333 1440 promoveatur,
1357 1397 1558 1439 investigare.
1604 1395 1690 1428 Haec
1705 1395 1794 1427 enim

328 1456 528 1498 ignorantes,
561 1466 698 1498 aequum
727 1455 767 1486 de
791 1466 826 1486 ea
850 1455 1006 1497 judicium
1029 1452 1128 1490 serre,
1152 1459 1202 1492 et,
1231 1453 1343 1495 quanti
1369 1453 1463 1495 pretii
1487 1453 1546 1493 sit,
1569 1458 1714 1483 accurate
1742 1452 1790 1482 iu-

326 1511 448 1548 dicare,
471 1512 606 1554 ejusque
623 1511 947 1543 accommodationem
970 1510 1206 1548 demonstrare,
1229 1515 1260 1540 et
1282 1508 1452 1540 commode
1471 1519 1541 1539 eam
1569 1514 1720 1545 tractare,
1741 1506 1794 1538 vel

328 1569 361 1598 iu
393 1568 592 1610 Theoiogicis
629 1570 747 1598 nostris
770 1566 1068 1610 investigationibus
1093 1571 1204 1603 caute,
1242 1565 1469 1607 circumspecte
1495 1563 1656 1606 simulque
1682 1562 1794 1594 alacri·

328 1630 374 1654 ter
401 1623 547 1666 progredi
577 1635 642 1655 non
669 1634 850 1666 possumus.
899 1623 936 1654 In
961 1622 1015 1653 tali
1037 1625 1124 1654 enim
1150 1622 1298 1660 scientia,
1330 1631 1433 1663 quae,
1459 1627 1536 1652 teste
1567 1619 1715 1658 historia,
1747 1624 1796 1651 tot

329 1679 562 1711 vicissitudines
590 1687 637 1710 est
657 1687 802 1723 experta,
826 1686 872 1710 tot
897 1686 927 1710 et
952 1686 1015 1709 tam
1042 1679 1134 1710 variis
1161 1678 1370 1721 opinionibus
1394 1677 1682 1718 diversissimisque
1705 1685 1794 1706 com-

330 1738 444 1767 mentis
472 1737 650 1778 exagitata;
680 1737 772 1777 cujus
798 1735 920 1777 objecta
955 1746 1069 1766 sensus
1103 1735 1255 1777 sugiunt3
1286 1745 1367 1778 quae
1405 1734 1438 1765 in
1473 1733 1568 1765 rebus
1600 1731 1796 1774 gravissimis

330 1799 394 1823 tota
422 1800 616 1835 occupatur,
647 1802 783 1834 suasque
811 1792 950 1834 origines
983 1802 1000 1822 a
1032 1791 1122 1822 coelo
1153 1791 1293 1829 dexivat3
1317 1808 1361 1815 —
1391 1791 1424 1821 in
1454 1791 1511 1821 hac
1538 1787 1635 1831 igitur
1662 1788 1794 1818 scientia

330 1850 494 1891 permagni
521 1849 669 1886 interest,
703 1855 846 1880 accurate
873 1858 1082 1891 cognoscere,
1107 1858 1174 1890 quo
1203 1846 1414 1879 fundamento
1443 1848 1586 1884 nitatur,
1619 1850 1652 1876 ut
1682 1843 1793 1875 eadem

329 1911 360 1935 et
393 1905 493 1946 plui-is
518 1907 700 1936 aestimetur
721 1912 752 1936 et
779 1905 883 1947 aptius
912 1911 1071 1936 tractetur.

377 1963 463 2004 largo
487 1962 514 1992 si
538 1965 738 2005 quaerimus,
759 1971 902 2006 quonam
919 1960 1015 1992 firmo
1035 1959 1244 1992 fundamento
1263 1958 1435 2002 Theologia
1460 1958 1597 1996 nitatur,
1618 1955 1699 1989 mihi
1723 1965 1793 1987 cer·

1765 2018 1795 2043 te
