1913 2417
256 162 636 195 COMMENTATIO
664 170 712 192 AD
737 163 1104 203 QUAESTIONEM
1129 162 1414 200 JUIttDtCAM.
1557 171 1595 201 29

83 257 141 277 ram
172 249 319 285 postulare
352 249 503 283 videntur,
535 255 617 283 quam
642 247 785 281 minores,
814 246 920 281 quibus
954 253 1064 282 semper
1088 252 1169 274 tutor
1194 251 1237 273 est
1266 245 1428 281 praesidio,
1457 250 1505 272 aut
1530 252 1594 272 mu-

83 300 166 328 lieres
191 307 317 335 nuptae,
339 308 409 335 quae
437 300 533 328 saitem
558 299 634 334 ipsae
655 306 685 326 se
706 297 853 325 defendere
876 304 1012 332 possunt.
1052 297 1131 334 Quid
1151 296 1223 325 enim
1245 296 1385 333 ejusmodi
1410 295 1590 324 Absentibus

79 350 252 386 prodesset,
278 351 384 386 quibus
405 351 506 379 insciis
532 349 662 385 litigatur
683 349 716 376 de
738 348 822 375 bonis
847 348 973 383 relictis„
995 356 1022 376 et
1046 348 1152 383 quibus
1179 356 1326 383 nunquam
1352 347 1418 382 quis
1439 347 1594 383 adjungen-

81 402 136 429 dus
159 407 202 429 est
223 402 353 437 exlege,
374 401 430 429 nisi
456 406 488 428 ut
511 400 541 428 in
566 399 719 427 hereditate
744 405 807 427 ante
829 399 996 427 Absentiam
1025 399 1115 427 delata
1145 399 1208 434 jura
1226 398 1295 434 -ipsi
1321 405 1395 427 sarta
1427 405 1500 426 tecta
1524 406 1594 425 con-

79 458 235 481 serventur.
275 452 399 487 Reliqua
419 457 513 479 autem
538 450 708 479 Absentium
735 451 883 478 commoda
908 450 950 478 sic
976 450 1059 486 plane
1083 449 1387 486 neglige1·entur,'nisi
1411 450 1444 478 ad
1470 449 1591 477 aliorum

80 503 246 537 petitionem
272 502 306 530 de
329 501 413 530 bonis
443 502 550 530 relictis
583 501 765 530 statuendum
797 508 889 536 esset,
918 507 966 528 aut
991 500 1102 540 nemine
1135 507 1266 536 petente,
1297 501 1442 537 legitimus
1471 497 1594 528 Absenti

78 552 213 581 defensor
231 559 259 581 et
278 559 416 588 patronus
438 553 569 587 adesset,
591 552 641 588 qui
670 552 698 580 vi
718 552 843 580 muneris
867 558 1038 588 perpetuam.
1054 552 1174 580 durante
1197 552 1249 580 hac
1274 552 1392 588 periodo
1415 550 1591 579 Absentiam

78 604 195 632 tutelam
226 611 330 640 ageret.
379 604 418 632 Et
448 603 513 632 hinc
544 611 662 640 quoque
694 603 885 639 intelligitur,
915 611 1004 638 quare
1030 603 1097 645 haec
1122 603 1276 638 peculiaris
1306 603 1393 631 tutela
1414 601 1588 631 Absentium

76 662 127 683 eos
152 661 262 683 tantum
287 662 418 691 spectet,
441 663 564 691 quorum
591 655 730 683 Absentia
754 655 881 683 nondum
914 654 1038 690 legitime
1059 654 1198 682 declarata
1227 661 1291 689 est3
1322 662 1386 682 nam
1410 659 1442 681 ut
1465 653 1592 689 primum

78 705 193 734 heredes
218 706 252 734 ab
277 706 414 735 intestato
438 706 467 734 in
495 706 636 735 bonorum
669 706 881 742 possessionem
916 704 998 732 missi
1021 710 1108 739 sunt,
1137 710 1236 732 contra
1270 704 1324 732 hos
1353 704 1509 739 petitiones
1532 702 1595 731 fieri

77 763 213 792 oportet,
235 763 298 786 art.
318 766 404 793 134„
424 758 551 793 adeoque
573 765 688 785 necesse
705 765 763 785 non
789 762 850 790 est,
872 762 905 783 ut
928 755 1102 783 Procurator
1123 754 1233 790 Regius
1254 763 1284 783 se
1307 755 1442 783 omnibus
1469 754 1594 790 negotiis

76 807 216 836 Absentis
238 808 405 844 inmisceat,
428 809 476 836 ubi
496 809 552 845 jam
575 809 644 836 tales
667 808 791 842 adsunt,
821 814 944 841 quorum
968 807 1117 834 commoda
1145 806 1183 834 ita
1210 806 1244 834 ab
1269 806 1410 835 Absentis
1433 804 1593 833 commodis

76 857 173 887 divelli
197 867 360 895 nequeunt,
383 866 415 887 ut
433 867 484 888 sua
511 866 623 888 tuentes
641 859 742 894 paritet
768 857 890 886 Absenti
909 865 969 885 non
991 857 1181 893 prospiciant.
1222 857 1278 885 Sed
1295 865 1361 885 cum
1392 856 1451 884 fieri
1476 855 1593 892 possit,

78 915 111 937 ut
134 918 253 946 eorum,
286 910 337 946 qui
357 911 571 947 possessionem
601 911 743 939 bonorum
776 909 949 937 fiduciariam
983 908 1192 943 obtinuerunt,
1221 908 1333 936 diversa
1357 907 1509 936 admodum
1535 906 1595 935 sint

77 962 228 990 commoda
252 961 286 990 ab
310 970 365 997 eo,
397 962 476 998 quod
504 962 643 991 Absentis
669 970 735 991 cura
765 961 920 994 desiderat,
949 960 996 989 hie
1029 968 1129 987 rursus
1160 960 1189 988 in
1217 959 1352 988 omnibus
1377 959 1594 987 Procuratorem

76 1011 198 1048 Regium
219 1012 390 1041 intercedere
415 1013 675 1049 deprehendimus,
697 1021 725 1042 v.
751 1019 779 1048 g.
807 1011 836 1039 in
858 1018 1032 1039 testamento
1057 1011 1235 1046 aperiundo‚
1256 1017 1284 1038 et
1310 1009 1470 1038 inventario
1499 1015 1592 1037 rerum

80 1063 219 1093 Absentis
244 1063 434 1093 conficiendo.
474 1064 549 1093 Nam
566 1073 631 1092 cum
658 1065 713 1092 hoc
736 1063 765 1092 in
789 1071 858 1091 casu
885 1062 1018 1090 heredum
1046 1061 1183 1089 interesse
1205 1066 1323 1095 posset,
1345 1068 1404 1088 non
1426 1061 1519 1089 omnia
1541 1060 1593 1088 bo-

77 1122 113 1143 na
130 1114 268 1142 Absentis
287 1114 317 1142 in
342 1115 498 1150 repertorio
523 1115 670 1149 adnotari,
700 1114 741 1142 sic
766 1114 795 1142 in
825 1113 877 1142 illo
906 1112 998 1149 majus'
1022 1112 1247 1140 emolumentum
1277 1119 1389 1146 sperare
1420 1111 1536 1145 liceret,
1564 1109 1593 1139 si

79 1170 283 1193 testamentum
307 1174 366 1194 non
389 1167 561 1202 aperiretur,
589 1175 649 1202 quo
677 1164 753 1194 forte
779 1164 894 1192 heredes
923 1163 1024 1199 scripti
1046 1169 1115 1191 sunt
1145 1162 1211 1197 alii,
1240 1168 1267 1190 et
1291 1162 1388 1197 portio
1420 1161 1455 1189 iis
1478 1168 1595 1196 compe·

79 1221 143 1244 tens
167 1216 202 1244 ab
226 1216 362 1245 intestato
384 1217 614 1246 imminueretur.
653 1216 827 1246 Procurator
850 1215 939 1251 igitur
967 1213 1074 1249 optime
1102 1221 1181 1241 suam
1215 1213 1414 1241 auctoritatem
1435 1211 1482 1240 hic
1504 1212 1590 1240 inter·

75 1267 179 1302 ponit,
199 1274 227 1295 et
253 1267 351 1296 eodem
372 1268 437 1304 J'ure
458 1272 487 1296 in
510 1268 669 1297 inventario
690 1266 871 1296 conficiendo
898 1266 993 1299 adest,
1024 1270 1110 1299 atque
1134 1263 1190 1299 ipsi
1216 1269 1309 1300 petere
1330 1263 1416 1297 licet,
1446 1269 1477 1290 ut
1504 1268 1593 1291 testa-

74 1324 200 1346 mentum
224 1319 385 1354 aperiatur,
409 1326 436 1347 et
460 1320 500 1348 sic
527 1318 668 1347 desiderio
693 1318 855 1352 Absentis,
885 1325 973 1357 quem-
995 1323 1022 1344 et
1045 1315 1093 1344 hic
1115 1313 1146 1343 in
1169 1314 1268 1343 ultima
1293 1314 1445 1343 voluntate
1467 1313 1593 1341 ritevex-

76 1369 220 1404 sequenda
241 1375 357 1405 tuetur,
380 1371 474 1406 quoad
497 1371 559 1407 ejus
582 1369 641 1398 fieri
666 1369 782 1405 possit,
804 1368 1029 1404 obtemperetur.

119 1417 210 1447 Hisce
233 1420 322 1454 igitur
343 1421 377 1448 de
401 1422 512 1449 caussis
537 1416 736 1449 Procuratoris
761 1419 907 1456 officium,
928 1420 1007 1456 quod
1031 1418 1196 1447 continetur
1217 1424 1278 1447 art.
1299 1426 1384 1455 114,
1405 1415 1514 1451 duplici
1529 1423 1592 1451 par·

76 1475 105 1498 te
125 1476 258 1498 constare
281 1476 432 1506 putamus,
457 1477 488 1499 ut
511 1480 612 1507 nempe
638 1472 723 1500 rebus
748 1471 887 1500 Absentis
912 1470 1065 1507 invigilet,
1086 1476 1114 1498 et
1137 1476 1287 1504 antequam
1312 1470 1347 1498 ad
1369 1466 1518 1502 cujusdam
1540 1473 1590 1502 pe-

76 1520 209 1556 titionem
231 1521 280 1557 jus
304 1520 436 1557 dicatur,
458 1521 610 1551 Tribunali
632 1522 764 1551 consiliis
792 1522 855 1550 suis
887 1522 997 1556 adstet,
1029 1526 1217 1555 moneatque,
1246 1526 1371 1553 quonam
1400 1518 1588 1553 potissimum

75 1572 164 1601 modo
185 1572 241 1607 legi
262 1580 314 1600 sua
336 1573 492 1602 auctoritas
511 1580 646 1603 constare
665 1573 770 1609 possit.
815 1572 952 1601 Libenter
974 1572 1048 1600 enim
1073 1568 1244 1596 Proudhono
1261 1569 1452 1603 assentimur,
1475 1569 1590 1597 articu-

75 1619 135 1652 lum
162 1631 228 1658 114.
252 1622 289 1651 ita
309 1631 368 1652 non
395 1632 458 1652 esse
484 1625 720 1662 intelligendum,
754 1630 785 1652 ut
810 1623 911 1652 ultima
943 1629 1009 1657 pars
1039 1626 1149 1649 tantum
1184 1619 1320 1648 habeatur
1347 1619 1477 1656 repetitio
1508 1619 1591 1656 eJ'us,

76 1674 154 1709 quod
176 1674 206 1702 in
238 1673 333 1709 priore
361 1680 422 1703 art.
440 1676 527 1711 'parte
552 1676 676 1711 dicitur,
705 1683 802 1704 verum
835 1674 953 1702 eundem
985 1678 1047 1701 art.
1078 1671 1210 1701 exhibere
1243 1672 1312 1700 duas
1340 1671 1492 1700 distinctas
1511 1670 1590 1699 illius

76 1724 201 1752 muneris
223 1730 330 1759 partes.
371 1725 445 1754 Nam
467 1734 533 1755 cum
557 1734 643 1763 supra
663 1726 692 1756 in
715 1732 778 1755 art.
805 1733 869 1756 112.
894 1723 967 1753 nihil
989 1723 1067 1752 aliud
1082 1723 1190 1751 dictum
1209 1722 1314 1757 fuerit,
1337 1730 1420 1757 quam
1444 1720 1589 1749 Tribunal

75 1774 109 1803 ad
130 1774 250 1803 aliorum
271 1776 441 1811 petitionem
463 1778 645 1807 decreturum
672 1786 752 1812 esse,
774 1776 852 1813 quod
875 1775 1032 1804 necessitas
1055 1774 1266 1810 postulaverit,
1293 1780 1321 1802 et
1350 1773 1415 1802 dein
1439 1773 1474 1801 ad
1502 1777 1584 1800 secu·

74 1824 184 1854 ritatem
201 1826 292 1861 ipsius
312 1827 450 1858 Absentis
473 1829 545 1858 nihil
569 1829 646 1858 aliud
670 1834 813 1857 statuatur
836 1834 920 1862 quam
943 1824 1095 1861 peculiaris
1124 1825 1196 1854 ratio
1218 1825 1248 1853 in
1271 1825 1420 1854 dividenda
1448 1822 1586 1852 heredita-

75 1881 104 1903 te
127 1877 261 1906 servanda
280 1885 344 1908 art.
366 1888 437 1917 113,
460 1880 528 1909 huic
549 1888 618 1909 vero
643 1879 775 1908 universe
797 1878 934 1911 addatur,
955 1876 1128 1912 peculiarem
1145 1884 1240 1904 curam
1270 1876 1442 1904 Absentiutn
1461 1882 1524 1903 esse
1537 1874 1587 1902 ha-

75 1924 202 1954 biturum
228 1927 441 1958 Procuratorem
465 1930 610 1967 Regium,
633 1930 719 1959 nobis
741 1929 854 1965 quidem
882 1933 945 1956 art.
971 1927 1019 1955 ille
1041 1934 1104 1964 114.
1132 1935 1166 1955 ex
1189 1933 1280 1956 mente
1301 1926 1475 1963 legislatoris
1499 1924 1586 1953 suffe·

79 1974 154 2005 cisse
174 1976 305 2015 videtur,
327 1986 359 2008 ut
379 1980 480 2011 idonee
505 1981 643 2011 omnibus
658 1980 821 2012 commodis
844 1978 1020 2008 Absentium
1043 1985 1229 2015 prospectum
1256 1977 1349 2014 forct3
1372 1978 1498 2013 adeoque
1520 1982 1586 2004 eum

864 2029 892 2058 D
915 2037 929 2067 3
1529 2032 1590 2057 non
