1913 2417
322 165 704 200 COMMENTATIO
733 174 781 197 nr:
807 164 1109 197 AFFINITATE
1137 164 1377 200 CHE-MICA.
1569 172 1608 206 ις

307 497 686 542 CAPUT
783 487 1351 542 'TERT1UM.

99 640 152 665 ,Σ
178 639 359 665 ΕΣΟῙΒυΞ
384 639 512 670 JUXTA
540 639 651 668 QUAS
675 639 908 662 CORPORUM
937 639 1168 660 ELEMENTA
1197 638 1240 659 SE
1271 637 1566 666 coNJUNGUN'r·

74 757 370 837 Quemadmodum
401 788 530 825 ubique,
561 787 590 818 in
618 785 807 824 Philosophia
833 787 984 824 Naturali,
1014 787 1066 816 ubi
1095 786 1128 815 de
1154 785 1270 822 legibus
1301 784 1444 813 tradendis
1470 783 1584 820 agitur,

73 849 196 877 magnus
221 840 454 870 observationum
476 845 503 868 et
526 840 784 876 experimentorum
809 847 946 867 numerus
973 839 1147 874 requiritur,
1169 838 1219 873 qui
1244 838 1370 872 ipsarum
1390 836 1513 872 aliquam
1534 843 1590 864 no-

74 891 168 920 titiam
191 892 398 927 acquiramus,
419 891 459 920 ita
487 891 650 927 praesertim
675 890 704 919 in
729 889 893 919 Cbemicisff
929 889 1068 918 Chemiae
1093 890 1165 918 enim
1190 897 1309 924 campus
1334 895 1389 916 tam
1414 888 1470 916 late
1493 893 1592 923 patet,

69 944 262 979 experimenta
293 949 351 972 tam
381 951 452 979 vaga
485 947 513 971 et
541 942 649 970 incerta
674 941 791 970 fuerunt
815 941 977 976 instituta,
1006 948 1063 969 tam
1089 948 1189 977 parum
1221 948 1304 975 saepe
1335 939 1408 968 inter
1431 947 1461 967 se
1483 947 1592 967 conve-

71 994 159 1025 niunt
182 996 388 1029 eventus,'ut
420 992 522 1022 mirum
553 992 643 1021 videri
677 997 821 1027 nequeat,
857 998 963 1020 tantam
994 1000 1134 1021 annorum
1163 991 1262 1019 seriem
1291 990 1494 1026 praeteriisse,
1513 996 1592 1018 ante-

72 1052 158 1081 quam
179 1045 226 1073 vel
258 1044 292 1072 de
318 1043 432 1080 legibus
454 1043 581 1080 cogitare
600 1043 748 1079 potuerint
771 1042 907 1071 Chemiae
931 1043 1075 1078 cultore53
1099 1049 1127 1071 et
1151 1042 1284 1077 quamvis
1307 1043 1404 1077 plures
1425 1041 1518 1069 adhuc
1541 1048 1591 1068 su·

69 1097 181 1132 persint
205 1093 406 1129 difficultates,
433 1095 531 1130 plures
561 1094 739 1131 hypotheses
772 1095 902 1123 nondum
933 1094 1002 1123 satis
1036 1094 1192 1130 probatae,
1223 1094 1346 1122 multum
1376 1100 1469 1121 tamen
1500 1092 1587 1121 hodie

75 1146 128 1175 hac
154 1145 186 1175 in
206 1154 235 1175 re
258 1145 461 1183 profecerunt.
499 1146 613 1175 Notitia
638 1146 713 1174 enim
739 1145 963 1182 proportionum
998 1145 1211 1181 principiorum
1243 1144 1273 1173 in
1304 1144 1390 1172 variis
1414 1144 1591 1180 corporibus

67 1193 151 1226 velde
171 1197 305 1233 ampliata
326 1203 356 1225 et
378 1197 552 1226 confirmata¹
570 1203 631 1232 est,
658 1197 697 1225 ita
727 1202 759 1224 ut
781 1197 937 1232 generalem
968 1203 1160 1233 conspectum
1184 1196 1218 1224 ab
1249 1196 1301 1224 hac
1326 1201 1407 1231 parte
1432 1195 1517 1224 nobis
1541 1203 1589 1223 ac·

68 1248 181 1284 quirere
203 1247 361 1284 possimus.
401 1247 525 1277 Nullum
551 1247 609 1276 fere
629 1254 672 1276 est
697 1256 807 1283 corpus
833 1248 922 1284 cujus·
940 1248 1145 1276 elementorum
1171 1246 1325 1282 proportio
1347 1253 1479 1275 accurata
1500 1246 1589 1275 tradi-

69 1305 100 1327 ta
121 1307 182 1328 non
202 1298 262 1334 sit,
284 1307 341 1334 qua
365 1299 400 1327 de
425 1306 454 1326 re
479 1298 584 1326 summi
606 1299 740 1328 Chemici
765 1298 872 1335 Davy,
894 1298 1064 1333 Barzelius,
1085 1297 1242 1332 Thenard,
1266 1298 1331 1334 Gay
1357 1298 1455 1326 Lumo
1478 1298 1586 1334 aliique

73 1349 196 1378 maxime
218 1349 311 1376 meriti
335 1354 414 1378 sunt.
453 1348 536 1377 Huic
554 1349 714 1385 cognitioni
732 1357 867 1385 magnum
889 1350 1073 1378 commodum
1096 1349 1193 1378 attulit
1217 1355 1314 1376 exacta
1335 1349 1406 1377 satis
1428 1357 1585 1385 corporum

68 1399 258 1437 gasformium
295 1398 445 1436 gravitatis
476 1399 628 1435 specificae
661 1400 871 1430 determinatio.
900 1415 938 1423 —
962 1400 1009 1429 Ex
1038 1400 1089 1428 hac
1119 1399 1319 1436 proportionis
1351 1400 1586 1430 determinatione

65 1449 222 1479 universali
247 1449 343 1485 leges,
362 1450 446 1486 juxta
468 1458 539 1485 quas
566 1458 720 1485 corporum
745 1451 883 1479 elementa
909 1459 940 1479 se
961 1452 1165 1488 conjungunt,
1195 1450 1389 1479 conficiendae
1408 1458 1488 1480 sunt.
1522 1452 1588 1488 Jam

67 1508 139 1530 vero
158 1500 193 1528 -in
214 1506 407 1528 tanta‘rerum
432 1500 517 1536 copia
545 1506 574 1528 et
595 1498 781 1537 diversitate,
804 1502 878 1530 unde
903 1502 1036 1538 incipiam
1062 1503 1177 1538 ignoro.
1221 1502 1301 1529 Licet
1327 1503 1400 1530 enim
1425 1503 1459 1531 ad
1482 1511 1586 1533 rectam

63 1557 93 1581 et
114 1550 271 1588 perfectam
295 1551 388 1586 legum
413 1550 673 1580 determinationem
703 1551 914 1588 requireretur,
943 1559 974 1581 ut
1008 1553 1191 1589 singulorum
1215 1561 1371 1588 corporum
1400 1554 1446 1582 hic
1477 1557 1584 1585 tradam

60 1602 323 1639 compositionem,
346 1602 414 1630 haec
442 1601 516 1630 intra
538 1609 635 1631 arctos
661 1603 748 1640 hujus
771 1604 1004 1640 scriptiuncuiae
1024 1605 1129 1632 limites
1144 1612 1203 1632 non
1226 1605 1442 1634 continerentur
1464 1613 1491 1634 et
1507 1609 1581 1636 vires

65 1661 140 1683 meas
166 1654 253 1690 longe
271 1659 449 1689 superarent.
490 1652 644 1689 Praecipua
669 1654 758 1690 igitur
781 1661 891 1684 tantum
916 1655 1098 1691 memorabo,
1128 1655 1158 1683 in
1181 1656 1284 1691 primis
1307 1652 1524 1693 quidem‘quae
1545 1659 1580 1688 ad

63 1705 201 1741 oxygenii
228 1713 293 1733 cum
316 1705 439 1733 div-ersis
463 1705 638 1740 corporibus
664 1706 898 1742 conjunctionem
927 1713 1076 1743 spectant:
1109 1714 1174 1735 cum
1202 1706 1275 1735 inter
1296 1707 1439 1737 chemicas
1460 1718 1586 1746 compo-

63 1755 187 1786 sitiones
212 1755 424 1784 diversissimas
442 1756 554 1790 nullum
579 1755 636 1785 fere
657 1757 730 1786 adsit
756 1759 978 1794 compositum,
1005 1758 1084 1794 quod
1109 1759 1284 1794 oxygenium
1312 1767 1370 1788 non
1394 1761 1491 1791 intret.
1532 1762 1584 1791 Di-

61 1814 144 1836 versa
164 1807 354 1843 proportIOne
376 1816 442 1836 cum
469 1807 591 1835 metallis
615 1813 642 1835 et
664 1809 835 1845 corporibus
869 1809 1129 1838 combustibilibus
1157 1812 1329 1845 oxygenium
1360 1819 1391 1839 se
1408 1812 1581 1850 conjungit,

60 1856 102 1886 im
126 1865 157 1886 ut
187 1866 253 1886 cum
277 1859 426 1887 nonnullis
446 1858 567 1886 metallis
589 1866 736 1894 quatuor,
757 1869 822 1889 cum
842 1862 905 1889 aliis
932 1862 990 1889 duo
1014 1861 1058 1889 vel
1077 1860 1129 1888 tria
1145 1861 1239 1896 oxytia
1262 1860 1384 1890 formet:
1407 1871 1471 1891 cum
1489 1865 1579 1900 phos-

59 1908 154 1945 phoro
177 1915 204 1937 et
224 1909 384 1945 sulphure,
406 1909 543 1937 carbonio
566 1916 622 1938 etc.
636 1911 732 1945 plures
751 1912 875 1939 admittit
898 1912 1140 1940 combinationeS.
1182 1911 1230 1940 Sic
1248 1921 1276 1942 v.
1296 1921 1321 1950 g<
1337 1914 1394 1950 jam
1413 1914 1461 1942 diu
1474 1916 1578 1951 cogni-

61 1964 123 1987 tum
147 1958 203 1988 fuit
226 1952 344 1988 acidumv
363 1959 570 1995 sulphurosum
593 1967 620 1988 et
645 1960 866 1998 susphuricum,
901 1969 929 1992 at
952 1963 1103 1992 recentiori
1127 1969 1255 2000 tempore
1278 1965 1388 1993 detecta
1417 1971 1486 1993 sunt
1507 1974 1579 2002 oxy-

60 2009 162 2041 dulum
186 2017 215 2041 et
244 2011 372 2049 oxydum
404 2011 576 2048 sulphuris,
596 2011 636 2042 ita
671 2018 703 2041 ut
725 2020 851 2049 quatuor
880 2015 928 2045 hic
954 2014 1184 2045 combinationes
1210 2015 1417 2045 observentur:
1446 2016 1475 2045 in
1497 2017 1579 2045 acido

1527 2071 1588 2100 sul·
