1913 2417
271 191 304 222 8·
670 189 1346 227 J.nnGELDEP.‚

270 285 473 317 scssentiarum
504 282 612 314 orbem
628 307 636 321 ‚
667 296 684 312 e
706 295 780 314 vero
805 290 834 314 et
860 283 960 325 magis
985 282 1101 313 idoneo
1123 289 1311 325 prospectu,
1344 281 1404 313 sibi
1426 282 1583 325 disjuncte
1606 290 1637 315 et
1663 284 1745 317 dilu-

272 342 340 373 cide
373 352 560 384 propouore.
613 342 732 370 Omnes
766 340 892 369 interim
921 339 1036 369 mentis
1060 338 1256 377 functiones,
1280 339 1398 382 quibus
1416 339 1513 371 homo
1539 351 1612 382 prae
1632 343 1743 373 ceteris

272 397 463 429 animalibus
489 385 634 433 excellit,
659 398 692 427 in
718 395 766 425 1155
784 395 908 425 duabus
931 398 1103 426 consistere
1131 397 1365 434 existitnemus3
1388 407 1525 438 quarum
1550 397 1653 438 prima
1679 403 1740 436 est,

261 461 297 485 ut
331 454 369 484 de
399 453 534 489 nostris,
564 452 614 482 vel
648 463 704 494 per
733 462 842 482 sensus
870 452 1024 494 acceptis,
1058 451 1107 482 vel
1133 463 1150 482 a
1176 451 1414 494 nobismetipsis
1439 451 1606 492 formatis,
1637 453 1741 484 notio.

263 509 358 540 uibus
391 509 471 539 beue
506 514 653 549 recteque
685 508 885 550 cogitemus3
913 507 1008 538 altera
1041 515 1075 539 ut
1107 519 1169 546 ea,
1204 518 1285 550 quae
1312 519 1329 538 a
1360 507 1453 539 nobis
1487 509 1621 551 cogitata
1658 510 1743 548 sint,

263 565 333 596 aliis
365 564 500 594 fideliter
526 564 810 595 communicemus.
858 565 903 595 At
928 576 1024 607 quam
1048 565 1189 607 primum
1218 563 1364 594 homines
1391 575 1462 595 suas
1486 564 1526 596 de
1554 565 1650 596 rebus
1674 565 1746 596 sub·

260 620 421 652 tilioribus
452 620 519 651 sive
545 621 645 662 magis
674 620 837 663 implicitis
867 621 1074 663 cogitationes
1099 620 1189 651 facile
1224 626 1255 650 et
1280 627 1423 651 accurate
1455 622 1623 664 persequi,
1648 628 1743 665 atque

268 678 403 720 cogitata
437 676 518 707 bene
549 683 697 719 recteque
731 677 771 707 ad
799 677 877 707 alios
912 676 1079 708 transferre
1108 677 1169 708 sibi
1200 687 1326 707 necesse
1350 686 1434 715 esse,
1465 676 1570 707 forent
1602 678 1741 720 experti,

268 735 350 777 ipsi,
385 733 505 776 ubique
529 733 646 764 auxilia
671 733 710 764 ad
737 733 768 764 id
795 733 1057 775 consequendum
1082 739 1224 776 petentes
1239 756 1246 769 ‚
1279 732 1417 763 rationes
1442 733 1621 775 cogitandi,
1645 733 1741 765 ratio·

270 790 398 820 cinandi
424 797 454 821 et
488 791 570 821 inter
596 800 628 821 se
654 789 878 833 colloquendi,
915 800 996 831 quae
1026 789 1153 831 regulae
1187 788 1355 824 dicuntur,
1388 789 1621 830 excogitavere,
1648 796 1744 832 atque

269 846 311 876 ita
338 852 438 884 artes,
470 857 551 889 quae
584 846 756 889 generatim
791 846 909 888 regulis
943 844 1064 887 aliquid
1097 844 1177 875 bene
1199 868 1208 884 ,
1238 844 1384 886 expedite
1417 850 1448 875 et
1483 845 1607 876 exculte
1640 845 1743 876 confi.

271 903 376 933 ciendi
411 904 607 942 consistunt,
639 909 725 934 ortae
744 924 754 941 ,
789 901 829 932 ab
860 901 1003 933 humano
1040 912 1156 944 genere
1193 902 1340 932 inventae
1369 906 1401 931 et
1430 892 1585 943 gradatim
1620 901 1746 944 expoli-

267 965 317 990 tae
343 967 429 991 sunt.

312 1016 348 1046 Iu
373 1016 546 1047 universali
575 1018 631 1049 hac
658 1017 774 1049 artium
809 1016 1013 1056 definitione,
1046 1015 1221 1048 Auditores
1247 1015 1497 1055 Humanissimi,
1520 1025 1632 1046 omnes
1656 1025 1745 1046 com-

270 1070 441 1113 prehensas
472 1083 538 1103 esse
556 1095 567 1110 ‚
598 1083 729 1105 censeo:
760 1084 813 1104 eas
843 1084 954 1104 omnes
972 1095 982 1111 ‚
1012 1072 1086 1104 licet
1107 1072 1147 1103 ad
1177 1071 1302 1103 diversa
1328 1072 1456 1104 tendere
1487 1071 1674 1111 videantur,
1698 1078 1745 1103 ta.

271 1137 345 1157 men
369 1138 542 1159 commune
580 1129 745 1160 vinculum
777 1128 893 1159 habere
919 1135 950 1159 et
994 1128 1131 1171 quadam
1166 1128 1356 1170 cognatione
1381 1129 1464 1159 inter
1493 1137 1526 1158 se
1557 1128 1745 1168 conjunctas

268 1193 353 1220 esse,
382 1183 447 1226 jam
475 1194 494 1214 a
520 1194 731 1216 cicERowiz
757 1184 960 1215 observatum
992 1190 1067 1215 est:
1099 1183 1138 1214 de
1168 1184 1207 1215 iis
1234 1195 1332 1222 vero,
1362 1194 1442 1226 quas
1476 1190 1576 1214 artem
1602 1183 1745 1225 cogitan-

270 1239 304 1270 ‹li
333 1246 363 1270 et
387 1247 486 1271 artem
510 1241 645 1284 cogitata
669 1240 709 1271 ad
734 1239 811 1271 alios
835 1239 1043 1270 transferendi
1069 1241 1240 1276 vocamus,
1261 1239 1314 1270 hic
1338 1239 1527 1281 praecipuus
1550 1249 1656 1269 sermo
1683 1245 1742 1272 est.

313 1295 351 1326 ln
382 1296 551 1336 omnibus,
587 1308 668 1340 quae
698 1307 849 1328 sensuum
878 1296 1092 1327 dominationi
1122 1295 1280 1326 submissa
1307 1301 1403 1333 sunt,
1437 1305 1643 1337 quorumque
1670 1305 1740 1326 eam

266 1349 309 1381 ab
335 1362 461 1383 causam
489 1353 595 1394 ideas,
619 1364 698 1396 quas
733 1353 897 1384 distinctas
923 1353 1111 1389 nominant,
1134 1351 1271 1383 formare
1293 1362 1482 1394 possumus,
1516 1361 1669 1382 numeros
1694 1362 1746 1383 re.

270 1418 364 1447 rum,
400 1408 467 1440 loca
493 1410 527 1440 in
549 1410 701 1440 universo
730 1409 832 1452 spatio
863 1415 1009 1447 extensa,
1041 1415 1222 1451 temporum
1256 1419 1444 1447 successus,
1477 1417 1588 1439 causas
1615 1413 1748 1440 naturae

269 1463 489 1505 phaenomena
522 1464 712 1504 efficientes,
744 1472 898 1508 tanquam
931 1465 1103 1496 abstractas
1119 1488 1128 1504 ,
1159 1472 1247 1496 extra
1270 1475 1405 1508 corpora
1426 1466 1613 1500 existentes,
1637 1470 1745 1495 mente

268 1520 484 1563 concipimus;
508 1522 542 1552 in
567 1522 623 1559 iis,
647 1533 664 1552 a
683 1521 776 1552 nobis
796 1528 947 1564 tanquam
970 1522 1128 1564 primariis
1155 1521 1233 1552 ideis
1259 1521 1444 1563 conceptis,
1467 1520 1669 1560 excolendis,
1691 1521 1746 1552 iis·

266 1585 328 1616 que
363 1578 397 1606 in
425 1576 577 1608 omnibus
609 1577 722 1615 rebus,
746 1578 786 1609 de
806 1578 926 1620 quibus
949 1577 1089 1610 dilucide
1116 1578 1254 1620 cogitare
1282 1587 1469 1619 possumus,
1492 1575 1574 1608 bene
1594 1583 1626 1608 et
1643 1576 1743 1608 felici-

264 1635 310 1660 ter
345 1631 557 1671 adhibendis,
590 1640 694 1665 totum
722 1640 939 1664 accuratarum
975 1635 1147 1665 notionum
1180 1632 1293 1664 orbem
1327 1632 1524 1670 consistere,
1558 1632 1744 1674 fontemque

266 1687 410 1718 omnium
435 1689 500 1730 jam
527 1690 726 1721 excultarum
755 1691 961 1721 scientiarum
987 1697 1150 1728 constare,
1175 1688 1294 1727 Vobis,
1316 1686 1485 1719 Auditores
1508 1687 1738 1729 Exoptassimi!

263 1739 399 1773 breviter
427 1744 560 1786 probare
585 1747 652 1788 jam
675 1746 852 1789 aggredior.

311 1799 338 1828 A
373 1800 504 1831 notione
537 1802 666 1844 majoris
694 1802 743 1833 vel
772 1803 932 1843 minoris,
969 1803 1037 1834 sive
1062 1802 1205 1845 ejusdem
1241 1802 1357 1845 speciei
1393 1810 1529 1837 rerum,
1560 1799 1627 1831 sive
1659 1809 1740 1842 quas

271 1854 305 1884 in
326 1857 462 1886 extensis
486 1856 579 1888 nobis
597 1859 809 1901 proponimus
829 1860 968 1902 partium
994 1859 1174 1902 aequalium
1197 1865 1228 1890 et
1250 1859 1340 1900 juxta
1354 1866 1388 1888 se
1412 1857 1550 1887 invicem
1569 1855 1739 1888 collocata-

270 1920 341 1940 rum
370 1911 582 1944 multitudinis
618 1925 767 1946 numeros
786 1938 795 1953 ,
825 1917 1040 1958 quantitatum
1071 1915 1285 1948 diversitatem
1320 1912 1536 1956 significantes
1557 1934 1568 1950 ‚
1600 1911 1732 1943 confici·

273 1975 362 2006 mus,
386 1967 425 1998 ab
447 1968 549 2011 iisque
572 1981 622 2002 ars
645 1971 853 2015 computandi
877 1979 948 2006 orta
982 1979 1053 2013 est,
1081 1982 1180 2017 quam
1209 1980 1375 2005 summum
1411 1968 1568 2002 auxilium
1601 1968 1738 2011 reliqua-

1664 2034 1738 2057 rum
