<?xml version="1.0" encoding="UTF-8"?>
<!DOCTYPE html PUBLIC "-//W3C//DTD XHTML 1.0 Transitional//EN"
    "http://www.w3.org/TR/xhtml1/DTD/xhtml1-transitional.dtd">
<html xmlns="http://www.w3.org/1999/xhtml" xml:lang="en" lang="en">
 <head>
  <title>
</title>
<meta http-equiv="Content-Type" content="text/html;charset=utf-8" />
  <meta name='ocr-system' content='tesseract 3.04.00' />
  <meta name='ocr-capabilities' content='ocr_page ocr_carea ocr_par ocr_line ocrx_word'/>
</head>
<body>
  <div class='ocr_page' id='page_1' title='image "annalesacademiae19rijk_0563.png"; bbox 0 0 1913 2417; ppageno 0'>
   <div class='ocr_carea' id='block_1_1' title="bbox 383 236 1348 336">
    <p class='ocr_par' dir='ltr' id='par_1_1' title="bbox 383 236 1348 336">
     <span class='ocr_line' id='line_1_1' title="bbox 383 236 1348 336; baseline 0.001 -2"><span class='ocrx_word' id='word_1_1' title='bbox 383 236 1348 336; x_wconf 84' lang='lat' dir='ltr'><strong>COMMENTATIO</strong></span> 
     </span>
    </p>
   </div>
   <div class='ocr_carea' id='block_1_2' title="bbox 819 453 900 480">
    <p class='ocr_par' dir='ltr' id='par_1_2' title="bbox 819 453 900 480">
     <span class='ocr_line' id='line_1_2' title="bbox 819 453 900 480; baseline 0 0"><span class='ocrx_word' id='word_1_2' title='bbox 819 453 900 480; x_wconf 76' lang='lat' dir='ltr'>An</span> 
     </span>
    </p>
   </div>
   <div class='ocr_carea' id='block_1_3' title="bbox 152 587 1559 649">
    <p class='ocr_par' dir='ltr' id='par_1_3' title="bbox 152 587 1559 649">
     <span class='ocr_line' id='line_1_3' title="bbox 152 587 1559 649; baseline -0.001 -17"><span class='ocrx_word' id='word_1_3' title='bbox 152 587 889 649; x_wconf 32' lang='lat' dir='ltr'><strong>JQUAESTIONEM</strong></span> <span class='ocrx_word' id='word_1_4' title='bbox 974 588 1559 634; x_wconf 82' lang='lat' dir='ltr'>BOTANICAM.</span> 
     </span>
    </p>
   </div>
   <div class='ocr_carea' id='block_1_4' title="bbox 680 790 1051 808">
    <p class='ocr_par' dir='ltr' id='par_1_4' title="bbox 680 790 1051 808">
     <span class='ocr_line' id='line_1_4' title="bbox 680 790 1051 808; baseline 0 1609"><span class='ocrx_word' id='word_1_5' title='bbox 680 790 1051 808; x_wconf 95' lang='lat' dir='ltr'> </span> 
     </span>
    </p>
   </div>
   <div class='ocr_carea' id='block_1_5' title="bbox 93 953 1624 1955">
    <p class='ocr_par' dir='ltr' id='par_1_5' title="bbox 93 953 1624 1489">
     <span class='ocr_line' id='line_1_5' title="bbox 97 953 1624 1022; baseline 0.001 -5"><span class='ocrx_word' id='word_1_6' title='bbox 97 953 294 1017; x_wconf 74' lang='lat' dir='ltr'>plantarum</span> <span class='ocrx_word' id='word_1_7' title='bbox 323 985 395 1015; x_wconf 89' lang='lat' dir='ltr'>folia</span> <span class='ocrx_word' id='word_1_8' title='bbox 420 991 490 1015; x_wconf 83' lang='lat' dir='ltr'>sunt</span> <span class='ocrx_word' id='word_1_9' title='bbox 518 993 622 1022; x_wconf 85' lang='lat' dir='ltr'>organa</span> <span class='ocrx_word' id='word_1_10' title='bbox 647 985 720 1015; x_wconf 80' lang='lat' dir='ltr'>tanti</span> <span class='ocrx_word' id='word_1_11' title='bbox 744 986 903 1021; x_wconf 78' lang='lat' dir='ltr'>momenti,</span> <span class='ocrx_word' id='word_1_12' title='bbox 925 992 986 1015; x_wconf 81' lang='lat' dir='ltr'>tum</span> <span class='ocrx_word' id='word_1_13' title='bbox 1013 985 1047 1015; x_wconf 87' lang='lat' dir='ltr'>ad</span> <span class='ocrx_word' id='word_1_14' title='bbox 1070 984 1161 1022; x_wconf 84' lang='lat' dir='ltr'>ipsam</span> <span class='ocrx_word' id='word_1_15' title='bbox 1182 985 1343 1021; x_wconf 79' lang='lat' dir='ltr'>plantarum</span> <span class='ocrx_word' id='word_1_16' title='bbox 1367 985 1477 1022; x_wconf 85' lang='lat' dir='ltr'>vitam,</span> <span class='ocrx_word' id='word_1_17' title='bbox 1504 992 1566 1016; x_wconf 88' lang='lat' dir='ltr'>tum</span> <span class='ocrx_word' id='word_1_18' title='bbox 1587 989 1624 1018; x_wconf 78' lang='lat' dir='ltr'>ad</span> 
     </span>
     <span class='ocr_line' id='line_1_6' title="bbox 97 1038 1624 1075; baseline -0.001 -7"><span class='ocrx_word' id='word_1_19' title='bbox 97 1041 264 1069; x_wconf 85' lang='lat' dir='ltr'>servandam</span> <span class='ocrx_word' id='word_1_20' title='bbox 291 1038 496 1067; x_wconf 82' lang='lat' dir='ltr'>Oeconomiam</span> <span class='ocrx_word' id='word_1_21' title='bbox 528 1039 622 1067; x_wconf 88' lang='lat' dir='ltr'>totius</span> <span class='ocrx_word' id='word_1_22' title='bbox 650 1046 787 1074; x_wconf 80' lang='lat' dir='ltr'>naturae,</span> <span class='ocrx_word' id='word_1_23' title='bbox 816 1045 849 1066; x_wconf 89' lang='lat' dir='ltr'>ut</span> <span class='ocrx_word' id='word_1_24' title='bbox 879 1039 1015 1074; x_wconf 85' lang='lat' dir='ltr'>perdigna</span> <span class='ocrx_word' id='word_1_25' title='bbox 1037 1044 1124 1073; x_wconf 85' lang='lat' dir='ltr'>sunt,</span> <span class='ocrx_word' id='word_1_26' title='bbox 1152 1046 1225 1073; x_wconf 85' lang='lat' dir='ltr'>quae</span> <span class='ocrx_word' id='word_1_27' title='bbox 1253 1046 1362 1066; x_wconf 88' lang='lat' dir='ltr'>summa</span> <span class='ocrx_word' id='word_1_28' title='bbox 1385 1038 1534 1074; x_wconf 69' lang='lat' dir='ltr'>diiigentia</span> <span class='ocrx_word' id='word_1_29' title='bbox 1559 1047 1624 1075; x_wconf 84' lang='lat' dir='ltr'>pet-</span> 
     </span>
     <span class='ocr_line' id='line_1_7' title="bbox 98 1088 1622 1126; baseline 0.001 -7"><span class='ocrx_word' id='word_1_30' title='bbox 98 1098 272 1120; x_wconf 81' lang='lat' dir='ltr'>scrutemur.</span> <span class='ocrx_word' id='word_1_31' title='bbox 313 1090 389 1119; x_wconf 85' lang='lat' dir='ltr'>Haec</span> <span class='ocrx_word' id='word_1_32' title='bbox 411 1099 478 1119; x_wconf 90' lang='lat' dir='ltr'>vero</span> <span class='ocrx_word' id='word_1_33' title='bbox 504 1097 559 1119; x_wconf 86' lang='lat' dir='ltr'>tam</span> <span class='ocrx_word' id='word_1_34' title='bbox 587 1091 664 1119; x_wconf 83' lang='lat' dir='ltr'>varia</span> <span class='ocrx_word' id='word_1_35' title='bbox 686 1097 755 1120; x_wconf 88' lang='lat' dir='ltr'>sunt</span> <span class='ocrx_word' id='word_1_36' title='bbox 780 1088 872 1119; x_wconf 84' lang='lat' dir='ltr'>forma</span> <span class='ocrx_word' id='word_1_37' title='bbox 895 1098 922 1118; x_wconf 88' lang='lat' dir='ltr'>et</span> <span class='ocrx_word' id='word_1_38' title='bbox 949 1091 1064 1125; x_wconf 83' lang='lat' dir='ltr'>colore,</span> <span class='ocrx_word' id='word_1_39' title='bbox 1086 1090 1144 1120; x_wconf 87' lang='lat' dir='ltr'>situ</span> <span class='ocrx_word' id='word_1_40' title='bbox 1167 1097 1195 1118; x_wconf 90' lang='lat' dir='ltr'>et</span> <span class='ocrx_word' id='word_1_41' title='bbox 1219 1089 1444 1126; x_wconf 79' lang='lat' dir='ltr'><strong>distributione,</strong></span> <span class='ocrx_word' id='word_1_42' title='bbox 1466 1097 1497 1119; x_wconf 91' lang='lat' dir='ltr'>ut</span> <span class='ocrx_word' id='word_1_43' title='bbox 1520 1091 1549 1119; x_wconf 85' lang='lat' dir='ltr'>in</span> <span class='ocrx_word' id='word_1_44' title='bbox 1576 1091 1622 1121; x_wconf 76' lang='lat' dir='ltr'>his</span> 
     </span>
     <span class='ocr_line' id='line_1_8' title="bbox 99 1142 1624 1180; baseline 0.001 -9"><span class='ocrx_word' id='word_1_45' title='bbox 99 1150 219 1179; x_wconf 87' lang='lat' dir='ltr'>quoque</span> <span class='ocrx_word' id='word_1_46' title='bbox 244 1149 354 1178; x_wconf 81' lang='lat' dir='ltr'>pateat,</span> <span class='ocrx_word' id='word_1_47' title='bbox 383 1143 462 1178; x_wconf 91' lang='lat' dir='ltr'>quod</span> <span class='ocrx_word' id='word_1_48' title='bbox 487 1143 577 1180; x_wconf 83' lang='lat' dir='ltr'>tnagis</span> <span class='ocrx_word' id='word_1_49' title='bbox 605 1143 720 1172; x_wconf 84' lang='lat' dir='ltr'>difficile</span> <span class='ocrx_word' id='word_1_50' title='bbox 743 1144 779 1172; x_wconf 90' lang='lat' dir='ltr'>sit</span> <span class='ocrx_word' id='word_1_51' title='bbox 805 1151 850 1172; x_wconf 88' lang='lat' dir='ltr'>res</span> <span class='ocrx_word' id='word_1_52' title='bbox 876 1149 971 1172; x_wconf 85' lang='lat' dir='ltr'>exacta</span> <span class='ocrx_word' id='word_1_53' title='bbox 1000 1143 1168 1171; x_wconf 83' lang='lat' dir='ltr'>definitione</span> <span class='ocrx_word' id='word_1_54' title='bbox 1192 1142 1332 1177; x_wconf 85' lang='lat' dir='ltr'>indicate,</span> <span class='ocrx_word' id='word_1_55' title='bbox 1361 1150 1446 1177; x_wconf 89' lang='lat' dir='ltr'>quam</span> <span class='ocrx_word' id='word_1_56' title='bbox 1469 1151 1516 1171; x_wconf 88' lang='lat' dir='ltr'>eas</span> <span class='ocrx_word' id='word_1_57' title='bbox 1543 1150 1624 1179; x_wconf 85' lang='lat' dir='ltr'>prae-</span> 
     </span>
     <span class='ocr_line' id='line_1_9' title="bbox 97 1193 1620 1230; baseline 0.001 -8"><span class='ocrx_word' id='word_1_58' title='bbox 97 1201 196 1223; x_wconf 77' lang='lat' dir='ltr'>sentes</span> <span class='ocrx_word' id='word_1_59' title='bbox 221 1194 390 1223; x_wconf 82' lang='lat' dir='ltr'>discernere.</span> <span class='ocrx_word' id='word_1_60' title='bbox 439 1193 533 1222; x_wconf 88' lang='lat' dir='ltr'>Nemo</span> <span class='ocrx_word' id='word_1_61' title='bbox 559 1195 632 1224; x_wconf 88' lang='lat' dir='ltr'>enim</span> <span class='ocrx_word' id='word_1_62' title='bbox 665 1194 735 1224; x_wconf 76' lang='lat' dir='ltr'>folia</span> <span class='ocrx_word' id='word_1_63' title='bbox 764 1203 825 1224; x_wconf 91' lang='lat' dir='ltr'>non</span> <span class='ocrx_word' id='word_1_64' title='bbox 858 1194 955 1223; x_wconf 88' lang='lat' dir='ltr'>statim</span> <span class='ocrx_word' id='word_1_65' title='bbox 982 1194 1018 1222; x_wconf 86' lang='lat' dir='ltr'>ab</span> <span class='ocrx_word' id='word_1_66' title='bbox 1041 1194 1105 1222; x_wconf 88' lang='lat' dir='ltr'>aliis</span> <span class='ocrx_word' id='word_1_67' title='bbox 1134 1195 1294 1229; x_wconf 78' lang='lat' dir='ltr'>plantarum</span> <span class='ocrx_word' id='word_1_68' title='bbox 1325 1194 1441 1230; x_wconf 86' lang='lat' dir='ltr'>organis</span> <span class='ocrx_word' id='word_1_69' title='bbox 1471 1194 1620 1224; x_wconf 77' lang='lat' dir='ltr'>discernit.</span> 
     </span>
     <span class='ocr_line' id='line_1_10' title="bbox 102 1245 1623 1283; baseline -0.001 -8"><span class='ocrx_word' id='word_1_70' title='bbox 102 1245 138 1275; x_wconf 87' lang='lat' dir='ltr'>In</span> <span class='ocrx_word' id='word_1_71' title='bbox 168 1253 269 1283; x_wconf 84' lang='lat' dir='ltr'>genere</span> <span class='ocrx_word' id='word_1_72' title='bbox 297 1253 389 1275; x_wconf 84' lang='lat' dir='ltr'>tamen</span> <span class='ocrx_word' id='word_1_73' title='bbox 418 1245 489 1274; x_wconf 88' lang='lat' dir='ltr'>folia</span> <span class='ocrx_word' id='word_1_74' title='bbox 521 1255 626 1283; x_wconf 85' lang='lat' dir='ltr'>organa</span> <span class='ocrx_word' id='word_1_75' title='bbox 653 1253 723 1275; x_wconf 92' lang='lat' dir='ltr'>sunt</span> <span class='ocrx_word' id='word_1_76' title='bbox 755 1253 852 1275; x_wconf 88' lang='lat' dir='ltr'>motus</span> <span class='ocrx_word' id='word_1_77' title='bbox 882 1253 909 1274; x_wconf 90' lang='lat' dir='ltr'>et</span> <span class='ocrx_word' id='word_1_78' title='bbox 936 1245 1134 1282; x_wconf 73' lang='lat' dir='ltr'>respirationis</span> <span class='ocrx_word' id='word_1_79' title='bbox 1165 1246 1298 1281; x_wconf 81' lang='lat' dir='ltr'>plantae3</span> <span class='ocrx_word' id='word_1_80' title='bbox 1328 1245 1447 1274; x_wconf 88' lang='lat' dir='ltr'>laminae</span> <span class='ocrx_word' id='word_1_81' title='bbox 1470 1253 1486 1273; x_wconf 89' lang='lat' dir='ltr'>e</span> <span class='ocrx_word' id='word_1_82' title='bbox 1505 1246 1623 1274; x_wconf 83' lang='lat' dir='ltr'>caudice</span> 
     </span>
     <span class='ocr_line' id='line_1_11' title="bbox 101 1297 1623 1334; baseline 0 -8"><span class='ocrx_word' id='word_1_83' title='bbox 101 1297 310 1332; x_wconf 81' lang='lat' dir='ltr'>descendente,</span> <span class='ocrx_word' id='word_1_84' title='bbox 340 1297 511 1334; x_wconf 84' lang='lat' dir='ltr'>praeprimis</span> <span class='ocrx_word' id='word_1_85' title='bbox 538 1306 605 1326; x_wconf 85' lang='lat' dir='ltr'>vero</span> <span class='ocrx_word' id='word_1_86' title='bbox 628 1306 642 1326; x_wconf 90' lang='lat' dir='ltr'>e</span> <span class='ocrx_word' id='word_1_87' title='bbox 663 1299 782 1327; x_wconf 86' lang='lat' dir='ltr'>caudice</span> <span class='ocrx_word' id='word_1_88' title='bbox 803 1299 992 1327; x_wconf 84' lang='lat' dir='ltr'>adscendente</span> <span class='ocrx_word' id='word_1_89' title='bbox 1014 1305 1186 1333; x_wconf 87' lang='lat' dir='ltr'>nascentes,</span> <span class='ocrx_word' id='word_1_90' title='bbox 1207 1298 1350 1334; x_wconf 91' lang='lat' dir='ltr'>viridique</span> <span class='ocrx_word' id='word_1_91' title='bbox 1375 1298 1473 1326; x_wconf 87' lang='lat' dir='ltr'>colore</span> <span class='ocrx_word' id='word_1_92' title='bbox 1496 1299 1623 1334; x_wconf 76' lang='lat' dir='ltr'>plerum-</span> 
     </span>
     <span class='ocr_line' id='line_1_12' title="bbox 101 1349 1622 1386; baseline 0 -8"><span class='ocrx_word' id='word_1_93' title='bbox 101 1358 160 1386; x_wconf 86' lang='lat' dir='ltr'>que</span> <span class='ocrx_word' id='word_1_94' title='bbox 182 1349 322 1386; x_wconf 86' lang='lat' dir='ltr'>insignes.</span> <span class='ocrx_word' id='word_1_95' title='bbox 363 1349 505 1378; x_wconf 81' lang='lat' dir='ltr'>Ornatum</span> <span class='ocrx_word' id='word_1_96' title='bbox 539 1349 666 1378; x_wconf 87' lang='lat' dir='ltr'>efficiunt</span> <span class='ocrx_word' id='word_1_97' title='bbox 697 1350 881 1386; x_wconf 78' lang='lat' dir='ltr'>plantarum,</span> <span class='ocrx_word' id='word_1_98' title='bbox 915 1358 951 1378; x_wconf 89' lang='lat' dir='ltr'>ne</span> <span class='ocrx_word' id='word_1_99' title='bbox 979 1350 1070 1378; x_wconf 88' lang='lat' dir='ltr'>dicam</span> <span class='ocrx_word' id='word_1_100' title='bbox 1104 1350 1391 1386; x_wconf 85' lang='lat' dir='ltr'>splendidissimum,</span> <span class='ocrx_word' id='word_1_101' title='bbox 1420 1356 1542 1378; x_wconf 87' lang='lat' dir='ltr'>attamen</span> <span class='ocrx_word' id='word_1_102' title='bbox 1559 1350 1622 1379; x_wconf 84' lang='lat' dir='ltr'>diu·</span> 
     </span>
     <span class='ocr_line' id='line_1_13' title="bbox 93 1401 1623 1438; baseline 0 -9"><span class='ocrx_word' id='word_1_103' title='bbox 93 1401 213 1429; x_wconf 52' lang='lat' dir='ltr'>tissime</span> <span class='ocrx_word' id='word_1_104' title='bbox 243 1401 463 1436; x_wconf 82' lang='lat' dir='ltr'>perdurantem,</span> <span class='ocrx_word' id='word_1_105' title='bbox 484 1402 732 1437; x_wconf 79' lang='lat' dir='ltr'>constituuntque</span> <span class='ocrx_word' id='word_1_106' title='bbox 756 1402 906 1438; x_wconf 84' lang='lat' dir='ltr'>praecipue</span> <span class='ocrx_word' id='word_1_107' title='bbox 926 1402 975 1437; x_wconf 92' lang='lat' dir='ltr'>id,</span> <span class='ocrx_word' id='word_1_108' title='bbox 1004 1401 1082 1437; x_wconf 89' lang='lat' dir='ltr'>quod</span> <span class='ocrx_word' id='word_1_109' title='bbox 1110 1409 1240 1430; x_wconf 87' lang='lat' dir='ltr'>summus</span> <span class='ocrx_word' id='word_1_110' title='bbox 1263 1401 1483 1436; x_wconf 70' lang='lat' dir='ltr'>Humbolatius,</span> <span class='ocrx_word' id='word_1_111' title='bbox 1514 1421 1532 1436; x_wconf 88' lang='lat'>„</span> <span class='ocrx_word' id='word_1_112' title='bbox 1548 1401 1623 1438; x_wconf 83' lang='lat' dir='ltr'>phy-</span> 
     </span>
     <span class='ocr_line' id='line_1_14' title="bbox 103 1452 1171 1489; baseline -0.001 -7"><span class='ocrx_word' id='word_1_113' title='bbox 103 1452 295 1486; x_wconf 62' lang='lat' dir='ltr'>siognomiam</span> <span class='ocrx_word' id='word_1_114' title='bbox 323 1452 511 1487; x_wconf 71' lang='lat' dir='ltr'>plantarum⁰</span> <span class='ocrx_word' id='word_1_115' title='bbox 531 1453 551 1482; x_wconf 92' lang='lat' dir='ltr'>i.</span> <span class='ocrx_word' id='word_1_116' title='bbox 576 1461 602 1481; x_wconf 91' lang='lat' dir='ltr'>e.</span> <span class='ocrx_word' id='word_1_117' title='bbox 625 1453 754 1480; x_wconf 85' lang='lat' dir='ltr'>habitum</span> <span class='ocrx_word' id='word_1_118' title='bbox 781 1452 982 1489; x_wconf 86' lang='lat' dir='ltr'>vegetabilium</span> <span class='ocrx_word' id='word_1_119' title='bbox 1004 1452 1171 1488; x_wconf 86' lang='lat' dir='ltr'>appellavit.</span> 
     </span>
    </p>

    <p class='ocr_par' dir='ltr' id='par_1_6' title="bbox 105 1503 1621 1696">
     <span class='ocr_line' id='line_1_15' title="bbox 141 1503 1621 1542; baseline 0 -10"><span class='ocrx_word' id='word_1_120' title='bbox 141 1503 285 1542; x_wconf 87' lang='lat' dir='ltr'>Quaestio</span> <span class='ocrx_word' id='word_1_121' title='bbox 313 1503 463 1538; x_wconf 88' lang='lat' dir='ltr'>botanica‚</span> <span class='ocrx_word' id='word_1_122' title='bbox 487 1503 542 1532; x_wconf 84' lang='lat' dir='ltr'>hoc</span> <span class='ocrx_word' id='word_1_123' title='bbox 563 1512 639 1532; x_wconf 88' lang='lat' dir='ltr'>anno</span> <span class='ocrx_word' id='word_1_124' title='bbox 661 1503 691 1532; x_wconf 91' lang='lat' dir='ltr'>in</span> <span class='ocrx_word' id='word_1_125' title='bbox 713 1504 865 1532; x_wconf 86' lang='lat' dir='ltr'>Academia</span> <span class='ocrx_word' id='word_1_126' title='bbox 882 1503 1018 1532; x_wconf 88' lang='lat' dir='ltr'>Leidensi</span> <span class='ocrx_word' id='word_1_127' title='bbox 1043 1506 1212 1540; x_wconf 84' lang='lat' dir='ltr'>proposita,</span> <span class='ocrx_word' id='word_1_128' title='bbox 1234 1505 1380 1540; x_wconf 86' lang='lat' dir='ltr'>postulat,</span> <span class='ocrx_word' id='word_1_129' title='bbox 1402 1510 1434 1532; x_wconf 91' lang='lat' dir='ltr'>ut</span> <span class='ocrx_word' id='word_1_130' title='bbox 1455 1503 1557 1532; x_wconf 83' lang='lat' dir='ltr'>horum</span> <span class='ocrx_word' id='word_1_131' title='bbox 1575 1512 1621 1533; x_wconf 83' lang='lat' dir='ltr'>or·</span> 
     </span>
     <span class='ocr_line' id='line_1_16' title="bbox 107 1553 1616 1593; baseline 0 -9"><span class='ocrx_word' id='word_1_132' title='bbox 107 1563 246 1593; x_wconf 88' lang='lat' dir='ltr'>ganorum</span> <span class='ocrx_word' id='word_1_133' title='bbox 271 1562 375 1589; x_wconf 62' lang='lat' dir='ltr'>orum,</span> <span class='ocrx_word' id='word_1_134' title='bbox 398 1555 493 1590; x_wconf 92' lang='lat' dir='ltr'>situs,</span> <span class='ocrx_word' id='word_1_135' title='bbox 515 1554 623 1584; x_wconf 87' lang='lat' dir='ltr'>fabrica</span> <span class='ocrx_word' id='word_1_136' title='bbox 645 1561 673 1583; x_wconf 90' lang='lat' dir='ltr'>et</span> <span class='ocrx_word' id='word_1_137' title='bbox 694 1553 809 1584; x_wconf 86' lang='lat' dir='ltr'>functio</span> <span class='ocrx_word' id='word_1_138' title='bbox 826 1555 968 1583; x_wconf 87' lang='lat' dir='ltr'>concinne</span> <span class='ocrx_word' id='word_1_139' title='bbox 986 1562 1176 1591; x_wconf 86' lang='lat' dir='ltr'>exponantur.</span> <span class='ocrx_word' id='word_1_140' title='bbox 1217 1555 1274 1584; x_wconf 91' lang='lat' dir='ltr'>Pro</span> <span class='ocrx_word' id='word_1_141' title='bbox 1292 1556 1404 1583; x_wconf 89' lang='lat' dir='ltr'>viribus</span> <span class='ocrx_word' id='word_1_142' title='bbox 1420 1555 1508 1591; x_wconf 73' lang='lat' dir='ltr'>igitur</span> <span class='ocrx_word' id='word_1_143' title='bbox 1523 1555 1592 1584; x_wconf 85' lang='lat' dir='ltr'>meis</span> <span class='ocrx_word' id='word_1_144' title='bbox 1605 1576 1616 1591; x_wconf 89' lang='lat'>,</span> 
     </span>
     <span class='ocr_line' id='line_1_17' title="bbox 105 1605 1620 1644; baseline 0.001 -9"><span class='ocrx_word' id='word_1_145' title='bbox 105 1616 177 1643; x_wconf 86' lang='lat' dir='ltr'>quas</span> <span class='ocrx_word' id='word_1_146' title='bbox 203 1613 321 1641; x_wconf 83' lang='lat' dir='ltr'>tenues,</span> <span class='ocrx_word' id='word_1_147' title='bbox 343 1613 370 1634; x_wconf 89' lang='lat' dir='ltr'>et</span> <span class='ocrx_word' id='word_1_148' title='bbox 393 1605 517 1634; x_wconf 84' lang='lat' dir='ltr'>fortasse</span> <span class='ocrx_word' id='word_1_149' title='bbox 542 1606 578 1634; x_wconf 87' lang='lat' dir='ltr'>rei</span> <span class='ocrx_word' id='word_1_150' title='bbox 599 1615 749 1642; x_wconf 77' lang='lat' dir='ltr'>susceptae</span> <span class='ocrx_word' id='word_1_151' title='bbox 765 1607 909 1643; x_wconf 80' lang='lat' dir='ltr'>impares,</span> <span class='ocrx_word' id='word_1_152' title='bbox 930 1615 994 1636; x_wconf 82' lang='lat' dir='ltr'>esse</span> <span class='ocrx_word' id='word_1_153' title='bbox 1010 1607 1122 1642; x_wconf 84' lang='lat' dir='ltr'>sentio,</span> <span class='ocrx_word' id='word_1_154' title='bbox 1145 1608 1173 1636; x_wconf 90' lang='lat' dir='ltr'>in</span> <span class='ocrx_word' id='word_1_155' title='bbox 1193 1616 1303 1636; x_wconf 85' lang='lat' dir='ltr'>arenam</span> <span class='ocrx_word' id='word_1_156' title='bbox 1323 1607 1492 1636; x_wconf 86' lang='lat' dir='ltr'>descendere</span> <span class='ocrx_word' id='word_1_157' title='bbox 1512 1614 1620 1644; x_wconf 76' lang='lat' dir='ltr'>ausus,</span> 
     </span>
     <span class='ocr_line' id='line_1_18' title="bbox 106 1658 1536 1696; baseline 0.001 -9"><span class='ocrx_word' id='word_1_158' title='bbox 106 1658 174 1688; x_wconf 85' lang='lat' dir='ltr'>huic</span> <span class='ocrx_word' id='word_1_159' title='bbox 200 1659 363 1694; x_wconf 80' lang='lat' dir='ltr'>quaestioni</span> <span class='ocrx_word' id='word_1_160' title='bbox 390 1658 561 1694; x_wconf 75' lang='lat' dir='ltr'>respondere</span> <span class='ocrx_word' id='word_1_161' title='bbox 583 1666 689 1693; x_wconf 77' lang='lat' dir='ltr'>conat,</span> <span class='ocrx_word' id='word_1_162' title='bbox 711 1659 836 1687; x_wconf 85' lang='lat' dir='ltr'>ordinem</span> <span class='ocrx_word' id='word_1_163' title='bbox 865 1664 1004 1694; x_wconf 84' lang='lat' dir='ltr'>secutus,</span> <span class='ocrx_word' id='word_1_164' title='bbox 1025 1667 1110 1694; x_wconf 87' lang='lat' dir='ltr'>quem</span> <span class='ocrx_word' id='word_1_165' title='bbox 1133 1658 1195 1694; x_wconf 85' lang='lat' dir='ltr'>ipsa</span> <span class='ocrx_word' id='word_1_166' title='bbox 1219 1659 1371 1688; x_wconf 86' lang='lat' dir='ltr'>exhibebat</span> <span class='ocrx_word' id='word_1_167' title='bbox 1390 1659 1536 1696; x_wconf 74' lang='lat' dir='ltr'>quaestio-</span> 
     </span>
    </p>

    <p class='ocr_par' dir='ltr' id='par_1_7' title="bbox 139 1709 1273 1748">
     <span class='ocr_line' id='line_1_19' title="bbox 139 1709 1273 1748; baseline 0.002 -10"><span class='ocrx_word' id='word_1_168' title='bbox 139 1709 276 1748; x_wconf 89' lang='lat' dir='ltr'>Quatuor</span> <span class='ocrx_word' id='word_1_169' title='bbox 295 1710 384 1746; x_wconf 84' lang='lat' dir='ltr'>igitur</span> <span class='ocrx_word' id='word_1_170' title='bbox 410 1711 458 1746; x_wconf 53' lang='grc' dir='ltr'>ὃς.</span> <span class='ocrx_word' id='word_1_171' title='bbox 482 1716 609 1738; x_wconf 87' lang='lat' dir='ltr'>nostram</span> <span class='ocrx_word' id='word_1_172' title='bbox 637 1710 845 1746; x_wconf 84' lang='lat' dir='ltr'>expositionem</span> <span class='ocrx_word' id='word_1_173' title='bbox 870 1711 1128 1748; x_wconf 85' lang='lat' dir='ltr'>complectuntur,</span> <span class='ocrx_word' id='word_1_174' title='bbox 1151 1719 1273 1747; x_wconf 88' lang='lat' dir='ltr'>quarum</span> 
     </span>
    </p>

    <p class='ocr_par' dir='ltr' id='par_1_8' title="bbox 252 1754 895 1799">
     <span class='ocr_line' id='line_1_20' title="bbox 252 1754 895 1799; baseline 0.003 -10"><span class='ocrx_word' id='word_1_175' title='bbox 252 1771 280 1792; x_wconf 89' lang='lat'>1.</span> <span class='ocrx_word' id='word_1_176' title='bbox 323 1762 367 1789; x_wconf 90' lang='lat' dir='ltr'>De</span> <span class='ocrx_word' id='word_1_177' title='bbox 384 1767 451 1790; x_wconf 81' lang='lat' dir='ltr'>ortu</span> <span class='ocrx_word' id='word_1_178' title='bbox 476 1760 611 1790; x_wconf 80' lang='lat' dir='ltr'>foliorum</span> <span class='ocrx_word' id='word_1_179' title='bbox 637 1762 798 1797; x_wconf 87' lang='lat' dir='ltr'>plantarum</span> <span class='ocrx_word' id='word_1_180' title='bbox 825 1754 895 1799; x_wconf 65' lang='lat' dir='ltr'>agit.</span> 
     </span>
    </p>

    <p class='ocr_par' dir='ltr' id='par_1_9' title="bbox 248 1812 699 1844">
     <span class='ocr_line' id='line_1_21' title="bbox 248 1812 699 1844; baseline 0.002 -3"><span class='ocrx_word' id='word_1_181' title='bbox 248 1823 276 1844; x_wconf 67' lang='grc' dir='ltr'>α,</span> <span class='ocrx_word' id='word_1_182' title='bbox 315 1812 359 1841; x_wconf 90' lang='lat' dir='ltr'>De</span> <span class='ocrx_word' id='word_1_183' title='bbox 382 1820 480 1840; x_wconf 87' lang='lat' dir='ltr'>eorum</span> <span class='ocrx_word' id='word_1_184' title='bbox 502 1814 560 1841; x_wconf 78' lang='lat' dir='ltr'>situ</span> <span class='ocrx_word' id='word_1_185' title='bbox 584 1819 699 1843; x_wconf 78' lang='lat' dir='ltr'>tractat.</span> 
     </span>
    </p>

    <p class='ocr_par' dir='ltr' id='par_1_10' title="bbox 252 1864 808 1902">
     <span class='ocr_line' id='line_1_22' title="bbox 252 1864 808 1902; baseline 0 -8"><span class='ocrx_word' id='word_1_186' title='bbox 252 1873 278 1902; x_wconf 81' lang='lat'>3.</span> <span class='ocrx_word' id='word_1_187' title='bbox 319 1864 427 1892; x_wconf 87' lang='lat' dir='ltr'>Eorum</span> <span class='ocrx_word' id='word_1_188' title='bbox 446 1864 599 1901; x_wconf 78' lang='lat' dir='ltr'>fabricam</span> <span class='ocrx_word' id='word_1_189' title='bbox 622 1865 761 1901; x_wconf 86' lang='lat' dir='ltr'>exponit,</span> <span class='ocrx_word' id='word_1_190' title='bbox 780 1872 808 1894; x_wconf 89' lang='lat' dir='ltr'>et</span> 
     </span>
    </p>

    <p class='ocr_par' dir='ltr' id='par_1_11' title="bbox 248 1916 1320 1955">
     <span class='ocr_line' id='line_1_23' title="bbox 248 1916 1320 1955; baseline 0.005 -10"><span class='ocrx_word' id='word_1_191' title='bbox 248 1924 278 1953; x_wconf 81' lang='lat'>4-</span> <span class='ocrx_word' id='word_1_192' title='bbox 319 1916 453 1954; x_wconf 81' lang='lat' dir='ltr'>Denique</span> <span class='ocrx_word' id='word_1_193' title='bbox 472 1924 505 1948; x_wconf 90' lang='lat' dir='ltr'>ea</span> <span class='ocrx_word' id='word_1_194' title='bbox 528 1917 677 1955; x_wconf 85' lang='lat' dir='ltr'>continet,</span> <span class='ocrx_word' id='word_1_195' title='bbox 700 1925 772 1954; x_wconf 82' lang='lat' dir='ltr'>quae</span> <span class='ocrx_word' id='word_1_196' title='bbox 794 1917 828 1948; x_wconf 88' lang='lat' dir='ltr'>de</span> <span class='ocrx_word' id='word_1_197' title='bbox 842 1917 997 1955; x_wconf 71' lang='lat' dir='ltr'>functione</span> <span class='ocrx_word' id='word_1_198' title='bbox 1018 1917 1134 1949; x_wconf 84' lang='lat' dir='ltr'>illorum</span> <span class='ocrx_word' id='word_1_199' title='bbox 1160 1917 1320 1952; x_wconf 84' lang='lat' dir='ltr'>innotuere.</span> 
     </span>
    </p>
   </div>
   <div class='ocr_carea' id='block_1_6' title="bbox 879 2008 1622 2061">
    <p class='ocr_par' dir='ltr' id='par_1_12' title="bbox 879 2008 1622 2061">
     <span class='ocr_line' id='line_1_24' title="bbox 879 2008 1622 2061; baseline 0.004 -10"><span class='ocrx_word' id='word_1_200' title='bbox 879 2020 947 2051; x_wconf 71' lang='lat' dir='ltr'>Aa.</span> <span class='ocrx_word' id='word_1_201' title='bbox 1171 2059 1175 2061; x_wconf 41' lang='grc'><strong>,</strong></span> <span class='ocrx_word' id='word_1_202' title='bbox 1303 2008 1306 2011; x_wconf 42' lang='grc'><strong>“</strong></span> <span class='ocrx_word' id='word_1_203' title='bbox 1537 2018 1622 2058; x_wconf 68' lang='lat'>§.10</span> 
     </span>
    </p>
   </div>
  </div>
 </body>
</html>
