1913 2417
266 149 547 182 RESPONSIO
571 160 620 182 AD
651 147 1008 189 QUAESTIONEM
1036 149 1487 201 HYDROSTATICAM.
1592 157 1636 193 43²

120 238 206 268 gum,
233 236 368 272 ponderis
387 236 525 272 J'acturam
551 236 679 272 patitur,
709 243 762 271 pro
796 233 905 262 ratione
930 234 1078 263 densitatis
1108 234 1209 270 fluidi,
1239 236 1277 265 ita
1302 242 1329 265 et
1360 245 1462 272 aquam
1491 237 1520 266 in
1553 246 1628 273 aqua

120 290 210 314 totam
238 295 318 316 suum
354 287 470 323 pondus
509 287 665 319 amittere„
703 285 777 315 Dein
811 292 870 314 non
899 284 1057 321 intelligere
1089 294 1119 314 se
1148 286 1281 320 fatetur,
1317 287 1389 323 quid
1421 288 1504 316 verba
1543 289 1621 318 doct.

118 343 174 364 van
199 336 312 365 Marum
338 337 394 366 sibi
415 338 524 372 velint,
545 337 595 366 ubi
619 339 675 366 ait:
708 358 732 373 aa
755 337 830 364 illam
857 335 1078 371 Hydrostatices
1093 338 1181 373 legem
1204 339 1239 366 ab
1262 338 1328 373 ipso
1354 340 1529 368 evertendam
1553 340 1628 368 fuis-

118 395 171 422 se,
191 396 262 423 quae
286 389 371 417 doc'et
401 389 566 425 gravitatem
590 387 670 417 fluidi
692 388 722 416 in
744 388 836 416 fluido
859 387 1038 424 homogeneo
1059 396 1119 417 non
1138 388 1257 423 sentiri,
1278 389 1342 417 ideo
1364 390 1443 425 quod
1466 397 1560 425 partes
1584 391 1628 418 in-

115 437 235 467 feriores
257 439 419 468 sustineant
446 440 627 475 superiores,
657 448 724 467 cum
750 439 813 475 ipse
835 439 929 467 eadem
956 439 986 467 in
1012 447 1064 468 sua
1093 439 1379 477 dissertationem)
1402 441 1529 471 affirmet.
1570 441 1630 469 Ne-

114 496 174 524 que
195 488 276 518 etiam
299 490 395 526 capit,
417 491 566 527 quomodo
589 491 669 519 doct.
693 499 746 520 van
775 489 891 519 Marum
916 496 1068 526 utramque
1093 491 1278 526 experimenti
1303 491 1440 528 Boyleani
1460 493 1630 528 explicatio-

115 547 180 568 nem
215 540 363 571 admittere
399 543 497 578 possit
514 564 524 580 ,
562 543 699 579 quoniam
737 542 810 571 duae
846 542 999 578 oppositae
1040 542 1197 571 sententiae
1232 542 1329 571 ambae
1361 551 1441 573 verae
1474 552 1537 573 esse
1570 551 1631 573 non

115 597 253 627 possunt.

155 641 283 672 Tandem
309 644 360 674 Cl.
385 643 540 675 Hesselink
562 645 784 681 explicationem
806 645 991 681 experimenti
1017 652 1073 680 ope
1099 644 1215 681 lagenae
1241 654 1388 682 ceraceae,
1419 654 1489 675 suae
1513 646 1635 675 demon-

117 693 253 727 strationi
283 703 343 724 non
372 697 487 725 noxiam
516 705 580 725 esse
607 697 744 733 affirmat,
773 705 838 725 cum
870 702 898 725 et
926 704 982 725 van
1006 696 1146 731 Marum,
1173 697 1271 725 eodem
1302 703 1389 732 atque
1411 697 1502 733 ipse,
1533 703 1630 725 utatur

113 744 290 781 principio,
315 747 428 776 scilicet
458 749 579 778 diversis
610 757 767 784 corporum
806 748 1017 778 voluminibus.
1066 747 1156 776 Addit
1189 753 1283 775 tamen
1315 748 1394 776 doct.
1428 756 1482 776 van
1518 747 1635 776 Marum

116 802 229 831 errare,
253 797 281 825 si
304 804 406 833 putet,
436 807 539 835 aquam
562 799 591 828 in
621 800 721 835 lagena
746 799 781 828 ad
803 799 890 836 hujus
917 798 1053 826 volumen
1087 798 1246 834 pertinere,
1273 797 1407 833 quoniam
1440 798 1639 826 communicat

114 853 187 874 cum
208 855 284 882 aqua
307 850 452 879 exteriori.
494 851 585 879 §ecus
609 857 706 886 esset,
734 850 760 879 si
780 851 877 887 lagena
901 849 1091 878 clauderetur.
1132 847 1218 876 Nihil
1236 855 1328 877 tamen
1351 848 1461 878 idcirco
1486 855 1635 883 mutatur,

114 897 184 932 quia
209 899 281 936 (2)
309 906 370 929 tum
399 901 484 930 etiam
515 910 610 931 massa
633 908 717 932 aucta
746 909 790 930 est
815 901 974 937 quantitate
996 908 1105 935 aquae,
1136 907 1208 936 quae
1232 899 1350 928 intravit
1373 900 1518 937 lagenam,
1551 906 1639 936 atque

114 946 158 976 ita
179 949 264 978 etiam
288 950 317 979 in
340 952 434 981 eadem
462 954 572 982 ratione
595 954 672 983 aucti
694 953 853 982 voluminis
877 951 1011 980 increvit.

118 1026 123 1029 .
157 1000 206 1029 Sic
227 1002 341 1037 quidem
364 1011 427 1032 sese
458 1004 612 1033 defendens
637 1004 688 1033 Cl.
716 1003 891 1038 Hesselink‚
921 1010 980 1030 non
1004 1001 1127 1029 multum
1153 1007 1243 1036 post,
1271 1007 1305 1029 ut
1326 1001 1366 1030 ita
1388 1002 1500 1036 dicam,
1528 1001 1635 1029 auxilia

113 1050 240 1086 flccepit.
294 1054 411 1083 Etenim
441 1056 503 1092 ejus
540 1055 769 1084 dissertationem
810 1061 947 1082 censurae
979 1051 1153 1080 submissam
1187 1051 1348 1081 invenimus
1378 1052 1408 1081 in
1440 1051 1531 1081 diario
1562 1059 1638 1087 quo·

116 1101 183 1130 dam
209 1103 298 1140 (3),
326 1105 411 1142 cujus
439 1114 575 1135 censurae
599 1113 708 1135 *auctor
732 1105 772 1133 ita
802 1103 874 1133 favit
900 1103 1055 1132 sententiae
1085 1102 1282 1140 Hesse1ingii,
1311 1110 1363 1139 ut,
1392 1103 1448 1132 etsi
1476 1109 1542 1131 ante
1567 1109 1637 1146 curn

116 1150 228 1188 Boyleo
258 1153 385 1192 fecerit,
422 1157 480 1194 jam
511 1156 638 1194 repetitis
670 1155 847 1193 Hesselingii
872 1154 1074 1191 experimentis
1114 1153 1258 1183 adductus
1272 1175 1284 1190 ,
1316 1153 1385 1182 huic
1417 1153 1511 1183 victas
1544 1154 1637 1182 tradat

114 1209 234 1233 manus.
769 1229 773 1231 a

152 1252 302 1284 Nimirum
327 1257 438 1293 duplici
460 1259 547 1288 modo
576 1259 775 1295 quaestionem
798 1257 834 1286 de
858 1255 1047 1293 gravitatione
1068 1255 1224 1284 fluidorum
1249 1255 1278 1284 in
1299 1255 1427 1293 propriis
1450 1253 1524 1284 locis
1547 1252 1641 1291 accipi

109 1311 201 1342 'posse
225 1313 322 1336 monet
345 1313 467 1343 auctor,
495 1315 523 1337 et
544 1309 580 1338 ab
603 1307 792 1345 Hesselingio
822 1312 967 1343 acceptam
996 1314 1063 1335 esse
1085 1306 1170 1336 dicit».
1212 1306 1329 1335 Etenim
1350 1306 1376 1335 si
1401 1311 1572 1342 quaeratur,
1601 1313 1638 1334 an

108 1355 201 1391 ‘fluida
224 1358 254 1387 in
278 1359 406 1396 propriis
423 1360 496 1389 locis
522 1359 688 1397 gravitent?
724 1366 752 1388 et
771 1360 796 1388 si
815 1367 851 1388 eo
877 1357 1076 1395 significetur,
1105 1366 1141 1386 an
1172 1364 1267 1393 partes
1296 1357 1452 1386 fluidorum
1475 1356 1505 1386 in
1535 1353 1636 1385 iisdeui

108 1406 208 1437 'fluidis
229 1410 397 1445 gravitatem
425 1419 506 1441 suam
532 1418 666 1447 servent,
697 1418 786 1446 eaque
809 1409 915 1446 agant?
945 1415 1007 1437 tum
1029 1408 1183 1444 responsio
1213 1409 1265 1436 erit
1291 1407 1479 1442 affirmativa,
1508 1413 1632 1436 consen-

110 1456 252 1488 tientibus
284 1462 464 1499 Hesselingio
485 1469 514 1492 et
538 1463 640 1492 ceteris
659 1463 809 1491 omnibus.
849 1461 875 1489 E
899 1467 1021 1494 contra,
1043 1459 1069 1488 si
1091 1459 1223 1494 quaestio
1245 1459 1300 1486 hoc
1326 1458 1384 1487 sibi
1405 1458 1493 1492 velit,
1515 1465 1550 1485 an
1565 1463 1631 1492 pars

110 1507 195 1538 'fluidi
218 1511 307 1540 eidem
334 1513 423 1542 fluido
449 1514 580 1542 immersa
605 1514 731 1550 pondere
753 1520 809 1541 suo
836 1517 900 1548 agat
923 1510 953 1538 in
974 1510 1082 1538 lancem
1105 1509 1247 1544 bilancis,
1268 1510 1313 1537 vel
1334 1517 1368 1537 an
1391 1507 1551 1544 ponderet?
1572 1513 1635 1536 tum

111 1562 266 1596 responsio
289 1569 353 1599 est,
383 1572 417 1592 eo
440 1573 527 1593 sensu
549 1573 609 1594 non
633 1565 794 1601 ponderat,
816 1570 875 1591 non
899 1561 959 1597 agit
983 1560 1014 1588 in
1043 1560 1205 1596 bilancem‚
1234 1560 1348 1595 pondus
1372 1561 1403 1588 in
1429 1567 1488 1588 eam
1517 1559 1632 1588 nullum

104 1616 230 1639 exercet.
267 1613 329 1648 Jam
351 1622 419 1643 vero
443 1616 581 1651 antiquos
610 1615 657 1643 vel
685 1613 885 1642 Scholasticos
920 1611 1115 1647 quaestionem
1149 1612 1206 1639 hoc
1235 1619 1322 1638 sensu
1353 1610 1518 1646 accepisse,
1547 1609 1632 1637 facile

114 1667 149 1689 ex
179 1668 277 1691 eorum
307 1665 443 1699 operibus
469 1666 567 1701 aliquo
591 1665 707 1694 citando
730 1663 845 1700 probari
873 1670 978 1698 posse:
1010 1669 1039 1691 at
1064 1670 1131 1691 vero
1155 1662 1284 1691 sufficere
1312 1662 1390 1690 hunc
1415 1661 1444 1689 in
1470 1660 1552 1689 finem
1585 1661 1631 1688 lo·

104 1719 174 1741 tum
202 1712 301 1749 ssoylei
325 1715 361 1743 ab
388 1716 572 1753 Hesselingio
599 1716 742 1750 citatum,
771 1722 822 1743 nec
845 1722 925 1749 non,
953 1714 1033 1750 quod
1057 1714 1081 1742 ei
1102 1715 1250 1750 ,praecedit
1276 1712 1474 1742 consuluisse.
1519 1710 1631 1739 Recen-

109 1761 196 1792 tiores
217 1771 286 1793 vero
309 1766 494 1803 antiquorum
526 1768 621 1796 thesin
646 1767 698 1795 illo
725 1774 812 1795 sensu
837 1772 1001 1801 acceptam,
1031 1765 1226 1801 experimento
1252 1764 1397 1800 Boyleano
1424 1761 1550 1790 refellere
1572 1769 1626 1790 vo·

104 1805 218 1849 tuisse,
238 1821 324 1851 atque
346 1825 448 1854 aquam
472 1820 599 1856 lagenam
624 1818 809 1854 implentem,
839 1823 983 1852 tamquam
1008 1824 1102 1845 revera
1126 1815 1155 1844 in
1179 1816 1319 1844 bilancem
1343 1818 1494 1851 agentem,
1526 1818 1554 1840 et
1577 1811 1621 1840 sic

102 1869 220 1893 -causam
245 1867 405 1903 aequilibrii
425 1870 568 1899 destructi
595 1869 751 1906 habuisse,
779 1868 951 1897 sufficienter
977 1875 1011 1896 ex
1043 1864 1174 1902 ipsorum
1201 1865 1362 1896 rationibus
1384 1865 1419 1894 ab
1440 1862 1625 1899 Hesselingio

1575 1912 1628 1945 *ud-

131 1988 184 2017 (ἲ)
200 1996 226 2018 -Ρ-
247 1996 281 2018 ¹2·
472 1993 526 2023 (a)
547 1995 614 2021 conf.
633 1994 690 2020 ibid.
705 2002 730 2025 p.
747 1997 790 2019 ro:
963 1991 1016 2020 (3)
1036 1989 1130 2015 vmn·
1148 1991 1310 2015 Leues-oeten.
1328 1993 1392 2018 1807.
1414 1997 1436 2014 n.
1452 1991 1477 2015 6.

889 2032 912 2063 F
933 2041 953 2062 α
