1913 2417
268 173 305 204 52
604 163 639 193 P.
715 163 743 200 J.
822 158 1439 193 UYLENBROEK

275 246 406 281 Aeneae,
435 245 537 280 illuni,
569 251 723 281 postquam
758 251 909 280 utramque
932 245 1052 274 vesicam
1079 246 1251 281 perforavit,
1281 246 1353 274 nihii
1378 246 1457 274 aliud
1477 245 1596 281 fecisse,
1625 247 1680 276 nisi
1702 247 1781 284 quod

277 297 403 333 lagenam
425 297 460 325 ad
482 303 588 324 statum
611 303 695 324 suum
717 294 869 330 pristinum
896 296 985 331 (ante
1011 296 1123 325 vesicas
1150 297 1282 334 additas)
1306 297 1465 331 reduxerit3
1488 297 1617 332 nihilque
1636 304 1705 333 post
1724 298 1781 334 pri-

276 354 348 375 mam
370 347 445 375 illam
472 353 576 382 partem
610 346 694 382 (qua
717 344 828 373 scilicet
849 346 973 381 lagenam
997 345 1089 375 fundo
1120 347 1246 376 orbatam
1272 348 1300 375 in
1324 356 1396 382 aqua
1426 347 1457 375 in
1479 348 1650 382 aequilibrio
1673 349 1785 378 consti-

278 397 387 434 tuerit)
407 397 564 431 addidisse,
586 396 643 424 nisi
666 402 775 424 tantum
801 396 936 432 ponderis
962 396 1072 425 relativi
1095 397 1224 425 inferiori
1242 398 1314 433 parti
1340 399 1471 434 lagenae,
1494 405 1631 433 quantum
1657 399 1786 428 inaltera

276 449 356 476 lance
377 453 531 483 posuerat,
562 455 632 481 quae
651 447 775 482 pondera
803 447 901 482 itaque
933 447 988 475 sibi
1013 448 1222 484 aequipollent.
1265 448 1376 476 Ablatis
1408 449 1532 486 pondere
1555 449 1606 478 illo
1629 449 1732 485 affixo,
1760 456 1789 478 et

281 497 490 533 contrapondio
515 498 618 526 ultimo
642 498 799 533 apposito,
829 504 935 526 statutt]
961 499 1057 535 lagena
1089 499 1244 534 pristinum
1277 505 1433 535 recuperat.
1473 500 1548 528 Idem
1574 501 1678 536 etiam,
1711 500 1790 536 quod.

277 549 308 577 in
325 549 507 584 praecedente
528 548 743 584 experimento,
770 549 966 584 obtinuisset,
988 550 1013 577 si
1036 556 1103 585 post
1130 555 1255 584 apertam
1275 550 1404 586 *vesicam
1421 552 1616 587 superiorem,
1637 557 1664 578 et
1686 550 1790 579 introi-

281 605 342 628 tum
367 606 479 635 aquae,
504 599 619 634 pondus
643 599 755 628 affixum
774 602 869 628 statim
892 600 1071 629 abstulisset.
1112 600 1190 628 Tum
1216 600 1288 628 enim
1314 609 1386 636 aqua
1409 602 1439 630 in
1468 602 1564 637 lagena
1587 602 1660 630 idem
1687 610 1719 629 ac
1741 609 1793 629 an-

283 657 328 680 tea
349 651 465 686 pondus
489 649 622 684 affixum,
644 650 846 685 praestitisset.
885 651 974 679 Porro
994 651 1018 679 si
1035 650 1232 686 aequilibrium
1248 652 1457 687 destrueretur,
1486 653 1565 687 quod
1585 658 1612 679 et
1636 652 1791 687 Coppena-

285 702 362 736 lius,
383 706 510 729 assumta
535 700 724 737 gravitatione
748 710 838 737 aquae
860 702 888 730 in
909 710 1003 737 aqua,
1032 702 1194 738 necessario
1220 703 1301 737 sequi
1326 708 1429 738 putat,
1450 703 1548 738 lagena
1574 702 1622 730 illa
1648 710 1707 730 non
1733 708 1795 730 tan-

286 759 347 780 tum
374 752 404 780 in
421 760 515 787 aqua,
545 752 575 780 in
594 752 661 780 loco
680 760 733 780 suo
753 753 895 788 naturali,
927 754 975 781 sed
992 753 1075 782 etiam
1095 754 1123 781 in
1140 753 1288 781 brachium
1313 753 1434 781 bilancis
1457 761 1538 789 agere
1559 753 1686 787 deberet,
1716 752 1798 788 quod

283 811 406 840 prorsus
431 802 490 831 fien'
514 803 627 838 nequit.
670 802 797 831 Tandem
831 804 1029 833 animadvertit
1053 805 1181 838 Aeneae,
1211 804 1288 832 hunc
1322 812 1488 840 apparatum
1512 812 1570 832 non
1594 811 1656 832 esse
1679 802 1736 831 nisi
1759 802 1799 831 si«
1822 825 1823 829 ,

293 855 381 882 tularn
408 862 567 889 ceraceam,
591 854 639 882 sed
662 854 717 882 sub
742 855 794 882 alia
818 854 926 889 sorma3
952 855 1020 889 quid
1043 862 1134 883 autem
1163 855 1265 882 dehac
1288 855 1408 889 dixerit,
1428 855 1485 890 jam
1509 863 1596 890 snpra
1619 854 1758 882 vidimus.

323 905 451 933 Similem
477 905 533 932 fere
554 905 582 932 in
608 905 725 932 modum
750 905 784 932 de
806 906 893 940 priori
922 906 1020 933 saltem
1050 905 1242 941 experimento
1270 906 1364 940 ipsum
1392 905 1608 941 Hesselingium
1633 904 1797 940 cogitasse,

287 956 373 985 nobis
395 957 590 984 demonstrare
618 956 771 990 videntur,
802 964 874 991 quae
897 955 970 984 inter
994 952 1129 991 aliaipse
1151 957 1243 984 adhuc
1269 956 1467 984 animadvertit
1492 957 1582 992 (1),
1605 955 1640 983 ad
1664 953 1740 983 litem
1766 954 1800 982 de

288 1007 459 1042 explicando
487 1006 680 1042 experimento
705 1006 862 1042 Boyleano.
913 1006 956 1034 lbi
989 1007 1062 1034 enim
1098 1007 1188 1041 dicit,
1219 1008 1387 1042 scriptorem
1425 1006 1506 1033 illum
1536 1014 1730 1042 anonymum,
1767 1011 1801 1033 ut

291 1057 402 1086 refellat
437 1063 602 1093 argumenta
632 1057 712 1085 doct.
746 1057 882 1091 Aeneae,
917 1057 978 1093 ejus
1018 1056 1067 1092 (i,
1096 1065 1122 1085 e.
1154 1056 1360 1094 Hesselingii)
1395 1057 1612 1092 explicationem
1647 1057 1807 1085 descensus

288 1109 402 1145 lagenae
425 1108 571 1137 ostendere
594 1108 723 1136 voluisse
746 1108 961 1143 experimento,
991 1108 1070 1142 quod
1091 1108 1115 1135 ei
1147 1108 1270 1136 consilio
1293 1108 1408 1136 minime
1428 1108 1566 1143 inservit,
1587 1115 1614 1136 et
1635 1108 1802 1136 observato-

290 1168 347 1188 rem
373 1160 489 1195 decipit.
541 1159 658 1187 Scilicet
683 1160 744 1196 eJ‘us
764 1159 862 1188 bilanx
888 1159 918 1187 in
945 1158 1112 1193 aequilibrio
1137 1166 1249 1194 manet,
1279 1167 1433 1196 postquam
1457 1167 1529 1194 aqua
1553 1160 1679 1195 lagenam
1704 1158 1805 1194 imple-

294 1211 349 1239 vit.
392 1210 457 1239 Hoc
482 1218 578 1239 verum
606 1217 649 1238 est
671 1210 909 1246 inspicientibus,
941 1210 990 1245 qui
1017 1218 1075 1238 non
1100 1210 1254 1239 observant
1279 1211 1374 1238 eodem
1402 1210 1460 1238 fere
1488 1217 1631 1246 tempore,
1653 1217 1712 1245 quo
1731 1216 1806 1245 aqua

293 1262 421 1298 lagenam
453 1262 628 1298 ingreditur,
655 1268 766 1290 tantum
793 1261 928 1297 ponderis
954 1269 968 1288 a
998 1262 1094 1297 lagena
1122 1261 1244 1297 auferri,
1272 1269 1435 1297 quantum,
1466 1262 1509 1289 uti
1534 1261 1666 1295 videtur,
1694 1258 1809 1296 gravior

293 1312 346 1347 fit,
376 1314 454 1348 quod
475 1313 609 1348 pondus,
634 1312 713 1340 funis
741 1320 796 1347 ope
819 1313 932 1348 lagenae
952 1313 1112 1346 adnexum,
1144 1311 1202 1340 fere
1225 1313 1258 1340 ad
1289 1312 1451 1340 distantiam
1476 1320 1504 1341 v.
1528 1321 1557 1347 g.
1581 1311 1666 1339 unius
1691 1310 1801 1346 lineae,

297 1362 418 1391 fundum
445 1363 547 1399 tangit.
588 1363 808 1400 Quamprimum
840 1363 896 1398 jam
919 1362 986 1390 haec
1011 1363 1076 1390 lanx
1099 1370 1182 1390 unam
1215 1362 1315 1390 lineam
1341 1362 1485 1390 descendit
1512 1363 1616 1398 (quod
1642 1369 1735 1389 revera
1754 1360 1807 1389 ob·

294 1413 387 1450 tinet)
411 1415 526 1449 pondus
555 1415 610 1442 hoc
634 1414 662 1441 in
687 1413 807 1441 fundum
830 1414 925 1448 cadit,
954 1421 1041 1448 atque
1067 1414 1103 1442 ita
1128 1422 1142 1440 a
1164 1414 1242 1440 lance
1275 1413 1415 1440 aufertur.
1456 1413 1486 1440 Si
1513 1421 1598 1441 unum
1631 1412 1765 1448 pollicem
1789 1420 1812 1441 ι

298 1463 390 1492 fundo
416 1464 557 1498 distaret,
576 1465 640 1492 lanx
666 1472 753 1491 unum
781 1465 913 1499 pollicem
938 1465 1128 1492 descenderet.
1338 1460 1340 1463 ’

337 1515 472 1544 Ceterum
498 1514 550 1542 Cl.
578 1514 729 1542 Hcsselink
754 1522 820 1541 suae
844 1515 1045 1549 explicationis
1073 1513 1257 1548 experimenti
1284 1513 1418 1549 Boyleani
1446 1521 1546 1550 tenax,
1579 1515 1620 1543 nil
1645 1514 1807 1551 simplicius

297 1573 359 1594 esse
383 1565 442 1601 ait,
474 1573 557 1600 quani
590 1565 669 1600 quod
700 1564 806 1592 vitrum
842 1566 992 1593 descendat
1023 1573 1073 1600 per
1099 1573 1224 1599 aquam,
1260 1571 1377 1600 propter
1401 1566 1462 1601 eJus
1488 1574 1521 1593 ex
1547 1565 1647 1602 majori
1671 1564 1808 1594 densitate

300 1617 434 1653 majorem
458 1618 532 1651 aqua
557 1615 743 1651 gravitatem3
776 1617 842 1643 dum
870 1616 947 1643 doct.
976 1616 1108 1650 Aetnae,
1131 1616 1180 1650 qui
1203 1615 1401 1650 experimentis
1427 1615 1488 1644 suis
1505 1616 1580 1652 leges
1598 1615 1808 1652 hydrostaticas

299 1668 408 1703 ubique
425 1673 556 1702 acceptas
573 1667 765 1701 demonstrat,
789 1666 912 1701 adhoc,
939 1667 1021 1701 quasi
1046 1666 1283 1700 fundamentum,
1305 1666 1463 1694 subsistere
1483 1666 1648 1700 debuisset,
1669 1673 1738 1700 nec,
1764 1664 1806 1692 uti

300 1727 398 1747 omnes
422 1724 490 1753 post
516 1717 652 1753 ssoyieum
684 1717 823 1753 Physici,
855 1718 991 1752 ponderis
1016 1723 1222 1753 augmentum,
1251 1716 1329 1750 quod
1352 1716 1507 1751 requiritur
1539 1717 1574 1744 ad
1604 1715 1809 1751 aequilibrium

301 1769 531 1803 restituendum,
561 1768 712 1804 invocare,
742 1775 773 1795 ut
801 1768 996 1803 demonstr-et,
1025 1776 1125 1803 aquam
1156 1768 1280 1804 lagenam
1308 1767 1458 1795 intrantem
1484 1767 1515 1795 in
1540 1766 1688 1795 brachium
1713 1766 1810 1794 bilan-

302 1819 344 1846 cis
376 1819 524 1853 gravitarc.

337 1869 457 1897 Prorsus
496 1868 549 1896 alia
579 1877 610 1896 ac
643 1869 691 1898 Cl.
724 1868 877 1897 Ilcsselink
916 1870 950 1898 de
983 1869 1183 1906 experimentis
1222 1869 1302 1897 doct.
1340 1868 1450 1897 Aeneae
1479 1868 1628 1898 censuisse
1659 1877 1714 1898 van
1743 1869 1809 1898 Mn·

1729 1928 1809 1958 rum,

326 1983 380 2012 (x)
403 1984 426 2006 in
445 1983 618 2012 scriptiuncula:
641 1986 700 2013 lew,
724 1986 822 2009 nicenae
846 1987 884 2009 het
901 1986 985 2014 geschll
1009 1991 1065 2010 over
1084 1988 1112 2011 de
1133 1987 1261 2013 verklarine
1283 1985 1322 2008 der
1341 1983 1498 2014 Proesneming
1516 1990 1560 2008 vm
1577 1985 1657 2013 30119·
