1913 2417
313 183 353 209 lo
806 172 1282 205 MEMORIA

304 268 370 311 jam
397 268 481 311 typis
507 271 682 305 excusum,
712 263 747 296 in
780 264 1038 298 dissertationum
1076 265 1226 299 thesauro
1263 267 1298 298 in
1331 266 1435 299 lucem
1472 267 1588 299 iterum
1614 268 1779 312 proferen-

308 324 385 357 dum
412 323 602 365 judicaverit
624 323 664 364 (t
680 321 711 364 ).

350 379 446 421 Quod
476 390 552 411 vero
575 380 609 410 in
631 377 753 410 artibus
783 388 818 409 ac
845 376 1022 421 disciplinis
1055 379 1143 412 velut
1167 379 1414 412 fundamentum
1443 380 1596 419 habetur,
1618 388 1654 413 ut
1688 381 1787 415 facile>

307 437 433 469 turbam
464 435 636 467 verborum
666 434 716 466 vel
742 433 848 465 sulum
873 435 993 476 ingenii
1019 435 1127 468 lusum
1150 437 1220 469 illas
1249 437 1414 479 dicamus,
1445 438 1506 468 nisi
1530 437 1652 469 fructus
1675 439 1779 470 virtu·

309 494 348 525 tis
372 492 466 524 edant
487 499 542 524 aut
568 490 775 523 humanitatis
802 490 1009 524 condimento
1038 494 1250 533 condiantur,
1278 494 1358 525 illud
1385 493 1528 537 profecto
1558 496 1592 526 in
1625 505 1779 527 sonmo

301 549 422 593 juvene
444 549 584 580 emicuit.
629 549 702 580 Non
736 548 907 579 auctoritas
933 549 1083 589 scholae,
1116 560 1183 581 non
1210 550 1356 593 majestas
1381 550 1548 582 cathedrae
1579 558 1634 582 aut
1657 550 1775 583 doctri.

304 616 364 638 nae
401 605 539 647 gravitas
567 605 602 636 in
633 603 831 636 sterilitatem
861 606 1026 638 emarcuit.
1078 605 1202 638 Natura
1233 613 1265 638 et
1291 606 1523 638 consuetudine
1547 607 1646 644 lenis,
1670 609 1773 639 comis

301 667 336 693 et
367 661 528 693 humanus
556 672 631 704 erga
661 661 769 703 alios,
800 672 877 692 mox
907 660 1050 694 favorem
1090 663 1240 694 omnium
1270 669 1301 694 et
1332 663 1504 694 amicitiam
1537 664 1684 695 comitate
1718 675 1776 696 sua

303 718 519 761 comparavit,
551 717 695 761 aliosque
724 725 756 750 et
792 724 907 750 natura
939 718 1124 762 provinciae
1142 743 1151 758 ,
1181 730 1280 763 quam
1308 725 1508 762 susceperat,
1537 725 1568 750 et
1591 721 1775 752 necessitate

304 773 360 806 fati
385 786 424 806 ex
451 774 614 807 adfinitate
631 798 642 813 ‚
671 780 703 806 et
732 773 891 806 beneficio
918 782 950 808 et
975 775 1124 813 foedere,
1156 783 1188 808 et
1215 775 1316 808 officii
1347 775 1502 819 religione
1527 776 1588 807 sibi
1610 775 1777 818 devinxit,

306 831 435 862 tandem
468 832 565 863 etiam
596 842 705 863 rerum
736 838 941 864 externarum
984 832 1122 876 cupidus
1155 838 1187 864 et:
1218 832 1382 864 literarum
1417 833 1676 872 amantissimus,
1706 843 1780 865 oras

305 877 424 920 alienas
448 888 640 932 peragrandi
662 888 836 920 consilium
865 890 960 933 cepit.
1005 891 1089 922 Cum
1116 895 1223 921 autem
1249 889 1370 922 Galliae
1395 888 1581 932 metropolis
1604 896 1681 920 tunc
1697 895 1779 921 tem·

305 945 394 988 poris
420 946 537 977 artium
560 952 592 977 et
622 945 786 977 literarum
819 952 851 978 et
884 957 1013 978 morum
1050 946 1284 990 elegantiorum
1308 944 1397 978 sedes
1425 946 1595 989 praecipua
1620 945 1779 978 existima·

275 1014 278 1016 Α
304 1008 412 1040 retur,
443 1001 520 1034 hinc
547 1013 635 1034 anno
665 1003 812 1045 sequenti
846 1004 982 1035 Parisios
1014 1002 1177 1046 proficisci
1204 1003 1381 1035 constituit.
1433 1004 1509 1043 Quo
1535 1013 1609 1034 cum
1634 1009 1779 1042 venerat,

305 1068 381 1088 mox
409 1058 576 1090 Gallorum
604 1058 740 1096 urbem,
760 1060 919 1091 extraneis
944 1059 1233 1103 eruditissimisque
1265 1058 1454 1091 hominibus
1485 1058 1778 1101 liberalissimisque

305 1114 419 1146 studiis
441 1113 645 1154 affluentem,
668 1125 744 1147 mox
760 1115 895 1158 palatia,
917 1123 1051 1158 argento
1070 1123 1166 1159 atque
1183 1125 1263 1146 auro
1279 1115 1454 1158 fulgentia,
1478 1121 1596 1146 statuas
1613 1120 1778 1157 equestres

305 1170 484 1210 inauratas,
508 1182 585 1203 mox
617 1171 732 1204 balnea
756 1179 789 1204 et
811 1171 993 1204 ambulacra
1025 1179 1056 1204 et
1084 1171 1226 1215 porticus
1242 1195 1252 1209 ,
1287 1182 1363 1203 mox
1392 1171 1561 1203 hortorum
1590 1177 1697 1214 xysta,
1719 1169 1778 1202 ubi

305 1229 481 1270 spatiantur
515 1234 676 1272 quotquot
709 1239 786 1260 cura
820 1239 856 1259 ac
887 1229 1025 1271 negotiis
1050 1235 1182 1266 vacant,
1210 1238 1286 1259 mox
1314 1229 1402 1259 varia
1433 1228 1596 1259 Minervae
1622 1226 1778 1270 palladia,

308 1284 428 1315 theatra
445 1309 454 1323 ,
487 1285 632 1328 Apollini
661 1292 757 1328 atque
791 1285 893 1316 Musis
921 1284 1043 1322 dicata,
1071 1285 1153 1327 quin
1184 1290 1216 1315 et
1248 1284 1379 1325 (verbo
1410 1283 1482 1315 date
1505 1284 1632 1315 veniam
1656 1287 1690 1315 A.
1708 1283 1778 1326 A.)

304 1343 446 1373 Deorum
473 1344 706 1385 hominumque
724 1341 892 1373 simulacra
915 1340 1078 1384 adspexit,
1102 1340 1345 1384 admiratusque
1366 1342 1499 1383 stupuit.
1547 1340 1644 1380 Quod
1667 1347 1775 1372 autem

307 1409 380 1442 prae
407 1400 497 1429 omni
521 1399 579 1429 hac
606 1398 695 1430 urbis
724 1398 851 1429 luxurie
888 1408 1046 1428 romulo
1076 1405 1188 1429 nostro
1219 1400 1320 1440 magis
1346 1397 1483 1440 placuit,
1514 1403 1581 1427 erat
1605 1395 1778 1428 liberalitas

308 1455 359 1485 illa
386 1461 416 1486 et
440 1456 613 1498 sapientia,
647 1455 741 1497 cujus
766 1455 822 1485 lux
855 1455 885 1486 ei
922 1461 992 1485 tum
1028 1465 1067 1485 ex
1094 1454 1303 1486 Eruditorum
1333 1454 1526 1485 commercio
1551 1459 1589 1485 et
1610 1459 1777 1485 consuetu·

306 1511 381 1542 dine
409 1511 522 1542 oborta
553 1518 612 1543 est.
664 1510 867 1543 Academiam
902 1512 1110 1543 parisiensem
1140 1511 1297 1542 ornabant
1317 1521 1356 1542 eo
1374 1516 1517 1552 tempore
1539 1511 1625 1549 Viri,
1652 1511 1686 1540 in
1717 1517 1783 1541 suo

306 1577 443 1610 quisque
479 1567 642 1599 doctrinae
684 1578 799 1610 genere
839 1568 1021 1610 praeclari,
1052 1578 1308 1606 LEVRETTUS,
1341 1577 1553 1604 nonnitus,
1586 1576 1782 1598 sanam-tz-

308 1635 401 1662 κυε,
432 1636 569 1663 rasus,
592 1634 786 1660 PETITOS,
814 1635 1034 1662 nouimus,
1059 1635 1238 1655 sawcrus
1263 1633 1435 1661 cornus,
1459 1623 1530 1661 alii,
1551 1622 1590 1653 ad
1607 1634 1689 1666 quos
1706 1631 1777 1654 non

307 1680 446 1712 difficilis
477 1688 543 1713 erat
578 1681 710 1719 aditus,
748 1680 803 1712 sed
835 1692 975 1724 quorum
1013 1680 1141 1712 liberale
1168 1681 1335 1722 ingenium
1361 1689 1550 1711 arcanorum
1581 1678 1776 1710 naturalium

308 1740 441 1768 samaria
472 1737 617 1769 lubenter
649 1739 678 1769 ei
712 1738 847 1780 aperuit.
904 1739 1047 1769 Accessit
1071 1744 1295 1768 extraneorum
1323 1748 1362 1768 ex
1393 1736 1483 1767 omni
1510 1735 1574 1766 sere
1594 1736 1777 1778 Europaeo·

309 1804 381 1822 rum
413 1795 542 1826 untione
570 1794 763 1833 multitudo,
794 1805 877 1837 quos
901 1793 985 1825 idem
1015 1794 1096 1824 illud
1123 1794 1342 1825 doctrinarum
1367 1792 1509 1824 studium
1538 1791 1614 1822 illuc
1637 1802 1775 1834 compu-

308 1849 395 1880 lerat.
449 1851 491 1880 lta
525 1861 828 1890 wmsnmzoms,
860 1861 1117 1889 nicurzttus,
1154 1860 1392 1889 ROLPKNUS,
1425 1858 1772 1887 wtthnsouNUS,

309 1916 534 1937 annotans
558 1914 652 1950 atque
684 1918 702 1939 e
729 1907 923 1939 nostratibus
963 1910 1057 1938 etiam
1091 1917 1279 1947 strumus,
1311 1915 1581 1944 ΡΑιιιοιειυε,
1603 1905 1672 1942 alii,
1697 1915 1774 1937 cum

310 1963 418 1995 Musis
445 1965 674 1996 commercium
701 1964 912 2009 expetebant,¹
947 1975 1200 2009 nummusque
1234 1970 1342 1997 noster
1377 1974 1417 1995 ex
1446 1962 1505 1995 hac
1541 1962 1777 1995 consuetudine

1737 2017 1778 2050 ad
