1913 2417
260 143 295 170 28
620 132 1412 169 G.C.B.SURINGAR

272 230 356 258 quam
377 220 558 257 inveniatur,
580 230 638 250 non
658 228 768 256 semper
789 227 803 247 e
818 218 910 247 caulis
936 219 1132 248 adscendentis
1155 225 1246 248 tractu
1267 221 1414 250 medullari
1430 226 1523 250 ortum
1547 227 1632 251 suum
1656 223 1778 260 habere,

273 282 367 310 neque
387 282 453 303 cum
472 281 506 302 eo
529 273 676 301 cohaerere
699 272 828 306 videtur3
851 269 993 306 quidquid
1012 276 1106 299 autem
1125 271 1159 299 de
1178 272 1241 308 ejus
1266 279 1332 302 ortu
1346 275 1402 309 sii,
1424 281 1482 302 eam
1505 273 1535 302 iu
1557 274 1638 303 foliis
1660 274 1785 304 inveniri

272 325 463 355 certissimum
487 332 538 355 est.
1652 313 1654 316 Ι

314 377 364 407 Cl.
391 377 587 414 Thummigius
611 376 695 413 (60)
720 374 750 403 in
778 374 879 411 petioli
901 374 1022 412 ejusque
1042 384 1184 407 ramorum
1215 377 1366 406 medullam
1400 377 1566 414 inquirens,
1595 378 1719 406 lamellas
1741 384 1786 407 te·

277 435 350 457 nues
378 428 506 456 sectione
537 434 696 455 transversa
720 434 734 453 e
766 426 876 462 petiolo
903 426 1036 462 excidit3
1062 435 1133 462 quas
1161 436 1226 456 cum
1252 429 1453 465 microscopiis
1482 429 1786 458 Muscheubroekianis

278 480 404 514 lumine,
424 485 486 507 tum
513 478 605 513 solIs,
626 484 688 505 tum
712 477 845 505 candelae
865 485 1017 512 accensae,
1046 478 1229 508 collustratas
1256 480 1429 517 subjiceret,
1457 483 1553 509 statim
1578 481 1607 509 in
1629 481 1691 516 ejus
1715 487 1789 507 ocu-

281 530 328 558 los
353 530 543 558 vesicularum
563 530 697 565 quaedam
715 528 864 565 congeries
888 528 1026 564 incurrit,
1048 530 1170 558 candore
1192 531 1368 567 perpulchro
1398 539 1566 561 ornatarum.
1607 531 1785 566 Medullam,

279 582 518 616 quemadmodum
539 580 632 609 sectio
654 580 754 616 petioli
778 588 793 608 a
817 579 907 616 figura
930 580 1032 608 circuli
1051 581 1132 616 abit,
1152 589 1203 610 nec
1229 582 1344 610 eandem
1366 583 1504 619 retinere,
1527 591 1619 619 neque
1641 583 1670 611 in
1694 581 1785 610 medio

278 634 417 669 sectionis
435 632 594 668 contineri,
617 632 665 660 sed
680 639 732 667 per
744 630 879 667 integram
898 630 957 659 fere
979 631 1178 668 latitudinem,
1201 641 1252 668 per
1275 634 1390 663 modum
1411 634 1552 671 ungulae,
1577 633 1708 668 extendi,
1736 632 1788 661 hic,

279 687 319 714 cl.
339 691 438 714 auctor
456 684 580 713 invenit.
621 682 658 711 In
674 682 812 711 foliorum
835 683 981 718 medulla,
1009 691 1097 719 porro
1117 691 1180 712 sese
1203 683 1228 712 ei
1245 684 1414 714 obtulerunt
1439 685 1581 714 vesiculae
1609 691 1707 713 tenues
1731 684 1789 713 exi-

277 737 376 772 lesque
392 756 402 771 ‚
422 736 507 764 nullo
527 734 709 770 discrimine,
731 734 788 762 nisi
812 735 891 770 quod
914 734 943 763 in
958 735 1081 770 Syringa
1102 734 1292 771 Lusitanica,
1313 736 1435 765 medulla
1459 737 1569 765 surculi
1590 736 1699 765 arboris
1714 742 1791 767 esset

277 786 444 821 candidior,
464 787 555 815 instar
579 786 727 821 sacchari3
758 785 789 814 in
809 786 917 821 petiolo
939 794 1007 814 vero
1032 787 1247 822 sphaerularum
1266 787 1418 816 vitrearum
1445 789 1567 817 colorem
1589 787 1787 820 aemularetur,

275 839 374 876 Quum
396 847 464 867 vero
490 838 538 868 Cl.
559 837 756 874 Thummigius
785 836 957 872 experientia
986 837 1142 873 multiplici
1169 838 1321 867 convictus
1343 839 1496 874 didicerit,
1525 839 1598 867 idem
1620 839 1790 875 objectum,

276 890 386 919 ratione
403 889 532 924 diversa,
557 889 593 917 ad
618 887 810 925 microscopia
833 888 948 923 eadem,
978 888 1070 916 multo
1095 889 1184 925 magis
1205 890 1240 917 ad
1261 890 1389 926 diversi,
1411 891 1607 927 applicatum,
1637 898 1696 918 uno
1719 896 1790 918 casu

277 941 430 977 spectanda
446 940 595 974 exhibere,
618 948 690 975 quae
708 939 737 968 in
752 941 840 968 altero
854 939 963 975 latent,
986 940 1182 968 tenuissimam
1200 941 1340 969 lamellam
1351 963 1360 977 ‚
1381 950 1396 969 e
1411 941 1503 970 medio
1519 941 1619 977 petioli
1633 947 1767 969 resectam
1779 959 1792 977 ,

275 992 355 1021 vitro
378 992 506 1020 nondum
531 990 676 1026 perpolito
698 990 914 1026 agglutinavit,
941 995 973 1018 ut
996 999 1046 1026 per
1067 991 1197 1027 exiguam
1225 992 1405 1026 sphaerulam
1436 1000 1494 1020 eam
1520 991 1650 1020 contueri
1672 998 1794 1027 posset:

275 1043 350 1071 hanc
373 1042 514 1070 lamellam
533 1041 655 1070 examini
680 1041 876 1076 submittens,
897 1040 927 1069 in
952 1049 984 1070 ea
1001 1042 1160 1078 conspexit
1181 1041 1294 1071 fistulas
1319 1041 1495 1077 succiferas‚
1516 1043 1683 1078 perspicuas
1706 1049 1800 1077 atque

277 1093 403 1128 virides,
425 1092 556 1128 quamvis
578 1100 636 1121 non
662 1100 762 1120 omnes
786 1092 913 1128 ejusdem
939 1093 1068 1129 colorisg,
1100 1093 1175 1121 inter
1199 1095 1322 1122 annulos
1346 1094 1420 1122 enim
1451 1093 1589 1122 medullae
1618 1093 1803 1122 virescentes!

276 1144 400 1174 medium
426 1151 567 1179 occupare
590 1143 687 1172 locum
717 1142 881 1171 observavit
904 1145 1067 1180 annulum,
1093 1152 1108 1172 e
1131 1144 1239 1173 fistulis
1256 1144 1448 1174 albicantibus
1470 1151 1498 1173 et
1515 1152 1616 1181 parum
1638 1144 1796 1173 flavescen-

276 1197 359 1226 tibus
386 1195 516 1230 facmm,
542 1203 625 1231 quem
651 1196 745 1223 denuo
769 1201 939 1230 exceperunt
960 1195 1030 1223 aliae
1058 1195 1191 1230 fistulae,
1214 1196 1312 1224 colore
1334 1196 1418 1224 viridi
1445 1196 1548 1231 primis
1570 1203 1664 1231 pares.
1704 1194 1794 1222 Hunc

277 1249 403 1277 colorem
424 1247 563 1281 viridem,
586 1254 673 1281 quum
699 1246 785 1274 fibrae
806 1246 878 1275 istae
902 1246 988 1274 oculo
1011 1247 1111 1281 nudo,
1133 1247 1179 1274 vel
1207 1246 1411 1282 microscopiis
1436 1254 1496 1274 non
1518 1245 1598 1274 valde
1621 1244 1794 1281 augentibus

279 1299 445 1334 instructo,
466 1298 601 1327 candidae
615 1303 786 1335 appareant,
809 1305 868 1326 non
891 1296 1018 1332 fistulis,
1048 1297 1098 1326 sed
1117 1297 1228 1332 fluido,
1254 1296 1285 1326 in
1302 1297 1367 1325 istis
1387 1301 1545 1331 contento,
1575 1294 1670 1323 inesse
1691 1295 1792 1324 debere

273 1351 405 1387 conjicit.

317 1400 414 1430 Multa
438 1409 556 1436 eorum,
583 1409 655 1437 quae
679 1401 712 1430 ad
737 1409 837 1430 manus
866 1407 944 1430 erant
963 1422 973 1436 ,
1005 1401 1112 1437 scripta
1137 1402 1309 1438 pervolvens
1327 1421 1338 1436 ‚
1368 1409 1401 1429 eo
1422 1399 1567 1434 consilio,
1597 1405 1630 1438 tit
1656 1400 1797 1428 retentio·

282 1460 370 1486 rum,
393 1454 425 1479 dc
440 1453 578 1482 foliorum
598 1453 737 1481 medullae
754 1459 919 1487 structura,
944 1451 1099 1481 invenirem
1117 1452 1293 1487 sententias,
1314 1451 1420 1480 frustra
1444 1451 1493 1480 diu
1513 1451 1660 1486 quaesivi:
1684 1452 1798 1480 tandem

281 1510 355 1531 vero
373 1503 450 1538 apud
467 1503 679 1532 Sentiebierium
699 1503 793 1532 inveni
819 1504 865 1532 Cl.
886 1503 1065 1541 Comparetti
1088 1504 1142 1532 hoc
1163 1505 1197 1532 de
1220 1511 1388 1540 argumento
1404 1503 1593 1537 sententiam,
1615 1511 1699 1538 quam
1725 1501 1799 1538 ipsis

285 1554 464 1582 Scnnebicrii
489 1553 605 1588 verbis,
635 1563 670 1583 ne
693 1554 846 1583 obscurior
871 1554 942 1588 sim,
971 1563 1133 1591 proponere
1162 1555 1244 1583 liceat
1269 1554 1375 1590 (61):
1409 1574 1432 1589 „
1453 1555 1632 1592 Compar-etti
1657 1562 1692 1582 en
1720 1561 1801 1589 repe·

283 1625 309 1640 ,‚
330 1612 392 1633 tant
414 1612 461 1633 ces
484 1605 687 1633 obse1·va:ions
710 1613 761 1633 sur
787 1606 814 1633 lc
832 1605 939 1641 petiole
959 1605 1045 1634 d’une
1065 1604 1162 1633 feuille
1182 1605 1308 1639 (falces,
1337 1602 1358 1632 il
1382 1612 1528 1640 remarqua
1554 1605 1624 1633 dans
1650 1605 1676 1631 le
1702 1603 1799 1631 milieu

284 1676 308 1691 „
330 1657 466 1685 certaines
490 1657 645 1684 molccules
671 1656 788 1691 wales,
811 1657 882 1692 qu’il
908 1666 922 1685 a
948 1658 1118 1693 soupconne
1143 1656 1355 1693 gelatincuses,
1383 1661 1534 1689 montant,
1560 1654 1751 1688 descendant,
1772 1660 1804 1682 et,

292 1725 317 1741 „
338 1714 496 1736 wmnntant
518 1707 734 1742 obliquement‚
755 1707 987 1744 verrit-alcmeon
1010 1708 1169 1737 s’uniesant
1187 1708 1202 1736 a
1220 1707 1362 1741 d'autrcs‚
1384 1714 1415 1735 se
1438 1705 1539 1742 fuyant
1560 1705 1626 1740 plus
1648 1713 1684 1732 ou
1704 1705 1798 1733 moins

289 1777 313 1792 ‚,
335 1757 412 1792 vite,
442 1765 468 1786 et
493 1759 650 1793 paraissant
675 1758 798 1786 animees
824 1766 874 1788 nar
900 1759 924 1787 ie
951 1759 1050 1794 solei13
1082 1760 1151 1788 mais
1185 1759 1298 1787 bientot
1327 1765 1402 1786 cette
1433 1758 1504 1784 lame
1532 1755 1741 1790 longitudiuale
1762 1765 1791 1785 se

287 1829 310 1845 „
333 1809 452 1847 fronca,
473 1816 503 1840 ct
518 1811 557 1839 ies
574 1809 831 1839 mouvemens-des
843 1809 942 1845 *petits
965 1819 1052 1848 coips
1075 1812 1208 1847 finirent,
1230 1811 1301 1840 mais
1318 1810 1354 1839 ils
1370 1808 1628 1838 recomuiencercnt
1643 1815 1676 1837 en
1695 1815 1802 1845 cprou·

1687 1879 1709 1896 ,‚
1731 1865 1798 1888 vant

313 1941 377 1969 (60)
401 1943 454 1966 Vid,
470 1945 529 1964 Acm
549 1944 694 1965 Erudttorum
716 1944 779 1972 lips.
795 1951 853 1967 anno
869 1949 931 1970 1722.
953 1951 1003 1973 5³⁸ss-
1014 1948 1042 1970 26
1056 1954 1090 1976 sq,-

315 1984 380 2011 (61)
396 1985 447 2007 Vid.
471 1986 609 2015 sennobier,
627 1987 656 2010 T.
669 1988 685 2010 l.
705 1993 756 2015 pag.
775 1989 813 2012 258
834 1986 858 2008 lu
877 1987 936 2012 fine,
957 1994 993 2015 sq.
