1913 2417
323 186 351 217 '8—
602 183 836 223 JACOBI
892 182 1202 215 HERMANI
1254 183 1572 216 PHIL'YPSE

379 268 426 298 Ex
447 267 531 297 hisce
551 267 640 304 igitur
663 267 876 304 probabilitatis
902 266 1014 303 legibus
1037 267 1182 297 fluxerunt
1207 267 1332 296 diversae
1354 266 1483 302 periodi,
1505 267 1611 303 quibus
1632 274 1686 304 pro
1712 265 1845 303 longiore

339 322 388 349 aut
409 318 539 348 breviore
559 319 697 354 temporis
722 318 835 353 spatio,
857 326 915 353 quo
938 317 1081 346 duraverit
1097 317 1241 353 absentia,
1263 318 1375 346 diversa
1390 318 1651 354 rationeipsorum
1669 317 1842 346 Absentiam

337 371 504 404 commoda,
527 370 622 404 quoad
643 369 704 404 ejus
730 368 791 397 fieri
813 375 928 405 potest,
958 376 1023 397 cum
1048 369 1235 404 superstitum
1260 368 1392 405 juribus,
1415 377 1488 404 quae
1509 368 1584 397 sorte
1603 370 1638 397 ab
1663 368 1842 398 Absentibus

337 420 508 451 vindicanda
533 420 637 447 habent
657 440 667 454 ,
705 425 754 447 aut
779 419 904 455 legitima
924 419 1140 455 exspectatione
1168 420 1338 449 succedendi
1368 427 1611 456 componuntur,
1639 420 1843 455 bonorumque

336 469 573 500 administrationi
596 478 645 505 per
669 476 783 505 tempus
806 470 949 499 absentiae
970 471 1157 506 prospicit-ur„
1748 498 1753 501 .
1847 497 1851 502 .

371 521 489 556 Duplici
515 521 604 556 igitur
639 521 850 556 praesumtione
880 521 985 549 nititur
1009 521 1103 550 omnis
1133 521 1200 550 haec
1226 522 1369 552 doctrina:
1398 522 1508 552 scilicet
1530 522 1555 551 si
1577 522 1644 558 quis
1665 530 1681 550 a
1704 520 1766 550 suis
1785 519 1846 548 dis-

333 574 473 606 cesserit,
493 579 585 606 neque
608 572 642 600 de
664 572 725 609 ejus
749 573 806 601 vita
823 578 936 600 constet
950 592 960 607 ‚
986 578 1038 600 vaut
1061 572 1111 600 ubi
1133 578 1267 600 terrarum
1294 574 1397 609 degat,
1425 580 1530 608 sponte
1557 574 1691 608 quaedam
1717 573 1845 601 exoritur

335 623 534 659 praesumtio,
558 623 713 652 Absentem
738 630 884 652 mortuum
908 631 985 657 esse,
1002 623 1142 658 'quoniam
1163 623 1211 652 vix
1225 623 1300 652 credi
1318 630 1414 660 potest
1435 630 1490 652 tam
1507 632 1605 660 parum
1624 632 1694 652 snos
1709 629 1842 656 curasse,

334 681 421 709 atque
440 673 509 702 adeo
532 674 566 702 de
582 674 755 709 patrImonio
774 674 910 703 derelicto
932 683 991 703 non
1012 674 1157 704 sollicitus
1180 673 1287 710 fuisse,
1310 681 1342 702 ut
1363 683 1425 704 non
1448 675 1526 703 omni
1551 683 1606 711 ope
1628 680 1768 710 cognatos
1787 679 1847 700 cer·
1893 674 1896 678 '

338 726 427 753 tiores
447 725 562 755 reddere
583 732 703 753 conetur
727 726 761 754 de
785 726 871 761 loco,
889 734 955 761 *quo
979 731 1195 761 comimoretur3
1217 733 1251 754 ex
1272 726 1357 754 altera
1382 734 1448 754 vero
1469 731 1565 761 parte,
1587 725 1643 754 nisi
1667 725 1702 753 ad
1725 729 1842 752 aetatem

334 775 540 812 provectiorem
563 776 740 812 pervenerit,
762 777 856 805 omnis
881 776 956 805 vitae
977 785 1042 812 spes
1060 777 1187 804 nondum
1206 784 1328 812 prorsus
1350 776 1517 812 intercidit,
1542 776 1708 812 optimeque
1731 775 1760 803 in
1779 782 1844 803 eum

339 827 475 856 convenit
500 828 647 863 suspicio,
677 835 788 856 omnem
815 834 948 856 conatum
978 835 1062 862 quem
1093 826 1215 855 fortasse
1238 827 1424 863 impenderit,
1455 833 1488 854 ut
1519 835 1590 855 suos
1612 826 1747 855 certiores
1771 825 1847 854 face-

340 884 402 913 ret,
424 878 535 906 irritum
562 878 712 907 cecidisse.
754 879 915 914 Utramque
937 878 1024 915 igitur
1045 878 1283 914 praesumtionem
1314 877 1354 905 ita
1376 877 1573 906 attendendam
1599 877 1712 913 putavit
1735 875 1848 912 legisla-

339 935 403 963 tor,
434 935 487 964 ut,
516 929 611 966 pronti
636 936 752 965 tempus
783 930 927 958 absentiae
956 930 1172 964 extenderetur,
1201 929 1384 957 invalesceret
1412 928 1525 963 quidem
1560 929 1662 956 mortis
1691 927 1849 963 suspicio,

341 980 466 1016 adeoque
491 981 573 1016 plura
598 981 804 1016 superstitibus
830 981 1060 1009 concederentur
1081 981 1144 1016 jura
1165 979 1195 1007 in
1220 978 1295 1007 bona
1317 979 1433 1014 relicta,
1465 979 1505 1008 ita
1529 986 1642 1014 tamen,
1674 985 1706 1007 ut
1733 985 1846 1006 omnem

340 1030 514 1060 Absentium
539 1039 634 1058 curam
658 1039 716 1059 non
740 1031 911 1066 deponeret,
940 1039 1035 1060 verum
1049 1050 1059 1066 ‚
1076 1031 1101 1058 si
1125 1029 1201 1058 forte
1223 1030 1251 1057 in
1267 1036 1417 1065 posterum
1440 1037 1667 1065 reverterentur,
1688 1030 1764 1058 bona
1782 1037 1850 1057 suc-

316 1077 323 1083 *
339 1081 505 1110 cessoribus
530 1087 672 1117 tamquam
697 1080 854 1109 fiduciariis
877 1080 1029 1108 heredibus
1061 1080 1173 1108 addicta
1200 1086 1227 1107 et
1252 1080 1342 1108 veluti
1371 1080 1502 1116 precario
1527 1089 1682 1116 possessa,
1709 1085 1849 1114 quantum

338 1132 399 1161 fieri
420 1139 539 1168 posset,
560 1132 669 1169 integra
692 1131 857 1168 reciperent.
899 1130 975 1159 Cum
1005 1130 1094 1167 igitur
1117 1136 1217 1159 neutra
1239 1130 1372 1166 suspicio
1396 1131 1574 1166 praevaleat,
1597 1131 1646 1160 sed
1669 1137 1790 1166 utraque
1803 1137 1852 1159 ve·

343 1183 566 1212 risimilitudinis
593 1184 732 1219 quandam
759 1182 881 1218 speciem
906 1182 1044 1217 retineat,
1075 1190 1169 1217 usque
1189 1182 1256 1210 dum
1281 1182 1351 1210 certi
1373 1181 1444 1217 quid
1467 1182 1501 1210 de
1531 1182 1648 1211 absente
1670 1180 1850 1216 innotuerit,

340 1236 505 1265 alterutram
531 1242 590 1263 non
612 1235 697 1270 piane
716 1234 889 1268 tollendam,
919 1233 968 1261 sed
990 1232 1160 1268 utriusque,
1187 1233 1282 1268 quoad
1305 1233 1366 1269 ejus
1390 1233 1451 1261 fieri
1474 1240 1593 1269 posset,
1619 1239 1647 1261 et
1670 1240 1754 1263 sanae
1776 1231 1852 1262 Poli-

343 1286 400 1315 tiae
424 1291 574 1323 praecepta
598 1285 670 1313 illud
692 1291 873 1321 paterentur,
901 1284 1041 1315 rationem
1064 1281 1134 1315 'esse
1156 1284 1312 1314 habendam
1341 1283 1475 1320 prudenti
1503 1292 1572 1314 sane
1600 1283 1726 1313 consilio
1754 1281 1854 1312 existi-

339 1338 428 1369 mavit
451 1337 608 1373 legislator,

379 1388 431 1416 111.
472 1387 566 1415 Hasce
591 1388 681 1424 igitur
705 1388 858 1424 periodos,
889 1395 960 1423 quae
993 1386 1083 1423 ipsam
1110 1387 1182 1416 hanc
1209 1386 1368 1416 doctrinam
1391 1386 1420 1415 in
1443 1393 1501 1416 tres
1523 1392 1618 1423 partes
1643 1386 1795 1421 dividunt,
1822 1385 1855 1415 iu

341 1439 394 1469 hac
422 1438 581 1474 scriptione
602 1438 641 1466 ira
665 1439 849 1467 attendendas
873 1439 1062 1474 putavimus,
1086 1444 1118 1466 ut
1143 1439 1272 1475 singulas
1290 1439 1407 1467 totidem
1428 1437 1575 1473 capitibus
1598 1437 1802 1471 absolvamus,
1823 1442 1852 1465 et

343 1490 385 1519 sic
410 1489 559 1525 diligenter
577 1488 776 1524 inquiramus,
800 1489 869 1524 quid
889 1490 917 1517 in
943 1498 1114 1525 unaquaque
1131 1490 1205 1526 jutis
1230 1489 1268 1517 sit
1284 1497 1350 1517 cum
1373 1489 1482 1518 ratione
1504 1489 1634 1524 ipsorum
1655 1487 1854 1523 Absentinm‚

344 1547 406 1570 turn
431 1540 540 1568 ratione
561 1547 680 1575 eorum,
709 1540 760 1575 qui
782 1541 880 1575 aliqu-o
898 1541 980 1577 jure,
1003 1540 1063 1569 sive
1086 1540 1299 1575 exspectatione
1320 1539 1446 1576 legitima
1467 1539 1609 1569 bonorum
1634 1539 1792 1574 Absentis,
1819 1538 1854 1567 de

344 1593 429 1629 cujus
453 1597 545 1618 morte
569 1596 650 1619 enata
672 1597 716 1619 est
741 1591 891 1627 suspicio,
922 1591 1041 1627 gaudere
1071 1591 1223 1626 videntur3
1250 1590 1337 1626 quive
1366 1590 1549 1619 matrimonio
1573 1599 1641 1619 cum
1673 1589 1855 1619 Absentibus

347 1642 441 1681 juncti
467 1647 555 1676 sunt,
577 1647 627 1669 aut
650 1640 822 1670 Absentium
842 1642 1024 1677 patrocinio,
1046 1643 1170 1670 tutelave
1186 1641 1215 1670 in
1239 1642 1298 1670 vita
1321 1641 1400 1670 civili
1424 1641 1493 1670 adeo
1511 1649 1572 1670 non
1594 1650 1687 1670 carere
1707 1646 1856 1677 possunt,

346 1700 379 1723 nt
402 1693 469 1721 haec
498 1691 634 1728 legitimis
669 1692 799 1720 remediis
835 1694 932 1722 saltem
958 1692 1138 1728 compensari
1167 1700 1285 1721 necesse
1312 1692 1363 1722 sit.
1402 1692 1442 1720 Et
1471 1693 1514 1721 sic
1542 1692 1572 1721 in
1604 1692 1706 1728 quavis
1736 1690 1856 1727 periodo

348 1743 536 1779 quaerendum
560 1742 629 1778 erit,
653 1742 723 1778 quid
749 1743 921 1772 Absentiam
945 1744 1094 1772 commoda
1114 1743 1293 1779 desiderent,
1315 1744 1385 1780 quid
1412 1751 1480 1772 vero
1503 1742 1692 1779 superstitum
1719 1748 1807 1775 cura,
1827 1745 1857 1769 et

354 1794 499 1830 quomodo
532 1794 607 1830 leges
631 1793 699 1824 haec
722 1793 904 1832 singulorum
924 1795 1075 1825 commoda
1096 1801 1272 1832 componant
1299 1802 1327 1824 ct
1348 1794 1472 1832 sapienti
1498 1792 1687 1823 moderamine
1707 1798 1818 1829 regant.

1722 1866 1860 1899 CAPUT

350 1948 476 1971 miiitudine
497 1949 609 1977 nituntur,
633 1955 698 1977 qnam
717 1956 773 1977 quae
793 1950 843 1978 iure
863 1951 987 1975 Borustieo
1006 1951 1111 1975 obtinent
1131 1951 1162 1975 do
1187 1949 1339 1978 absentibus,
1359 1949 1400 1973 ubi
1419 1947 1468 1977 quit
1494 1955 1537 1977 per
1556 1954 1644 1972 certum
1665 1953 1753 1976 tempus
1771 1946 1870 1969 Absenfl'

348 1989 458 2016 uenientia
471 1989 553 2015 judicis
574 1997 673 2012 mortuus
693 1992 835 2020 declar-ntur,
850 1993 879 2014 lta
899 1999 972 2015 tamen
989 1998 1029 2019 ut.
1049 1993 1067 2014 sl
1082 1994 1172 2021 qni-ndo
1189 1997 1332 2020 revertatur,
1347 1997 1385 2015 sua
1400 1990 1509 2021 recipiat,
1523 1990 1620 2020 perinde
1633 1994 1660 2014 nc
1673 1989 1692 2013 si
1703 1986 1860 2012 reviviscere&

349 2031 420 2063 §9012
439 2029 569 2057 consmme
589 2031 617 2052 du
641 2031 692 2057 Cedo
713 2033 789 2061 civil,
811 2035 875 2057 Tum.
889 2035 907 2058 1.
927 2041 975 2064 pag.
989 2040 1046 2064 311,
1061 2039 1110 2061 312.
