1913 2417
336 209 370 240 34
601 197 839 236 JAeosst
898 196 1202 227 [IERMANI
1261 197 1574 227 PHILIPSF:

333 290 433 311 sonam
457 288 484 310 et
505 281 579 310 bona
600 281 777 316 liberorum,
799 279 906 315 quibus
930 280 1049 308 durante
1073 279 1258 309 matrimonio
1283 280 1365 308 solus
1388 285 1468 316 pater
1487 278 1640 315 fungitur,
1667 286 1739 316 quae
1765 287 1861 316 vero,

333 339 413 370 patre
432 333 533 362 horum
562 332 670 370 jurium
698 340 753 360 usu
778 331 948 367 prohibito,
976 337 1004 360 et
1029 331 1211 360 matrimonio
1242 331 1370 360 nondum
1396 331 1519 367 soluto,
1538 331 1580 367 fiad
1605 330 1765 367 neminem,
1795 331 1854 360 nisi

333 383 368 413 ad
389 384 480 420 ipsam
502 391 619 412 uxorem
641 383 760 411 transire
779 387 922 418 poterant.

372 435 413 464 Ut
436 434 505 463 haec
529 433 665 469 quaestio
690 433 761 461 bene
792 431 982 469 dijudicetur,
1007 432 1141 468 inprimis
1167 433 1373 462 adtendendum
1404 439 1465 468 est,
1485 433 1520 461 in.
1543 432 1624 462 omni
1647 431 1698 460 hac
1725 431 1860 462 doctrina
1907 430 1912 433 ”

336 485 527 521 legislatorem
551 493 609 513 non
633 491 690 513 tam
715 484 752 512 ob
777 484 878 512 mortis
901 483 1144 519 praesumtionem
1176 484 1334 512 necessaria
1355 490 1473 520 putasse
1488 483 1637 519 subsidia,
1659 483 1766 519 quibus
1787 483 1857 511 sub-

334 536 506 565 veniendum
525 535 627 564 statuit
652 535 815 563 commodis
842 535 995 563 liberorum
1020 534 1229 570 superstitum,
1251 543 1350 563 verum
1373 543 1404 563 ea
1430 541 1541 564 tantum
1568 535 1768 563 considerasse
1793 540 1856 563 tan·

336 595 421 622 quam
456 587 564 616 auxilia
592 585 781 622 temporaria,
812 593 885 621 quae
918 591 1011 614 status
1035 585 1188 613 liberorum
1221 584 1249 613 in
1275 586 1415 620 praesenti
1443 594 1534 622 usque
1562 586 1595 614 ad
1620 585 1711 622 patris
1737 585 1862 613 reditum

336 637 526 673 desideraret,
557 637 723 674 praesertim
759 645 824 665 cum
860 636 953 673 primo
979 636 1134 664 Absentiae
1157 643 1288 670 tempore
1315 637 1444 665 nondum
1472 637 1510 665 ita
1534 636 1739 672 desperandum
1764 636 1803 664 sit
1825 636 1865 665 de

335 688 428 717 reditu
450 688 601 718 Absentis.
643 688 741 723 Nam,
760 687 803 716 uti
829 688 858 716 in
884 687 1038 721 omnibus,
1063 695 1134 722 quae
1163 687 1317 714 Absentem
1338 693 1490 722 spectant,
1514 687 1639 724 negotiis
1664 687 1737 715 nihil
1755 687 1858 715 immu-

337 745 395 767 tare
417 739 512 768 voluit
538 739 705 776 legislator,
728 739 786 767 nisi
815 731 956 774 quatenus
978 745 1090 766 summa
1113 737 1224 765 adesset
1248 737 1442 771 necesssitas,
1469 738 1517 766 sic‘
1533 737 1632 766 liberis
1657 746 1717 766 non
1742 745 1864 773 prospe·

336 789 444 825 xisset,
474 790 524 825 qui
557 790 648 818 adhuc
684 790 713 818 in
749 791 841 826 patria
874 796 1016 825 potes-tate
1044 796 1107 816 esse
1140 794 1313 822 censentur,
1344 788 1401 816 nisi
1435 789 1472 817 ob
1499 788 1716 817 imbecilliorem
1743 794 1867 816 aetatem2

337 841 433 869 statim
465 840 560 876 aliqua
592 840 731 876 peculiari
754 849 821 868 eura
850 840 1058 875 indiguissent:
1084 845 1111 866 et
1136 838 1203 866 hinc
1227 837 1340 873 quidem
1370 846 1508 874 apparet,
1539 848 1621 875 quam
1649 847 1748 874 parum
1778 839 1861 875 legis·
1904 836 1913 843 “

338 891 440 920 latoris
465 897 587 919 mentem
616 891 794 920 adtenderint
827 890 863 924 ii,
897 891 948 925 qui
981 890 1036 917 hoc
1066 889 1095 917 iu
1124 897 1193 917 casu
1227 889 1341 917 tutelam
1375 889 1530 922 legitimam
1563 891 1643 918 matri
1675 891 1731 927 jam
1758 897 1863 918 conce-

337 943 420 972 dunt.
461 941 533 971 Non
565 941 638 970 enim
676 941 757 970 liberi
787 941 882 969 statim
909 947 978 976 post
1003 941 1161 969 discessum
1186 940 1275 975 patris
1301 939 1441 969 Aasentis
1469 948 1549 976 patre
1574 941 1666 970 orbati
1698 940 1868 968 existiman,-¹
1911 951 1913 957 ·

338 999 406 1028 tur,
434 993 477 1021 uti
499 992 646 1021 contendit
672 992 698 1020 le
727 992 851 1029 Clercq,
872 992 898 1019 le
922 991 1012 1020 Droit
1039 992 1163 1019 Romam
1185 990 1257 1018 {lans
1282 999 1323 1018 ses
1347 997 1481 1027 rapoorts
1506 1001 1574 1020 nwc
1596 992 1623 1020 le
1648 991 1738 1019 Dror‘t
1768 990 1868 1019 Fran·
1910 1003 1913 1034 3

338 1045 419 1079 fais,
445 1041 534 1071 Tom-
558 1042 583 1071 Ι.
612 1052 643 1078 p.
665 1050 735 1080 143,
765 1050 860 1076 neque
893 1043 982 1078 magis
1013 1050 1044 1070 se
1067 1042 1250 1070 commendat
1275 1042 1413 1069 sententia
1435 1041 1618 1077 Alffalevillii,
1637 1042 1660 1071 l.
1685 1042 1704 1071 l.
1730 1041 1772 1070 ad
1797 1046 1862 1071 art.

345 1101 433 1129 141„
468 1101 586 1121 uxorem
618 1093 739 1121 durante
767 1092 907 1121 Absentia
942 1093 1036 1121 mariti
1073 1092 1188 1120 viduam
1219 1099 1283 1120 esse
1311 1091 1488 1127 habendam,
1517 1099 1545 1121 et
1577 1093 1619 1121 sic
1651 1094 1744 1121 eadem
1770 1099 1868 1129 potes·
1900 1087 1910 1124 ¹¹.

344 1149 402 1172 tate
429 1143 459 1172 in
486 1143 592 1171 liberos
618 1143 757 1179 gaudere,
787 1151 818 1171 ac
844 1142 867 1171 si
892 1143 926 1171 de
948 1144 1030 1171 obitu
1059 1143 1152 1172 mariti
1179 1148 1335 1171 constaret.
1376 1142 1497 1172 Tutelae
1527 1143 1602 1172 enim
1627 1144 1773 1180 legitimae
1807 1151 1875 1171 ma-
1906 1133 1911 1163 Ϊ

349 1193 404 1223 tris
421 1194 577 1222 secuudum
595 1199 657 1222 art.
678 1201 745 1230 390.
767 1193 850 1222 locus
874 1201 932 1222 non
956 1200 1018 1229 est,
1043 1194 1100 1222 nisi
1122 1194 1305 1222 matrimonio
1320 1199 1389 1229 post
1406 1201 1524 1222 mortem
1544 1195 1708 1223 alterutrius
1731 1192 1876 1230 conjugis·
1908 1188 1913 1209 s

346 1245 511 1280 dissoluto;
535 1250 564 1272 at
589 1244 654 1279 quis
676 1245 752 1272 dicet
777 1244 949 1273 matrimonii
973 1245 1121 1274 vinculum
1142 1253 1203 1273 esse
1225 1246 1378 1279 solutum,
1400 1253 1464 1273 cum
1491 1246 1554 1280 ipsa
1583 1245 1650 1273 haec
1673 1244 1766 1273 mariti
1789 1251 1878 1273 mors·
1903 1238 1910 1261 ‘¹

349 1305 470 1333 prorsus
499 1295 607 1324 incerta
633 1295 768 1324 mancat?
796 1295 894 1331 potior
924 1295 1021 1330 itaque
1051 1295 1164 1324 videtur
1193 1296 1335 1324 sententia
1366 1295 1594 1333 Spangcnbcrgii
1617 1301 1644 1323 et
1667 1278 1909 1336 Delt¹itzcurtii⁵f

352 1347 394 1376 ad
416 1348 446 1376 h.
471 1347 517 1383 l.,
545 1345 595 1382 qui
620 1345 693 1374 inter
714 1352 883 1382 potestatem
911 1345 993 1374 matri
1022 1353 1209 1380 concessam,
1230 1352 1258 1374 et
1283 1347 1401 1374 tutelam
1425 1347 1599 1382 legitimam,
1629 1345 1706 1374 haud
1730 1346 1791 1375 leve
1810 1345 1907 1387 dis-3?

351 1398 458 1426 crimen
481 1396 652 1426 intercedere
675 1402 802 1432 putant3
831 1403 858 1424 et
880 1396 1010 1425 lubenter
1035 1405 1152 1432 quoque
1175 1397 1242 1426 huic
1267 1398 1460 1432 assentimur,
1482 1397 1553 1425 hanc
1576 1402 1746 1432 potestatem
1770 1396 1903 1435 matth-¹12⁴

351 1457 384 1477 ex
414 1449 471 1477 alio
504 1447 587 1476 fonte
615 1455 678 1475 esse
708 1447 871 1482 petendam.
920 1447 1066 1475 Nimirum
1096 1447 1177 1475 liberi
1210 1456 1247 1476 ex·
1273 1449 1354 1484 justo
1377 1447 1562 1475 matrimonio
1589 1447 1748 1482 procreati,
1777 1443 1901 1476 mino-0³

351 1507 396 1527 res
428 1506 460 1527 21
488 1498 589 1533 annis,
617 1506 669 1526 nec
699 1498 892 1534 emancipati,
923 1504 1072 1534 parentum
1106 1499 1240 1533 potestati
1273 1500 1417 1533 subsunt,
1451 1503 1513 1525 art.
1543 1505 1607 1534 372.
1630 1497 1661 1534 j.
1690 1503 1752 1526 art.
1781 1489 1901 1535 389.,,,1

353 1557 429 1586 quae
449 1548 568 1576 durante
590 1548 773 1576 matrimonio
794 1557 808 1577 a
833 1549 898 1577 solo
920 1555 1000 1584 patre
1019 1554 1183 1577 exercent:
1205 1549 1259 1576 hoc
1280 1548 1411 1576 universe
1428 1548 1548 1576 docetur
1563 1554 1626 1577 art.
1643 1555 1728 1584 373„
1752 1554 1781 1574 at
1805 1545 1902 1575 inde:-

352 1608 413 1631 non
434 1598 584 1634 sequitur,
606 1597 720 1625 eandem
748 1604 918 1633 potestatem
947 1598 1031 1626 matri
1059 1600 1227 1626 naturaliter
1244 1606 1476 1631 competentem,
1497 1605 1525 1622 et
1549 1599 1605 1623 sou
1628 1594 1700 1631 patri
1717 1595 1877 1631 demanda--

353 1659 433 1686 tam,
459 1648 593 1686 quoniam
619 1648 649 1676 id
673 1648 703 1677 in
727 1649 785 1676 vita
804 1649 884 1677 civili
913 1648 1068 1676 videbatui·v
1087 1647 1329 1681 convenientius,
1362 1655 1420 1675 non
1445 1645 1630 1680 reviviscere,
1653 1646 1767 1682 quando
1789 1654 1879 1683 pater·

355 1703 393 1732 ob
423 1706 625 1737 quamcunque
657 1707 787 1727 caussam
819 1707 879 1727 eam
908 1706 967 1727 non
998 1699 1124 1733 amplius
1148 1706 1275 1726 exercere
1301 1703 1418 1734 potest,
1448 1705 1478 1725 v.
1503 1705 1531 1733 g.
1556 1697 1672 1732 quando
1695 1696 1733 1725 ob
1757 1697 1878 1729 demea·-

359 1752 426 1781 tiam
449 1752 591 1779 bonorum
618 1749 829 1778 administratio
852 1750 875 1778 ei
897 1750 1051 1784 adimitur,
1071 1755 1121 1776 aut
1147 1750 1172 1776 si
1201 1756 1318 1785 proptrr
1341 1748 1509 1776 Absentiam
1539 1747 1692 1776 liberorum
1710 1749 1880 1781 commodis.

359 1801 509 1838 invigilare
537 1799 649 1835 nequit.
696 1799 782 1828 Hunc
812 1800 900 1836 igitur
933 1808 1034 1828 casum
1065 1805 1195 1835 spectare
1226 1800 1338 1827 videtur
1371 1804 1430 1826 art.
1456 1807 1521 1833 141.
1547 1804 1575 1826 et
1601 1806 1750 1834 parentum
1771 1801 1819 1837 jus
1839 1787 1887 1831 in«.¹

360 1854 487 1887 liberos,
517 1850 631 1885 utrique
663 1850 832 1879 naturaliter
859 1856 1046 1886 competens,
1075 1851 1124 1879 sed
1147 1859 1162 1878 a
1190 1851 1256 1879 solo
1279 1857 1357 1886 patre
1379 1850 1499 1877 exerceri
1522 1848 1663 1884 solitum,
1690 1851 1769 1886 quod
1793 1857 1881 1888 pater·

362 1903 471 1933 diutius
496 1901 569 1929 tueri
591 1901 713 1935 nequit,
735 1901 886 1929 transferre
907 1901 935 1929 in
959 1909 1095 1936 matrem,
1117 1903 1272 1937 quamdiu,
1297 1909 1376 1930 certo
1398 1900 1501 1929 nuntio
1520 1899 1554 1928 de
1574 1906 1664 1928 morte
1687 1901 1779 1930 mariti
1796 1910 1879 1932 nom·
1912 1924 1913 1935 ,

364 1955 430 1982 dum
453 1951 558 1985 allam,
574 1951 787 1980 matrimonium
809 1951 930 1980 dissolvi
948 1959 1005 1979 non
1023 1953 1138 1986 poterit.
1182 1952 1258 1981 Cum
1276 1952 1364 1987 igitur
1383 1959 1441 1980 non
1467 1952 1560 1979 solum
1583 1951 1660 1980 nulla
1679 1953 1780 1981 tutelae
1795 1961 1870 1982 men-

365 2004 407 2032 tio
431 2002 477 2030 fiat
497 2001 527 2029 in
552 2006 614 2028 art.
634 2009 698 2032 ιω.
712 2021 722 2035 ,
744 2009 840 2029 verum
863 2009 997 2037 expresse
1022 2002 1104 2031 matri
1125 2003 1299 2032 concedatur
1321 2010 1388 2030 cura
1413 2002 1586 2037 liberorum,
1615 2002 1684 2038 quin
1705 2009 1732 2031 et
1756 2003 1879 2032 disertis-

364 2052 459 2084 verbis
484 2051 510 2080 ei
531 2051 714 2081 demandetur
743 2059 815 2081 usus
839 2060 966 2081 omnium
987 2054 1097 2090 jurIum
1129 2055 1160 2083 in
1188 2054 1384 2084 educationem
1412 2053 1577 2082 liberorum.
1594 2059 1623 2082 et
1646 2053 1866 2083 administratio-

1809 2111 1873 2135 ΙΕΠΙ
