1913 2417
215 188 253 218 n
397 169 427 174 ”
582 183 611 221 J.
687 182 1360 214 KTHORBECKE

226 266 229 271 ’
257 267 405 297 Arcesilas
428 268 458 296 in
481 266 600 303 fastigio
623 266 698 299 τέλος
723 265 880 294 collocavit
905 266 956 300 τὴν
976 266 1094 301 ἐποχὴν,
1123 265 1144 296 i.
1169 274 1198 295 e.
1225 266 1393 295 universum*
1420 265 1549 296 habitum
1574 266 1607 295 de
1635 269 1731 297 omni»

214 319 271 349 bus
304 320 465 349 dubitandi.
511 318 567 357 Sed
602 317 683 353 quasi
715 326 773 345 eam
805 322 899 345 status
933 318 1122 346 constantiam
1155 317 1294 353 attingere
1327 318 1513 353 desperaret,
1541 318 1732 357 Am'stippunt

214 373 365 406 imitatus,
390 371 439 406 qui
466 372 513 404 τὴν
535 371 705 405 εὑδκιμσνίοιν
733 369 762 396 in
782 369 834 402 τὰς
856 369 930 398 κατὰ
954 367 1029 404 μέρος
1056 369 1149 402 ἡδονὰς
1173 369 1377 404 distribuerat,
1406 375 1434 398 et
1458 369 1510 398 has
1537 370 1619 398 unice
1642 379 1731 406 expe·

216 416 313 452 tendas
342 431 404 451 esse
430 422 560 456 dixerat,
582 422 633 454 τὰς
657 421 730 450 κατὰ
753 419 830 456 μέρος
853 420 977 455 ἐποχὰς,
999 419 1017 448 i.
1036 427 1062 448 e.
1083 419 1267 454 particulares
1285 420 1515 455 dubitationes,
1535 420 1644 450 bonum
1664 429 1735 451 esse·

218 463 340 510 statum
371 472 559 508 particulares
586 479 720 500 assensus
747 477 867 506 contra,
896 471 1011 500 malum.
1060 469 1126 507 Qua
1156 470 1186 499 in
1212 479 1241 499 re
1271 479 1336 500 non
1366 479 1426 500 eam
1458 478 1570 500 tuntum
1598 472 1636 500 ob
1661 480 1735 500 cau-

204 534 276 554 -sam
306 532 322 552 a
355 521 487 559 perfeeto
518 521 709 558 Scepticismo
735 521 872 557 recessit,
906 522 994 557 quia,
1024 522 1102 557 quod
1126 522 1230 550 Sextus
1259 522 1397 558 notavit,
1426 522 1461 551 de
1485 531 1621 552 assensus
1645 522 1726 552 cohi-

219 574 303 604 bendi
338 574 468 603 bonitate
498 574 657 610 dogmatice
686 572 904 608 pronuntiavit3
934 574 983 601 sed
1006 572 1179 608 praecipue,
1210 573 1289 608 quod
1319 580 1534 602 consummatae
1562 580 1590 602 et
1616 573 1731 602 univer-

219 628 288 656 salis
313 625 502 655 dubitationis
529 625 710 654 affectionem
743 623 825 659 quasi
848 624 877 652 in
905 630 998 659 partes
1029 622 1188 659 dissecuit,
1224 631 1311 659 atque
1339 625 1379 653 ita
1411 623 1559 661 perfectae
1591 624 1724 661 imaginis

214 687 304 707 arcem
329 676 461 706 deseruit.
502 676 576 704 Dein
605 674 755 704 Arcesilas
782 680 867 702 artem
892 675 1030 710 quandam
1058 674 1134 703 vitae
1155 677 1327 711 coustituit,
1355 676 1394 704 ita
1421 682 1453 704 ut
1476 677 1646 711 εὐδαιμονίας
1669 675 1725 704 fine

214 738 242 759 et
268 736 391 758 extremo
414 727 531 763 posito,
551 728 675 763 φρόνησιν
698 726 804 755 diceret
828 727 862 754 ad
886 726 962 754 hunc
985 725 1066 753 finem
1091 726 1314 761 adipiscendum.
1333 726 1407 754 viam
1432 727 1561 762 munire,
1591 726 1732 763 regendas-

213 789 306 811 autem
332 787 395 808 esse
416 779 543 807 actiones
563 780 599 815 τῷ
625 778 744 813 εὐλόγῳ.
785 776 890 805 Verum
919 777 999 805 abest
1033 784 1132 805 rursus
1166 777 1233 805 haec
1268 777 1407 806 sententia
1435 785 1450 806 a
1472 785 1585 805 summo
1613 777 1731 813 Scepti-

214 834 327 867 cismo,
349 831 429 859 illum
452 830 596 863 dicimus,
627 829 678 864 qui
705 828 899 856 in-hominem
925 828 1119 864 plenissimus*
1147 829 1245 856 cadere
1273 834 1391 863 potest,
1424 835 1483 862 quo
1515 828 1726 864 phaenomena·

216 893 278 913 tum
307 890 334 911 et
356 888 516 911 coactarum
543 880 628 907 niodo
651 878 837 907 affectionum
862 886 997 906 assensus
1025 885 1051 906 et
1075 880 1108 906 ad
1133 879 1270 913 agendum
1304 879 1452 913 impulsus
1480 878 1652 907 admittitur.
1696 879 1725 908 A

214 944 270 971 qua
305 933 489 968 simplicitate
511 930 535 959 is
557 929 694 965 protinus*
722 929 866 963 deflectit,
896 929 947 964 qui
974 929 1100 964 regulam
1129 936 1156 957 et
1188 929 1371 964 disciplinam
1403 935 1429 956 et
1462 928 1604 964 principia
1634 929 1726 957 actio-

214 995 283 1015 num
313 983 434 1012 inducit.
477 981 596 1009 Etenim
626 980 672 1008 hic
708 980 799 1015 majus
833 985 1007 1009 momentum
1041 987 1071 1007 ae
1101 980 1220 1014 pondus
1246 979 1457 1017 phaenomenis-
1477 986 1503 1007 et
1532 979 1727 1008 conscientiae

212 1033 455 1072 impressionibus
479 1031 598 1065 tribuit,
620 1038 704 1065 quam
731 1029 790 1058 fieri
812 1029 907 1065 potuit
931 1028 965 1056 ab
990 1028 1063 1062 illo,
1094 1029 1144 1063 qui
1165 1029 1199 1056 de
1225 1028 1303 1056 omni
1327 1028 1458 1056 similiter
1479 1036 1526 1063 re,
1547 1035 1642 1057 utrum
1666 1029 1731 1064 sit„

212 1095 247 1116 an
274 1085 344 1121 quid
373 1083 432 1118 sit,
460 1082 596 1116 dubitat3v
621 1080 819 1116 obtemperans
847 1079 872 1107 ei
900 1086 1008 1111 tantum
1035 1078 1174 1108 humanae
1196 1077 1401 1121 imbecillitatis
1431 1079 1623 1120 auctoritati,
1652 1087 1727 1116 quae

212 1144 360 1167 assensum
384 1134 583 1169 actionemque
608 1140 667 1160 non
689 1132 812 1165 suadet,
832 1131 887 1159 sed:
904 1130 987 1166 iubet
1011 1135 1040 1158 et
1063 1136 1233 1165 extorquet..
1336 1121 1343 1122 ἶ
1592 1154 1595 1157 .

252 1187 384 1224 Longius
410 1185 492 1214 etiam
519 1182 683 1212 Carneades
704 1183 738 1211 ab
766 1182 938 1217 exemplari,
966 1181 1044 1216 quod
1068 1181 1223 1216 ponimus,
1251 1180 1338 1209 abiit„
1375 1180 1403 1209 Is
1427 1181 1499 1210 enirn
1531 1187 1559 1209 et
1579 1181 1730 1212 veritatem

216 1239 410 1276 objectivam‚
431 1244 459 1264 et
476 1237 626 1264 notionum
644 1240 804 1263 nostrarum
824 1234 857 1261 ad
876 1232 951 1260 illam
984 1232 1131 1260 veritatem
1150 1232 1299 1267 quamdam
1323 1231 1459 1260 rationem
1487 1232 1627 1269 reliquit3
1651 1241 1724 1269 quae

212 1291 286 1320 ratio
303 1297 362 1319 non
377 1287 436 1317 verl
454 1287 606 1322 certique,
626 1285 676 1314 sed
702 1283 914 1321 probabilitatis
933 1282 1016 1311 fidem
1043 1282 1162 1312 habeat..
1197 1282 1311 1312 Gradus
1335 1282 1418 1311 etiam
1440 1283 1598 1318 distinxit,
1621 1291 1729 1312 secun·

208 1343 280 1372 dum
295 1348 370 1376 quos
389 1338 577 1375 subjectIvam
597 1336 742 1365 veritatem
763 1335 797 1364 ab
816 1334 966 1371 obiectiva
985 1334 1075 1370 magis
1095 1334 1230 1363 minusve
1244 1325 1386 1363 ‘remotam
1418 1342 1481 1362 esse
1503 1341 1610 1363 censet.
1650 1333 1733 1364 Cum:

212 1399 306 1425 autem
327 1389 488 1426 subjectiva
503 1389 607 1418 veritas
624 1386 745 1422 intelligi
763 1385 879 1421 possit,
901 1391 949 1413 aut
966 1385 1000 1413 de
1016 1393 1163 1414 consensu
1181 1385 1393 1421 cogitationum
1410 1390 1572 1413 nostrarum
1590 1385 1665 1413 inter
1678 1393 1728 1422 se,

212 1443 402 1473 notionumve
423 1447 488 1467 cum
514 1446 618 1466 sensus
641 1436 882 1471 impressionibus
907 1435 967 1463 sive
989 1435 1169 1471 phantasiis,
1191 1442 1241 1464 aut
1260 1436 1294 1463 de
1314 1441 1467 1470 utriusque
1480 1443 1641 1464 consensus
1657 1444 1729 1466 con-

214 1493 386 1531 junctione,
406 1490 517 1518 videtur
536 1487 699 1517 Carneades
714 1488 786 1516 hanc
803 1493 972 1522 postremam
982 1486 1202 1521 descriptionem
1222 1484 1380 1522 recepisse=
1403 1492 1478 1514 certe
1491 1486 1641 1515 notionum
1659 1495 1724 1516 cum

212 1543 372 1583 phantasiis
393 1539 653 1574 necessitudinem,
676 1538 695 1567 i.
715 1546 738 1566 e.
758 1536 1055 1572 verisimilitudinem,
1078 1536 1163 1565 variis
1179 1537 1331 1573 generibus
1347 1535 1472 1565 definiit:
1494 1545 1547 1565 nec
1565 1543 1675 1566 tantum
1693 1543 1726 1568 ut

211 1594 313 1633 agendi
329 1593 473 1623 criterium
489 1591 702 1624 constitueret,
723 1589 771 1617 sed
788 1588 870 1617 etiam
890 1596 949 1624 quo
968 1588 1126 1617 disserendi
1151 1596 1183 1616 ac
1204 1588 1354 1623 quaerendi
1379 1588 1520 1625 judicium
1546 1588 1733 1625 gubernaret,

211 1648 307 1683 Igitur
331 1642 495 1673 Carneades
519 1641 726 1670 dubitationem
753 1648 832 1669 suam
851 1639 951 1676 maj0ri
968 1639 1052 1667 etiam
1070 1647 1154 1674 quam
1175 1639 1343 1674 Arcesilas,
1365 1639 1540 1675 dogmaticae
1557 1640 1733 1670 assertionis.

212 1696 327 1727 licentia
348 1703 472 1723 miscens
494 1700 522 1723 et
546 1700 724 1729 temperans,
751 1691 836 1720 tertio
858 1700 873 1720 a
900 1690 1031 1726 perfecto
1054 1689 1246 1726 bcepticismo
1272 1690 1358 1726 gradu
1381 1691 1540 1719 consistere
1562 1691 1686 1721 videtur.

253 1746 386 1782 Denique
418 1744 504 1773 Philo
529 1743 731 1773 Academicum
764 1741 914 1771 dubitandi
948 1748 1054 1770 morem
1083 1742 1205 1777 propius
1238 1743 1320 1770 etiam
1353 1741 1555 1777 Dogmatismo
1583 1741 1731 1772 admovit.

214 1798 330 1829 Etenim
355 1805 388 1825 eo
418 1795 585 1832 processit,
615 1800 647 1823 ut
675 1802 719 1822 res
749 1799 849 1822 natura
882 1801 932 1821 sua
965 1800 1050 1828 posse
1076 1793 1280 1829 comprehendi
1311 1792 1477 1827 affirmaret,
1505 1792 1638 1827 quamvis
1658 1799 1725 1821 non·

217 1855 338 1887 possint
360 1856 375 1876 a
397 1846 484 1876 nobis
509 1854 540 1875 ea
570 1844 835 1881 comprehensionis
871 1843 1003 1872 firmitate
1034 1843 1166 1880 percipi,
1195 1851 1280 1879 quam
1315 1844 1406 1872 Stoici
1445 1841 1610 1870 tuebantur.
1649 1842 1730 1872 Dein»>

218 1906 343 1936 systema
369 1898 475 1925 morale
498 1896 684 1932 composuit3
714 1896 752 1923 ita
774 1901 805 1923 ut
832 1895 921 1931 magis
948 1894 1052 1930 etiam,
1080 1903 1164 1930 quam
1187 1895 1272 1923 ceteri
1295 1893 1481 1929 Academici,
1502 1893 1668 1928 disputandi
1689 1893 1720 1922 in

205 1956 371 1984 'utramque
405 1955 511 1982 partem
546 1947 782 1975 consuetudinem
809 1954 824 1973 a
843 1952 1042 1974 consummata
1071 1944 1251 1974 dubitatione
1280 1950 1437 1974 sevocaret.
1486 1942 1568 1979 Quae
1594 1951 1638 1973 res
1666 1949 1731 1972 tam·-

224 1999 406 2030 manifestam
430 1997 513 2027 habet
533 1998 771 2033 declarationem,
791 2003 823 2026 ut
837 1996 859 2025 ii
876 1996 981 2033 etiam,
1004 1995 1111 2033 quibus
1129 1995 1223 2026 omnis
1239 1994 1413 2027 discriminis
1430 1999 1498 2024 nota
1516 1994 1591 2024 inter
1602 1993 1729 2031 Pyrrho·

1687 2045 1737 2079 ui·
