1913 2417
662 168 1056 209 ORAT'IO.
1552 178 1597 216 23

121 259 177 292 dat
201 271 237 292 ac
259 259 394 304 probat,
426 254 625 303 eandemque
655 270 673 291 a
701 260 924 295 diversissimis
951 264 1098 307 partibus
1126 265 1305 308 expositam
1333 274 1364 300 et
1395 267 1594 311 jucundissi-

123 329 176 349 ma
203 317 352 348 varietate
382 323 587 360 temperatam
615 316 714 348 docili
750 320 850 350 menti
881 320 1041 354 admovet.
1103 322 1221 354 Similis
1247 330 1323 362 est,
1356 331 1391 356 ut
1419 328 1594 360 Servatoris

123 374 313 406 sanctissimi
337 372 442 404 verbis
474 381 548 405 utar
565 397 574 412 ,
607 373 825 417 patrifamilias
841 398 851 415 ,
879 378 936 419 qui
962 388 1000 409 ex
1031 381 1230 422 promtuario
1260 392 1320 412 suo
1346 389 1378 413 et
1404 390 1509 415 vetera
1536 385 1590 417 de·-

123 430 244 474 promit
267 436 298 460 et
319 430 481 468 recentia3
510 430 624 462 similis
653 430 733 462 adeo
760 432 820 474 ipsi
845 443 952 464 rerum
984 442 1134 475 naturae,
1163 442 1211 467 tot
1244 443 1472 483 tantorumque
1494 440 1592 474 bene*-

120 486 269 518 ficiorum
291 485 531 529 dispensatrici,
563 487 655 529 cujus
682 487 812 519 divitiae
837 500 905 520 non
930 497 1154 531 attenuantur,
1183 493 1304 525 nedum
1332 496 1592 539 exhauriuntur,-

123 544 217 575 etiam
244 541 302 573 ubi
329 541 424 573 luxus
450 549 482 574 et
508 543 627 575 abusus
655 544 825 576 hominum
852 546 891 577 ad
916 547 998 579 vitae
1031 549 1248 581 necessitatem
1280 555 1471 593 accesserim
1491 557 1589 598 quin,

124 601 208 631 sicut
234 599 269 630 in
299 598 349 629 his
379 606 511 631 naturae
546 601 647 643 copiis
674 601 774 632 multa
802 602 1114 646 deprehenduntur,
1146 617 1285 649 quorum
1316 619 1411 640 usum
1441 611 1591 644 nondum

120 656 377 700 exploravimUS,
412 657 455 687 ita
481 657 515 687 in
549 657 668 688 Codice
698 668 789 689 sacro
822 666 908 691 tanta
938 668 985 692 est
1019 672 1125 693 rerum
1151 662 1332 703 affluentia,
1366 672 1401 696 ut
1432 667 1525 699 multi
1556 668 1595 700 id'

122 723 213 755 aegre
236 710 372 743 ferentes
394 711 596 755 abusumque
620 714 768 745 timentes
795 716 884 758 ipsas
901 716 981 748 adeo
1004 717 1140 749 divitias
1163 719 1349 752 calumniati
1385 723 1468 760 sint;
1497 725 1589 767 quasi

119 779 216 805 vero,
240 778 322 810 quae
343 768 402 798 uni
430 768 480 799 vel
505 769 615 811 paucis
639 769 827 812 displicent,
860 774 1018 804 continuo
1041 773 1148 805 abesse
1174 775 1346 816 deberent,
1369 780 1460 820 quasi
1497 781 1594 813 exilis

117 823 234 857 domus
256 830 426 866 praestaret
451 824 586 867 palatio,
611 825 670 856 cui
689 825 799 857 multa,
814 828 1001 870 supersunt!

157 881 425 919 Consideremus,
459 891 600 924 quaeso»,
634 882 797 925 ingentem
837 884 928 916 illum
969 885 1079 917 orbem
1114 887 1347 929 historiarum·‚
1381 901 1464 934 quae
1491 893 1595 927 literis-

116 941 212 975 sacris
244 937 475 975 continentur,
507 944 539 969 et
569 949 651 981 quae
685 945 818 970 tantum.
839 940 945 980 abest,
975 949 1012 973 ut
1042 943 1082 974 ab
1110 945 1321 977 institutionis
1353 946 1481 980 divinae
1512 957 1596 982 oon-1

117 998 190 1031 silio
212 994 418 1032 abhorreant,
443 1000 501 1035 ut,
531 995 806 1037 quemadmodum
835 997 929 1028 multi
954 998 1112 1042 theologi,
1143 1003 1178 1032 in
1207 1001 1257 1033 his
1287 1003 1469 1036 Descderias
1494 1009 1595 1045 Erus-J

118 1065 212 1092 mus,
246 1057 444 1082 monuerunt
456 1073 475 1089 ‚7
501 1051 650 1082 eximiam
672 1058 702 1083 et
724 1052 798 1083 usui
827 1055 994 1085 communi
1023 1056 1383 1090 accommodatissimam
1420 1062 1489 1104 ejus
1515 1072 1590 1106 par*

113 1116 190 1142 tems
207 1107 371 1140 efficiant..
419 1107 479 1136 Hie
502 1106 597 1138 nobis
623 1107 817 1139 exhibentur
843 1115 892 1139 tot
917 1110 1061 1142 virorum
1088 1112 1243 1155 imagines
1271 1116 1340 1157 ipsa
1373 1115 1426 1148 illa
1456 1120 1586 1153 coelesti

117 1165 296 1208 sapientia,
327 1171 457 1192 morum
481 1163 646 1194 sanctitate
673 1170 707 1195 et
731 1164 828 1195 rebus
857 1167 953 1208 gestis
978 1166 1158 1206 clarorum,
1188 1178 1330 1212 quorum
1361 1172 1461 1205 veluti
1487 1175 1593 1209 linea·-

115 1226 224 1252 menta
248 1219 315 1250 suis
349 1224 460 1248 ornata
488 1217 651 1250 coloribus
681 1220 871 1260 iutuemur,
902 1230 1042 1264 quorum
1075 1226 1216 1256 actiones
1246 1229 1349 1259 menti
1382 1237 1509 1264 nostrae
1536 1242 1592 1266 re-

113 1281 352 1319 praesentamus
367 1296 377 1313 ,
400 1272 594 1315 quibuscum
621 1276 713 1316 quasi
738 1286 965 1309 conversamur
979 1303 988 1318 ,
1021 1290 1161 1323 quorum
1184 1284 1417 1317 consuetudine
1433 1288 1488 1330 pio
1506 1297 1587 1329 quo·

111 1331 187 1363 dam
215 1340 312 1361 sensu
347 1328 545 1361 imbuimur..
597 1332 668 1362 Una
705 1342 787 1363 cum¹
818 1332 869 1365 his
908 1334 1071 1367 bonorum
1113 1337 1258 1369 virorum
1298 1341 1451 1381 exemplis
1487 1344 1583 1376 etiam

110 1386 326 1431 perversitatis
350 1384 509 1416 humanae
534 1392 574 1417 et>
592 1387 758 1430 improbae
779 1389 898 1421 indolis
923 1393 1109 1434 specimina·
1131 1405 1199 1425 non
1230 1394 1327 1425 nimis
1355 1405 1454 1437 pauca
1479 1408 1580 1442 expo-

110 1450 260 1480 nuntur,
298 1451 373 1473 nam
402 1452 421 1472 a
448 1441 554 1473 stultis
579 1454 710 1487 quoque
742 1445 823 1476 disci
868 1454 971 1489 potest
1007 1449 1186 1490 sapientia,
1216 1448 1255 1480 ab
1289 1450 1449 1493 improbis
1473 1457 1584 1497 probi-

110 1504 168 1529 tas.
226 1498 316 1537 Quae
347 1498 557 1540 turpitudinis
584 1500 729 1543 exempla
764 1513 823 1533 cut·
846 1503 955 1534 abesse
976 1503 1092 1542 malis,
1124 1515 1217 1535 causa
1250 1504 1339 1536 nulla
1367 1510 1442 1539 satis
1467 1510 1583 1543 idonea.

111 1560 180 1592 θεῖς
210 1561 286 1583 nam
313 1553 393 1594 quid
427 1553 594 1596 proderit,
622 1556 787 1598 improbos
812 1568 830 1588 e
859 1560 889 1589 S.
914 1560 943 1590 S.
976 1559 1144 1597 sustulise‚
1177 1561 1204 1591 si
1232 1572 1270 1592 ex
1302 1562 1365 1592 viia
1394 1566 1581 1606 quotidiana

109 1609 219 1640 tollere
243 1608 411 1650 nequeas?
455 1609 502 1641 lta
536 1609 705 1641 innumera
738 1619 869 1644 naturae
896 1613 1054 1645 humanae
1087 1616 1214 1658 specula
1245 1618 1339 1648 nobis
1376 1618 1577 1663 offeruntur,

108 1664 227 1708 quibus
258 1663 464 1694 consulendis
495 1672 620 1696 nosmet
651 1667 712 1708 ipsi
744 1668 926 1699 intueamur
954 1677 985 1701 et
1018 1678 1144 1702 nostrae
1178 1673 1375 1705 conditionis
1405 1676 1580 1711 admonea-

109 1732 193 1753 mur.
251 1722 401 1759 Quantus
433 1730 532 1762 porro
565 1732 671 1752 rerum
704 1730 862 1765 gestarum
892 1726 1057 1765 ambitus,
1092 1738 1190 1770 quam
1221 1729 1416 1762 admirabilis
1445 1742 1577 1768 contex-

110 1776 185 1808 tus!
225 1778 352 1807 Etenim
378 1786 396 1806 a
426 1777 609 1819 primordiis
627 1781 751 1818 generis
779 1780 933 1819 humaui,
964 1789 1121 1824 quatenus
1146 1795 1181 1815 ea
1207 1786 1364 1826 probabili
1393 1791 1577 1832 conjectura

108 1833 192 1864 valet
226 1832 351 1873 assequi
392 1831 533 1862 bominis
570 1833 759 1875 ingenium,
801 1842 832 1866 et
862 1836 958 1868 rebus
992 1841 1088 1881 gestis
1119 1842 1309 1885 casibusque
1344 1843 1575 1882 Abrabamicae

106 1888 210 1932 gentis
242 1897 353 1918 exorsa
387 1893 418 1918 et
450 1898 506 1929 per
546 1894 593 1919 tot
629 1892 847 1932 generationes
882 1900 1061 1937 aetatesque
1091 1896 1226 1929 deducta
1267 1901 1406 1932 narratio
1437 1913 1575 1946 regnum

103 1943 266 1988 quoddam
293 1942 441 1976 divinum
465 1944 688 1978 adumbrando
710 1955 860 1991 properat
888 1949 928 1981 ad
956 1950 1008 1990 id,
1031 1952 1065 1984 in
1091 1963 1156 1996 quo
1183 1955 1392 1989 consiliorum
1425 1960 1487 1991 Dei
1524 1961 1573 1993 vel

1522 2027 1576 2049 oc·
