1913 2417
272 124 557 159 RESPONSIO
587 134 637 157 AD
666 126 1037 166 QUAESTIONEM
1065 127 1503 167 HYDROSTATICAM.
1564 112 1571 122 a
1602 148 1642 177 25

127 216 244 254 plenus.
283 214 357 242 Mox
388 219 479 240 autem
510 212 646 247 paulatim
677 212 767 240 elatus
794 212 903 246 tubus,
936 212 1075 241 residente
1102 213 1213 249 globo,
1243 215 1326 252 ejecit
1354 225 1472 253 quoque
1493 220 1630 255 paulatim

130 273 294 303 susceptam
317 265 398 300 prius
421 271 544 299 aquam,
567 269 595 291 et
621 269 710 291 totam
731 264 893 299 expulerat,
915 271 979 290 cum
1005 265 1039 291 ad
1060 273 1202 293 summum
1221 273 1337 296 ventum
1361 267 1447 296 est-’⁹

169 318 233 347 Hoc
259 316 483 352 experimentum
508 314 632 351 Magnan
656 323 708 350 pro
729 322 780 342 sua
803 314 942 342 sententia
967 316 1081 351 allegat.
1121 316 1236 345 Etenim
1262 318 1326 354 (uti
1348 320 1430 347 etiarn
1449 319 1638 356 ipse.Schot-

130 374 178 397 tus
206 368 315 405 egregie
343 365 542 395 animadvertit
561 386 570 399 ,
606 365 658 400 qui
697 365 783 401 hujus
815 365 999 400 experimenti
1036 373 1064 394 et
1094 368 1247 396 sententiae
1277 369 1415 406 Magnani
1448 372 1566 407 probam
1592 373 1641 402 de-

131 419 173 447 dit
194 417 462 454 explicationem),
493 417 583 444 tubus
617 415 794 450 inclinatus,
820 423 848 444 et
873 415 947 444 infra
971 425 1073 452 aquam
1099 419 1271 455 depressus,
1301 429 1404 456 aquam
1430 431 1489 451 non
1522 424 1575 452 alia
1604 425 1639 452 de

130 477 216 498 causa
246 468 391 503 admittit,
420 473 529 498 retento
559 466 660 502 partim
684 469 765 502 aere,
794 467 851 495 nisi
881 467 948 502 quia
971 476 1051 496 rarus
1075 470 1122 496 aer
1150 468 1205 497 fuit
1227 472 1262 498 ab
1284 479 1358 507 aqua
1387 473 1570 503 incumbente
1593 475 1642 503 de-

129 528 268 556 pressus,
291 525 323 547 ut
346 525 425 554 patet
449 526 482 546 ex
508 526 560 553 e0‚
583 518 662 552 quod
685 526 744 552 quo
765 519 833 554 plus
855 527 944 554 aquae
969 519 1169 555 incumbebat,
1198 526 1277 550 tauto
1307 524 1397 560 magis
1418 527 1465 553 aer
1489 525 1527 554 ob
1549 527 1641 562 majus

131 578 220 605 aquae
245 570 360 605 pondus
385 577 539 605 premens,
560 568 725 603 recedebat3
747 575 775 597 et
797 578 811 597 e
833 576 948 605 contra,
971 576 1060 606 prout
1080 570 1261 599 minuebatur
1283 581 1370 608 aquae
1390 575 1583 605 incumbentis
1603 578 1645 605 al-

128 621 224 649 titudo
244 626 271 648 et
292 621 426 656 pondus,
446 628 480 648 eo
506 620 601 648 minus
624 628 741 655 pressus
764 623 812 649 aer
833 621 985 657 pristinum
1010 621 1106 649 locum
1136 630 1168 650 ac
1192 629 1299 651 statum
1322 626 1458 659 paulatim
1484 628 1640 663 repetebat.

125 670 186 700 'His
217 672 323 706 positis
340 691 350 706 ,
378 672 522 700 dividatur
549 679 638 705 aquae
667 671 790 699 altitudo
811 672 841 699 in
869 671 981 707 aliquot
998 693 1008 708 ,
1037 673 1131 700 decem
1160 681 1188 702 v.
1220 681 1248 709 g.
1281 681 1374 710 partes
1392 696 1402 710 ,
1435 677 1490 705 sibi
1516 678 1638 707 invicem

127 731 250 758 prorsus
271 723 411 758 aequales.
454 722 534 759 Quid
552 722 638 751 tum?
668 722 736 750 Pars
759 722 888 756 decima,
911 731 982 758 quae
1006 723 1103 751 infima
1122 729 1186 758 est,
1209 725 1276 760 plus
1298 726 1400 760 premit
1422 730 1533 762 aerem,
1558 737 1644 763 quam

126 780 225 807 nona,
247 773 312 807 quia
339 775 386 801 ae'r
406 773 497 808 magis
519 772 634 800 recedit>
648 773 791 807 pressioni
815 774 939 802 decimae
963 782 1046 809 quam
1071 782 1183 808 nonae,
1205 781 1232 802 et
1254 783 1384 804 recessus
1409 778 1500 813 maJ'or
1526 780 1644 815 majoris

129 823 289 860 pressionis
319 830 362 851 est
388 822 519 851 effectus.
561 824 641 860 Ergo
668 832 733 859 pars
764 824 870 852 decima
899 833 958 853 non
983 825 1087 860 premit
1112 826 1192 860 sola,
1221 826 1270 854 sed
1300 828 1401 862 premit
1428 828 1511 857 etiam
1543 838 1641 864 nona,

130 874 197 910 quia
222 874 345 902 decimae
370 875 458 908 partis
488 875 581 902 solius
616 875 707 903 moles
739 881 767 903 et
797 876 920 912 gravitas
946 883 1006 904 non
1032 882 1075 904 est
1099 879 1207 914 maj0r,
1235 885 1319 913 quam
1346 887 1458 915 nonae,
1491 886 1523 907 ut
1549 881 1649 915 posui-

128 933 206 954 mus.
247 925 286 953 Et
311 925 378 960 quia
407 932 481 953 nona
514 925 599 953 etiam
632 927 699 962 plus
720 926 845 962 premit,
873 935 956 962 quam
982 934 1103 964 octava,
1140 928 1178 956 ob
1205 930 1317 958 eandem
1350 939 1465 959 causam
1498 925 1649 959 dicendum

127 982 193 1011 est,
213 976 296 1004 etiam
321 984 423 1003 nonam
446 984 506 1004 non
528 978 618 1004 solam
646 986 789 1013 premere,
817 978 867 1006 secl
887 978 981 1014 juvari
1004 978 1038 1005 ab
1066 984 1188 1014 octava,
1218 987 1245 1008 et
1273 981 1345 1009 hanc
1368 990 1382 1009 a
1406 982 1527 1017 septima
1554 989 1647 1017 usque

128 1028 167 1056 ad
191 1027 308 1063 primam
335 1033 461 1062 partem,
485 1034 557 1061 quae
574 1029 655 1063 Juvat
678 1028 852 1063 secundam,
873 1029 941 1056 dum
964 1029 1015 1056 liae
1034 1029 1143 1057 tertiam
1158 1050 1167 1063 ,
1197 1036 1224 1058 et
1250 1038 1307 1059 tres
1340 1032 1404 1060 illae
1432 1040 1581 1068 quartam,
1604 1038 1648 1061 at-

131 1086 188 1113 que
205 1080 244 1105 ita
268 1085 355 1112 porro
369 1097 378 1111 ,
397 1078 510 1113 juvant.
550 1077 627 1106 Hinc
650 1079 752 1107 merito
773 1079 925 1108 concludit
946 1079 1094 1116 Magnan,
1118 1081 1236 1115 primam
1263 1089 1369 1117 partem
1396 1090 1521 1118 premere
1540 1091 1648 1112 secun-

125 1129 214 1163 dam,
241 1134 268 1156 et
289 1128 361 1156 hauc
385 1136 510 1163 premere
537 1129 672 1165 tertiam,
701 1138 796 1166 usque
822 1131 856 1159 ad
887 1139 1011 1166 nonam,
1042 1140 1115 1167 quae
1137 1140 1241 1160 rursus
1267 1133 1367 1167 premit
1392 1133 1549 1169 decimam,
1579 1135 1649 1164 dum

124 1179 193 1208 haec
226 1180 397 1215 reliquarum
424 1188 527 1208 novem
559 1181 647 1209 simul
675 1183 825 1210 sustinens
846 1182 1011 1217 pressiones
1028 1201 1038 1215 ,
1067 1183 1184 1217 acrem,
1212 1182 1267 1210 sibi
1299 1183 1458 1212 immediate
1482 1186 1647 1222 subjectum

127 1230 231 1265 premit
253 1239 309 1259 nna
331 1238 368 1259 ex
394 1231 531 1259 omnibus
557 1233 676 1261 collecta
701 1233 850 1265 pressione
874 1232 968 1259 decem
993 1225 1135 1268 partium,
1166 1241 1217 1261 sua
1239 1233 1350 1262 scilicet
1371 1235 1507 1271 propria,
1536 1243 1563 1264 et
1586 1236 1650 1264 aliis

124 1286 229 1309 novem
254 1277 383 1313 partibus
413 1278 550 1313 acceptis.
592 1279 670 1308 Haec
693 1287 786 1309 autem
815 1283 988 1317 conclusio,
1018 1284 1098 1318 quod
1127 1292 1182 1312 una
1215 1285 1355 1320 particula
1388 1285 1504 1315 alteram
1527 1294 1652 1322 sequen·

125 1335 184 1358 tem
207 1328 328 1365 premit,
357 1335 385 1356 et
405 1328 602 1365 haeareliquas
627 1339 805 1368 sequentes,¹
832 1334 940 1369 optima
972 1342 1000 1362 et
1025 1335 1110 1363 unice
1136 1343 1201 1364 vera
1229 1335 1285 1371 ipsi
1310 1336 1443 1371 videtur,
1473 1337 1541 1372 quia
1562 1338 1645 1366 nullo

126 1381 217 1410 modo
239 1379 362 1416 cogitari
386 1386 482 1416 potest
508 1389 614 1417 corpus
642 1391 776 1418 premens
802 1383 837 1412 ab
863 1384 919 1413 alio
943 1393 1066 1420 corpore
1087 1387 1123 1415 ad
1142 1388 1328 1422 prementium
1352 1387 1467 1423 juvari,
1496 1388 1553 1415 nisi
1575 1386 1647 1414 iilud

129 1431 210 1460 aliud
230 1439 337 1466 corpus
358 1431 446 1459 simul
473 1439 592 1467 premat.
637 1432 713 1461 Cum
737 1434 833 1469 itaque
857 1443 922 1470 pars
940 1436 1048 1464 decIma
1071 1437 1232 1466 immediate
1256 1440 1347 1466 aerem
1370 1445 1501 1473 premens
1522 1435 1556 1463 ab
1581 1436 1646 1465 aliis

129 1489 232 1512 novem
253 1481 370 1518 juvetur
392 1482 428 1509 ad
451 1483 542 1519 magis
563 1485 767 1519 premendum,
790 1493 874 1520 quam
889 1485 952 1520 ipsa
973 1495 1022 1522 per
1041 1495 1072 1515 se
1095 1488 1213 1523 possit,
1236 1488 1301 1516 inde
1318 1486 1477 1516 necessario
1498 1487 1648 1523 sequitur,

125 1540 232 1562 novem
252 1531 316 1560 illas
337 1531 420 1560 etiam
443 1534 536 1561 acrem
560 1543 703 1570 premere,
734 1541 761 1562 et
788 1536 855 1570 quia
878 1544 938 1564 non
962 1536 1122 1566 immediate
1145 1541 1277 1573 premunt
1305 1541 1422 1571 propter
1445 1537 1646 1573 interpositam

127 1589 236 1618 partem
257 1582 416 1619 decimam,
442 1592 510 1620 ergo
534 1585 655 1613 mediate
674 1591 784 1614 tantum
808 1594 963 1622 premunt,
991 1594 1092 1622 nempe
1116 1586 1188 1614 aliae
1214 1595 1264 1622 per
1287 1586 1376 1621 alias,
1404 1587 1424 1615 i.
1451 1596 1477 1616 e.
1502 1596 1578 1617 nona
1601 1597 1652 1625 per

127 1631 265 1661 decimam
285 1636 387 1659 octava
419 1643 469 1666 per
500 1641 649 1668 uti-amque
669 1639 726 1662 etc.
766 1634 846 1671 Ergo
869 1636 977 1665 decima
1001 1637 1127 1673 suscipit
1154 1637 1184 1666 in
1216 1645 1247 1665 se
1277 1638 1437 1666 immediate
1467 1640 1645 1675 pressionem

78 1676 82 1682 ’
129 1690 241 1717 nonae,
269 1689 345 1710 nona
365 1687 502 1719 octavae,
533 1689 561 1712 et
585 1684 628 1713 sic
650 1693 761 1721 porroz
792 1692 878 1722 atque
903 1687 970 1716 hinc
995 1688 1164 1725 concludit,
1195 1696 1282 1717 unam
1311 1696 1422 1726 partem
1452 1698 1539 1726 supra
1565 1691 1647 1719 aliam

134 1734 282 1771 gravitate.

173 1785 221 1812 Sic
252 1783 365 1820 quidem
396 1786 507 1823 egregia
534 1787 753 1819 ratiocinatione
785 1790 864 1820 doct.
902 1791 1031 1830 Magnan
1068 1793 1163 1822 thesin
1206 1801 1286 1821 suam
1326 1791 1464 1821 defendit.
1513 1790 1554 1820 At
1582 1799 1650 1821 vero

135 1835 214 1864 aliud
229 1835 323 1864 adhuc
340 1838 564 1873 experimentum
580 1840 610 1869 in
625 1841 789 1872 subsidium
805 1844 940 1879 vocavit,
963 1845 1042 1880 quod
1069 1845 1151 1874 etiam
1176 1844 1262 1873 nobis
1288 1843 1429 1872 Schottus
1453 1843 1552 1871 retulit
1570 1844 1609 1880 (Ι
1622 1845 1650 1879 ).

136 1904 156 1920 ,,
174 1885 203 1912 Si
226 1887 383 1916 mercurius
398 1911 409 1925 ,
434 1891 543 1930 (cujus
567 1892 692 1929 gravitas
716 1900 760 1924 cst
784 1895 820 1925 ad
845 1895 1011 1932 gravitatem
1035 1903 1125 1932 aquae
1155 1895 1198 1924 uti
1223 1904 1257 1933 14
1279 1903 1287 1924 ι
1314 1895 1351 1932 1)
1379 1899 1505 1931 ponatur
1529 1894 1560 1923 in
1590 1894 1648 1923 imo

163 1973 217 2002 (1)
235 1974 287 1998 Vid-
308 1974 365 1998 lbld.
384 1975 434 2000 Le.
1593 1954 1656 1973 cru·

964 2023 992 2053 D
