1913 2417
341 190 378 221 16
612 188 846 227 JACOBI
905 188 1213 219 HERMANI
1274 188 1582 224 PHILIPS‘E

345 271 525 301 concedenda
553 273 682 302 videatur
705 281 719 301 a
743 273 894 301 Tribunali
919 273 1026 308 primae
1054 273 1215 303 instantiae.
1256 273 1318 303 Nec
1345 275 1502 311 quidquam
1525 276 1627 312 refert,
1660 276 1777 312 quinam
1798 277 1858 307 sim

342 321 386 350 illi
419 324 576 359 petitore-s,
597 332 632 352 an
656 323 827 359 cognatione
850 323 1009 352 amicitiave
1032 332 1096 352 cum
1119 324 1247 354 Absente
1261 326 1377 362 juncti,
1404 334 1438 354 an
1460 334 1528 355 vero
1551 327 1694 362 extranei,
1716 334 1743 356 et
1765 328 1855 357 credi-

342 378 436 401 torum
462 383 598 409 numero,
629 380 677 402 aut
702 374 840 403 Absentis
865 375 895 403 in
917 375 1034 411 negorio
1056 375 1204 404 communi
1228 377 1321 412 socii,
1350 386 1384 405 an
1402 386 1469 406 vero
1495 378 1547 406 alia
1571 379 1604 406 de
1618 386 1718 406 caussa
1744 378 1855 408 Absen·

341 429 396 452 rent
419 424 476 453 sibi
497 431 609 453 teneant
636 425 804 454 adstrictum
824 432 873 454 aut
893 426 1067 462 obligatum.
1108 426 1192 464 Quot
1212 427 1285 456 enim
1310 428 1344 456 in
1368 429 1425 457 vita
1450 428 1530 456 civili
1555 429 1709 465 excogitari
1728 437 1853 465 possunt

341 475 474 511 negotia,
506 475 533 503 in
557 475 664 511 quibus
688 476 828 505 Absentis
845 478 996 506 commoda
1022 486 1086 506 cum
1109 478 1285 513 >reliquorum
1306 478 1423 516 juribus
1444 480 1641 515 componenda
1665 487 1752 514 sunt,
1784 481 1852 509 toti-

340 525 401 552 dem
426 533 460 553 ex
485 525 519 554 iis
537 526 654 562 legitimi
675 527 811 563 petitores
831 528 952 556 existere
968 535 1114 564 possunt,
1135 528 1185 563 qui
1206 529 1314 566 judicis
1337 530 1473 558 auxilium
1500 529 1671 566 implorare,
1694 537 1743 559 aut
1763 531 1856 560 actio-

339 582 402 603 nem
427 576 457 605 iu
480 576 634 606 Absentem
657 578 793 607 intentare
810 579 939 614 cupiant.
981 582 1113 608 Attamen
1135 588 1194 608 non
1215 587 1312 608 omnes
1337 580 1399 608 sine
1422 581 1586 610 discrimine
1614 582 1724 610 admitti
1751 582 1849 611 viden-

338 631 403 660 tur,
419 626 531 662 -quibus
553 637 619 657 cum
643 630 771 658 Absente
795 630 942 666 negotium
966 630 1086 666 aliquod
1105 639 1258 659 commune
1276 637 1337 666 est,
1359 631 1468 667 quique
1489 632 1584 667 aliqua
1607 632 1641 660 de
1664 641 1764 661 caussa
1786 641 1851 662 eum

337 676 394 704 sibi
420 677 581 714 obligatum
605 687 719 710 tenent-z
750 681 904 716 requiritur
928 681 1021 717 enim,
1050 688 1081 710 ut
1111 683 1150 711 ita
1176 690 1274 710 eorum
1308 682 1443 717 intersit,
1474 689 1506 711 ut
1539 682 1680 711 actionem
1716 684 1851 713 adversus

336 735 400 756 eum
432 729 581 759 instituere
606 740 736 766 queant,
767 740 838 767 quae
857 733 920 769 jure
944 732 1074 768 nititur,
1107 733 1185 768 quod
1213 733 1243 761 in
1277 733 1418 769 praesenti
1447 733 1502 770 jam
1537 733 1664 769 legitime
1693 735 1842 770 competit.

336 777 371 806 Id
390 785 481 808 autem
504 789 537 809 eo
563 782 654 818 magis
680 782 779 819 agendi
801 782 963 811 facultatem
986 790 1087 812 contra
1113 783 1270 812 Absentem
1297 783 1444 818 concedit,
1468 792 1527 819 quo
1550 785 1640 820 maior
1662 783 1776 813 videtur
1803 794 1852 821 pe-

339 829 416 857 tendi
441 832 617 868 necessitas,
638 840 665 861 et
682 834 840 868 periculum
860 842 894 862 ne
910 842 968 862 non
983 835 1105 870 petendo
1124 834 1173 871 jus
1189 833 1362 869 acquisitum
1383 833 1524 869 intereat,
1545 834 1606 862 eive
1629 835 1847 870 praescribatur.

376 880 449 909 Nam
477 882 518 910 uti
543 884 636 912 omnis
660 892 726 912 sana
745 885 838 920 legum
862 885 1056 920 interpretatio
1078 885 1185 921 exigit,
1217 890 1249 912 ut
1274 889 1367 912 totum
1391 885 1462 921 legis
1489 893 1605 913 sensum
1643 886 1846 922 adtendamus,

335 936 363 958 et
385 939 440 966 ne,
467 934 608 968 particula
631 934 726 971 aliqua
748 941 859 964 tantum
890 935 1062 971 proposita,
1090 936 1124 964 de
1145 944 1175 964 ea
1193 935 1373 972 judicemus,
1402 935 1423 964 l.
1442 943 1490 972 24.
1509 935 1546 971 ff.
1573 936 1607 964 de
1627 936 1700 974 ch.
1716 957 1726 972 ‚
1753 937 1795 966 sic
1822 938 1852 966 in

337 988 397 1010 aa.
424 991 489 1011 112.
517 984 648 1021 inprimis
671 986 783 1014 vitietur
807 986 878 1015 ratio
904 986 1030 1014 habenda
1052 986 1220 1021 verborum,
1253 994 1326 1022 quae
1347 986 1430 1014 initio
1449 987 1602 1022 leguntur,
1624 988 1746 1024 ejusque
1765 988 1848 1016 velu-

339 1031 361 1059 ti
384 1031 600 1064 fundamentum
625 1039 826 1065 constituunt:
848 1036 935 1072 idque
959 1045 993 1065 eo
1018 1036 1108 1073 magis
1129 1037 1281 1066 dicendum
1307 1037 1440 1072 videtur,
1468 1046 1532 1065 cum
1556 1045 1591 1066 ex
1615 1037 1676 1074 ipsa
1702 1038 1848 1074 legislato-

339 1081 381 1111 ris
403 1090 496 1112 mente
518 1085 633 1115 aliunde
656 1087 725 1115 satis
748 1093 896 1123 perspecta
920 1093 1030 1123 pateat,
1059 1095 1199 1116 summam
1224 1094 1334 1117 tantum
1369 1087 1567 1116 necessitatem
1598 1088 1689 1125 iudici
1720 1089 1852 1118 idoneam

339 1142 468 1163 caussam
493 1136 645 1172 praebere,
675 1144 708 1166 ut
738 1137 976 1166 administrationi
1011 1138 1152 1167 bonorum
1185 1139 1324 1168 Absentis
1349 1138 1520 1174 prospiciat.
1561 1138 1639 1167 Haec
1669 1146 1736 1168 vero
1759 1139 1785 1168 si
1807 1147 1851 1168 se-

342 1192 409 1213 cum
427 1187 649 1223 'conjungantur
667 1194 697 1216 et
722 1195 924 1225 comparentur
947 1189 1056 1218 ultimis
1082 1189 1168 1226 hujus
1191 1195 1254 1219 art.
1282 1189 1398 1224 verbis,
1426 1189 1511 1218 facile
1531 1189 1705 1226 perspicitur
1727 1198 1760 1219 eo
1785 1190 1851 1226 plu-

336 1235 378 1264 ris
400 1237 531 1273 cujusvis
555 1238 687 1273 petitoris
710 1239 865 1274 interesse,
887 1248 946 1275 quo
970 1241 1060 1277 major
1085 1240 1124 1268 sit
1141 1241 1296 1270 necessitas
1311 1240 1447 1276 petendi,
1465 1249 1530 1276 quo
1553 1241 1644 1278 majus
1669 1240 1850 1276 periculum,

341 1294 377 1315 ne
398 1295 457 1316 non
476 1289 598 1323 petendo
621 1290 670 1326 jus
695 1297 779 1318 suum
805 1289 925 1319 amittat.
960 1291 1099 1319 -Ceterutn
1133 1299 1199 1319 cum
1221 1300 1281 1320 non
1312 1292 1407 1320 solum
1430 1291 1576 1328 legislator
1598 1291 1723 1320 animum
1746 1292 1854 1321 habue-

343 1337 382 1365 rit
404 1338 575 1373 Absentium
598 1340 660 1376 jura
678 1347 706 1371 et
727 1341 876 1369 commoda
901 1341 1035 1377 tegendi,
1056 1342 1107 1369 sed
1132 1347 1159 1369 et
1185 1349 1233 1370 eos
1255 1341 1426 1378 adjuvandi,
1458 1341 1565 1376 quibus
1587 1341 1726 1370 Absentia
1749 1349 1852 1370 nocere

337 1394 439 1423 posset
461 1390 557 1424 quoad
577 1391 640 1427 jura
661 1392 718 1428 jam
743 1391 905 1426 acquisita,
936 1391 1021 1420 facile
1045 1391 1231 1428 intelligitur,
1253 1399 1401 1428 urgentem
1424 1391 1624 1420 necessitatem
1648 1399 1707 1420 non
1735 1398 1848 1420 tantum

332 1439 375 1466 *ad
397 1447 493 1468 casum
518 1448 580 1469 esse
601 1441 795 1477 referendum,
814 1450 876 1477 quo
898 1442 1037 1470 Absentis
1056 1442 1206 1470 commoda
1227 1442 1299 1478 legis
1319 1442 1458 1471 auxilium
1484 1442 1514 1470 in
1537 1442 1681 1478 praesenti
1708 1449 1848 1478 expostu-

336 1489 414 1524 lant,
440 1491 494 1519 sed
521 1498 549 1519 et
580 1492 696 1526 quando
727 1493 867 1521 Absentia
891 1493 955 1521 aliis
985 1492 1120 1520 eximium
1152 1493 1295 1528 quoddam
1319 1493 1453 1521 damnum
1482 1492 1602 1520 afferret.
1644 1492 1690 1521 Eo
1711 1492 1849 1521 libentius

333 1539 425 1575 igitur
445 1541 586 1569 actionem
609 1542 741 1571 concedit
763 1543 908 1580 legislator
930 1550 1029 1572 contra
1053 1543 1230 1577 Absentem,
1260 1551 1320 1579 quo
1354 1544 1441 1572 citius
1464 1543 1593 1572 succurri
1622 1543 1705 1572 debet
1733 1543 1847 1580 jnr'rhns

335 1589 468 1619 aliorum.
507 1591 604 1628 Quum
629 1594 701 1621 enini
727 1592 795 1629 Jure
820 1593 951 1622 Romano
977 1595 1034 1631 jam
1060 1600 1246 1623 succurratur
1269 1594 1313 1629 ei,
1343 1595 1428 1631 cujus
1453 1602 1495 1622 res
1521 1602 1571 1630 per
1592 1594 1749 1623 Absentem
1779 1601 1852 1623 usu-

335 1640 398 1675 capi
421 1647 522 1677 coepta
547 1642 604 1677 sit,
626 1643 647 1671 l.
665 1651 693 1672 2.
722 1643 790 1672 Cod.
811 1643 845 1671 de
869 1654 938 1673 arm.
960 1651 1093 1683 caepa,
1111 1651 1222 1680 quanto
1249 1645 1275 1672 id
1298 1645 1388 1681 mag-is
1407 1645 1470 1681 Juri
1495 1652 1597 1674 nostro
1620 1645 1759 1673 hodierno
1780 1651 1849 1673 con-

338 1690 432 1718 veniet
455 1692 611 1720 doctrinam
637 1693 818 1729 continenti,
841 1703 912 1729 quae
932 1701 960 1723 et
978 1696 1099 1724 Absenti
1121 1702 1149 1724 et
1175 1695 1315 1730 reliquis,
1336 1703 1461 1730 quorum
1486 1696 1624 1730 interest,
1648 1695 1709 1730 pari
1735 1702 1803 1722 cura
1820 1699 1849 1722 et
1883 1690 1887 1695 ”

338 1739 534 1770 benevolentia
555 1743 709 1779 prospicit.
748 1745 790 1772 At
815 1745 880 1774 inde
901 1752 990 1773 tamen
1017 1754 1051 1774 ne
1076 1747 1302 1780 concludamus,
1322 1746 1461 1774 neminem
1481 1746 1508 1773 in
1530 1746 1682 1774 Absentem
1705 1745 1847 1773 actionem

334 1799 432 1820 coram
452 1792 604 1821 Tribunali
621 1795 725 1829 primae
738 1795 888 1823 instantiae
906 1795 1043 1824 intentare
1061 1804 1168 1831 posse,
1191 1797 1248 1824 nisi
1269 1797 1427 1832 periculum
1446 1797 1519 1824 adsit
1539 1796 1701 1825 detrimenti
1718 1804 1752 1824 ex
1768 1803 1846 1825 mora

332 1841 465 1870 oriundi:
487 1844 553 1872 licet
576 1845 650 1873 enim
676 1846 827 1882 diligenter
853 1845 1024 1875 Absentium
1052 1847 1169 1874 tutelam
1192 1854 1269 1883 gerat
1292 1847 1456 1884 legislator,
1486 1855 1546 1875 non
1576 1853 1666 1875 tamen
1688 1846 1747 1884 pati
1769 1846 1845 1875 vide-

337 1897 406 1926 tur,
433 1892 553 1928 aliquem
579 1902 634 1923 usu
655 1896 760 1932 jurium
787 1904 906 1925 suot-um
928 1896 1052 1933 legitime
1074 1897 1297 1933 competentium
1328 1904 1426 1926 contra
1449 1897 1604 1926 Absentem
1634 1897 1755 1934 privari,
1783 1897 1846 1932 qui-

334 1940 394 1969 bus
419 1950 482 1970 cum
506 1952 652 1978 praesente
672 1947 791 1982 experiri
817 1948 980 1983 potuisset3
1012 1946 1069 1976 imo
1095 1947 1136 1976 sic
1161 1949 1259 1977 adesse
1281 1949 1393 1977 videtur
1417 1949 1573 1977 necessitas
1599 1948 1666 1984 illa,
1695 1956 1779 1984 quam
1802 1955 1845 1981 re·
1874 1942 1879 1947 “

333 1992 426 2027 quirit
456 1994 601 2030 legislator
622 1996 651 2024 in
678 2003 740 2026 art.
761 2005 823 2027 ιη.
1858 2014 1863 2023 ’

1781 2046 1848 2076 Om-
