1913 2417
307 187 350 224 70
655 181 688 213 Ρ.
765 177 1489 220 J.UYLEN13ROEK

350 267 402 297 Ex
427 266 493 302 his,
515 273 587 302 quae
610 264 664 293 nisi
682 262 777 292 omnia
799 270 853 291 nos
881 261 1000 297 fallant,
1023 262 1095 291 nihil
1118 270 1201 291 sanae
1228 263 1332 292 rationi
1356 270 1519 299 repugnans
1542 262 1717 298 continent,
1743 264 1833 294 mani-

320 318 428 348 festum
451 325 513 352 est,
535 324 628 344 revera
656 315 711 343 hoc
731 314 817 342 modo
845 313 965 342 fluidum
989 313 1019 342 in
1045 314 1135 342 fluido
1158 313 1293 342 indirecte
1316 314 1436 342 bilancis
1465 322 1519 349 ope
1547 314 1696 350 ponderari
1728 323 1826 350 posse.

313 370 376 407 Jam
408 370 493 397 altero
524 368 592 395 loco
625 366 798 401 videamus,
827 372 923 393 utrum
948 373 1022 393 ncum
1055 365 1107 393 hac
1134 365 1270 394 methodo
1300 366 1526 402 experimentum
1557 364 1734 401 Boyleanum
1761 374 1833 395 con-

316 427 418 458 gruat,
440 427 490 448 nec
510 427 554 447 ne.

358 471 593 507 Experimentum
618 468 674 496 hoc
699 467 809 496 duabus
830 473 947 496 constat
980 467 1130 502 partibus:
1160 467 1246 495 altera
1265 475 1331 503 pars
1354 473 1397 495 est
1423 467 1520 503 lagena
1546 475 1636 496 vacua
1658 473 1686 496 et
1713 467 1835 503 clausa,

316 524 349 553 in
368 530 440 558 aqua
464 520 636 556 ponderata:
661 520 749 547 altera
777 525 819 546 est
841 518 938 554 lagena
959 525 1055 553 aperta
1079 519 1122 547 vel
1145 518 1259 554 clausa,
1291 527 1393 554 aquarn
1414 519 1587 554 continens,
1617 524 1644 547 et
1662 519 1827 554 ponderata.

319 573 415 603 Unam
440 577 508 607 post
532 571 645 598 alteram
670 570 875 599 examinemus.

358 624 391 652 In
412 623 512 661 priori
539 629 616 657 parte
642 622 766 658 Boyleus
792 622 917 656 lagenam
943 628 1016 655 aqua
1043 620 1201 654 leviorem,
1229 627 1366 654 vacuam,
1395 620 1455 657 (ad
1476 622 1566 648 aetem
1592 620 1665 648 enim
1688 620 1831 649 inclusum

322 673 474 704 facilitatis
502 673 609 708 gratia,
630 681 689 700 non
714 672 910 707 attendimus)
932 671 1039 699 bilanci
1061 672 1206 706 annectit,
1228 677 1256 698 et
1282 679 1372 705 aquae
1394 670 1550 706 immergit:
1574 671 1628 699 hoe
1651 678 1742 699 autem
1769 679 1829 700 non

318 725 468 763 procedit,
489 723 547 753 uisi
571 723 667 752 addito
696 724 838 760 pondere,
873 730 933 758 quo
956 721 1032 751 facto
1056 723 1153 759 lagena
1182 722 1347 757 descendit,
1375 728 1402 750 et
1424 722 1455 750 in
1478 721 1589 750 bilance
1612 722 1641 750 in
1663 721 1833 758 aequilibrio

314 776 522 808 constituitur.

360 827 393 856 In
413 827 513 856 altera
535 832 614 861 parte
640 825 765 861 Boyleus
789 825 880 860 aperit
897 825 1043 861 lagenam,
1066 831 1138 858 quae
1160 832 1261 859 aquam
1286 823 1406 859 recipit,
1430 823 1595 859 descendit,
1615 829 1643 851 et
1667 822 1695 852 in
1717 823 1836 852 descen-

321 887 358 909 su
384 879 522 907 bilancem
546 885 642 905 secum
671 876 768 905 trabit.
811 876 888 905 Haec
912 884 1004 904 autem
1031 883 1089 903 non
1119 875 1199 909 prius
1218 875 1254 903 ad
1276 874 1477 910 aequilibrium
1501 875 1591 909 redit,
1614 882 1696 909 quam
1722 880 1832 904 tanturn

321 929 460 967 ponderis
485 929 516 957 in
539 929 625 956 altera
650 928 729 955 lance
747 926 833 954 fuerit
859 927 1042 962 depositum,
1063 931 1202 961 quantum
1227 932 1270 953 est
1293 925 1407 961 pondus
1436 934 1527 961 aquae
1558 926 1683 961 lagenam
1713 925 1835 961 implen-

322 981 375 1009 tis.
418 979 496 1008 Haec
519 980 615 1014 itaque
637 987 710 1013 aqua
731 978 855 1013 pondere
875 986 931 1005 suo
956 978 985 1006 in
1008 977 1145 1005 bilancetn
1172 977 1309 1013 gravitate
1331 976 1454 1010 dicitur,
1477 977 1528 1004 iilo
1549 977 1659 1004 scilicet
1682 985 1770 1005 sensu
1794 976 1836 1005 in-

324 1032 456 1065 directo,
486 1038 570 1065 quem
595 1028 791 1057 definivimus.
828 1027 1032 1064 ‘Hesselingius
1056 1034 1148 1056 autern
1179 1033 1280 1063 negat,
1311 1027 1386 1054 hunc
1413 1027 1529 1054 modum
1560 1035 1622 1055 esse
1643 1026 1834 1063 indirectum

325 1082 474 1111 videamus
498 1089 586 1116 ergo,
613 1088 648 1108 an
673 1080 896 1116 experimentum
917 1078 1094 1115 Boyleanum
1119 1086 1185 1107 cum
1210 1083 1309 1106 nostra
1337 1077 1472 1106 methodo
1496 1083 1655 1114 congruat,
1685 1078 1837 1115 illudque,

325 1139 465 1170 quantum
489 1130 550 1160 fieri
572 1131 688 1167 possit,
702 1131 739 1161 ,in
763 1130 882 1159 clariore
905 1131 969 1158 luce
992 1138 1146 1166 ponamus,

363 1183 460 1213 Nemo
485 1190 544 1211 non
565 1182 664 1218 videt,
694 1190 750 1211 nos
775 1181 804 1210 in
831 1181 1024 1218 experimento
1053 1180 1209 1217 proposito
1232 1187 1359 1216 >prorsus
1387 1179 1507 1208 similem
1532 1179 1635 1208 habere
1656 1187 1774 1215 casum,
1802 1186 1837 1208 ae

325 1242 412 1271 eum,
442 1241 525 1270 quem
549 1239 648 1269 aptum
673 1233 809 1262 duximus
830 1233 865 1261 ad
889 1241 992 1269 aquam
1018 1233 1048 1261 in
1071 1240 1144 1268 aqua
1170 1231 1308 1260 indirecte
1338 1231 1560 1267 ponderandam.
1599 1231 1725 1260 Primum
1755 1230 1842 1259 habe·

326 1294 398 1316 snus
426 1285 573 1321 lagenam,
598 1292 708 1320 corpus
731 1292 804 1319 aqua
823 1283 924 1312 minus
946 1285 1078 1313 densum.
1116 1282 1196 1311 Haec
1220 1290 1252 1311 ut
1274 1283 1303 1311 in
1320 1290 1392 1318 aqua
1416 1281 1587 1316 descendat,
1616 1281 1624 1309 i
1653 1289 1679 1310 e.
1709 1286 1740 1309 ut
1758 1281 1841 1311 nisus

322 1337 533 1375 particularum
557 1343 665 1371 aquae,
694 1335 770 1363 illam
795 1334 1022 1369 sustinentium,
1052 1335 1235 1368 destruatur,
1264 1333 1384 1368 requirit
1414 1333 1529 1368 pondus
1551 1331 1737 1367 addititium3
1769 1332 1789 1360 i.
1815 1339 1842 1362 e.

324 1395 440 1424 veorpus
466 1387 637 1423 (tagenam)
659 1385 861 1422 componimus
885 1394 919 1414 ex
944 1385 1092 1421 particulis
1115 1385 1211 1413 minus
1236 1383 1333 1412 densis
1354 1389 1381 1411 et
1403 1382 1604 1417 densioribus,
1626 1390 1744 1417 quarum
1769 1391 1843 1418 pon-

331 1438 388 1467 dus
419 1437 567 1466 relativum
589 1445 604 1464 a
627 1436 737 1465 bilance
762 1436 900 1465 sustineri
921 1437 1003 1465 debet
1031 1436 1066 1464 ad
1089 1435 1291 1471 aequilibrium
1316 1433 1498 1461 servandum,
1534 1433 1596 1469 Jam
1622 1441 1691 1461 vero
1715 1433 1843 1469 aperitur

330 1489 450 1525 lagena,
471 1495 545 1523 aqua
571 1487 698 1522 accedit,
719 1493 747 1515 et
769 1495 827 1516 eam
849 1488 963 1523 implet:
987 1488 1055 1515 haec
1079 1494 1151 1521 aqua
1177 1493 1241 1513 cum
1265 1484 1402 1521 gravitate
1426 1492 1486 1512 non
1511 1484 1547 1511 sit
1569 1483 1725 1518 destituta,
1747 1485 1841 1514 eadem

331 1540 362 1569 vi
385 1538 505 1575 premit,
527 1546 582 1573 qua
605 1537 640 1565 ab
662 1546 735 1572 aqua
760 1538 949 1566 circumdanti
972 1537 1130 1573 premitur;
1152 1536 1248 1571 itaque
1273 1535 1324 1563 hac
1350 1543 1401 1563 sua
1425 1534 1613 1570 gravitatione
1637 1535 1770 1563 deorsum
1795 1535 1844 1564 de-

326 1590 422 1620 struit
444 1589 621 1625 pressionem
645 1596 735 1624 aquae
757 1589 925 1624 exterioris,
955 1596 1011 1623 qua
1033 1588 1130 1624 lagena
1156 1591 1370 1621 supernatare13
1401 1585 1514 1614 vicibus
1544 1586 1601 1622 jam
1624 1585 1759 1621 fungitur
1780 1586 1842 1622 ipsa

332 1649 407 1676 equa
438 1639 613 1676 pondusculi
646 1639 780 1669 addititii.
830 1639 906 1668 Hinc
939 1638 1048 1668 etiamsi
1080 1639 1191 1666 nullum
1219 1636 1429 1672 ponduscnlutn
1459 1636 1591 1671 adesset,
1621 1635 1718 1663 bilanx
1750 1642 1844 1665 tamen

333 1698 401 1728 post
430 1691 580 1719 introitum
611 1698 701 1726 aquae
733 1691 762 1719 in
785 1690 956 1725 aequilibrio
985 1696 1131 1723 maneret,
1160 1688 1295 1723 quoniam
1325 1695 1398 1723 aqua
1428 1692 1456 1715 et
1486 1687 1725 1722 contrapondium
1750 1687 1778 1715 in
1805 1689 1845 1715 nl-

332 1747 395 1770 -tera
418 1743 498 1770 lance
522 1748 590 1769 sunt
613 1741 752 1776 aequalia.
802 1741 1017 1770 Pondusculum
1042 1747 1133 1768 tamen
1164 1739 1232 1767 illud
1256 1739 1348 1767 adhuc
1369 1739 1467 1772 adest,
1490 1745 1582 1772 neque
1606 1736 1729 1771 amplius
1754 1738 1843 1765 sust&

335 1799 446 1827 netur,
468 1792 557 1828 igitur
579 1792 748 1821 descendere
771 1792 874 1829 debet,
902 1798 929 1821 et
947 1791 1061 1828 quidem
1090 1790 1214 1828 pondere
1234 1798 1289 1819 suo
1313 1789 1453 1825 relativ03
1481 1788 1558 1824 quod
1582 1795 1646 1816 cum
1670 1789 1788 1825 aequale
1806 1789 1845 1818 sit

1773 1847 1846 1868 mas-

328 1936 356 1959 h
382 1937 464 1959 eodem
491 1935 531 1957 {1¹0
555 1936 627 1957 fluido
649 1939 805 1966 ponderandi,
825 1938 894 1967 (vid.
918 1944 984 1967 cupra
1009 1944 1032 1967 p.
1046 1935 1105 1967 4⁵.)
1131 1937 1220 1960 directe
1244 1942 1258 1958 ι
1283 1934 1349 1958 nobit
1373 1934 1443 1959 Inlue
1467 1935 1589 1958 nil-hibita-
1614 1935 1642 1958 td
1666 1933 1844 1963 :spernacum-

332 1977 471 2005 noyteauum
490 1977 658 2005 explicandum.
