1913 2417
381 153 887 188 COMMENTATIO
947 145 1303 184 BOTANDJA.
1555 157 1591 183 rt

78 243 153 272 hanc
173 241 347 274 solutionem
371 240 429 269 fieri
454 248 542 278 posse
562 238 773 272 concedamus,
801 235 872 265 folia
896 237 992 266 tenuia
1012 237 1139 274 ipsarum
1165 227 1347 273 squamarum
1373 236 1431 265 v1m
1453 235 1588 265 resisten=

73 299 133 323 tem
157 292 295 323 vincent?

115 345 263 381 Optimam
299 343 438 372 foliorum
462 350 477 370 e
500 340 617 378 gemmis
656 340 833 369 evolutionis
866 340 1005 369 theoriam
1030 341 1187 377 proposuit
1219 339 1407 368 acutissimus
1442 336 1591 366 Sennehie-

81 397 144 425 rius
165 396 273 433 (34),
293 395 380 431 cujus
402 392 512 422 sumnia
533 393 591 421 huc
612 391 703 420 redit:
725 391 824 420 Verno
845 398 972 427 tempore
994 391 1090 421 succis
1110 393 1211 429 magna
1225 391 1312 427 copiti
1326 390 1438 427 plantas
1458 384 1590 415 intranti-

78 446 153 482 bus,
181 446 276 475 nodus
304 444 379 474 infra
408 453 546 481 gemmam
576 443 766 472 inveniendus
793 449 905 479 turgere
930 443 1049 479 incipit3
1074 452 1163 479 quum
1187 450 1342 479 squamae,
1367 439 1518 468 involucra
1540 437 1591 466 iila

76 505 269 535 gemmarum,
294 496 362 525 huic
384 497 462 525 nodo
479 496 640 532 insideant,
662 504 722 524 non
738 500 865 531 possunt
877 514 888 530 5
912 493 981 529 quin
993 515 1003 530 ,
1026 502 1059 523 eo
1076 501 1229 531 turgente,
1246 493 1280 522 ab
1299 492 1421 521 invicem
1437 489 1588 524 recedant;

74 549 173 577 eodem
197 555 326 584 tempore
350 548 431 576 succi
452 547 610 576 abundanti
634 546 718 583 copia
734 545 857 581 foliola,
879 546 997 582 gemmis
1021 553 1171 580 contenta,
1197 546 1334 574 intrantes
1353 551 1384 571 ea
1401 540 1588 578 protuberare

75 598 208 635 faciunt,
229 600 305 628 unde
328 607 480 635 squamae,
509 598 589 628 foliis
614 599 704 635 magis
727 597 877 634 magisque
899 597 1124 625 increscentibus
1141 604 1169 625 et
1187 605 1218 626 se
1231 593 1470 628 extendentibus,
1491 592 1526 620 ab
1545 591 1590 619 in-

74 652 166 681 vicem
189 658 392 686 removentur,
413 657 441 679 et
462 650 546 686 dein,
568 659 658 686 quum
679 658 738 679 non
753 649 881 685 amplius
899 648 1083 684 nutriantur,
1107 649 1221 678 cadunt.
1262 647 1404 682 squamae
1418 643 1590 677 interiores,

76 711 166 739 quum
190 702 334 732 tenuiores
359 703 438 738 sint,
465 703 590 739 primum
611 703 736 737 cadunt,
766 701 918 730 exteriores
941 708 1029 735 vero,
1060 708 1148 736 quum
1172 697 1351 728 robustiores
1374 695 1455 730 sint,
1477 695 1590 722 diutius

83 755 199 791 quidem
222 754 383 790 resistunt,
404 755 515 783 tandem
536 763 604 783 vero
624 755 739 782 eandem
760 759 867 782 sortem
890 752 1027 779 subeunt.
1348 749 1352 754 ’

110 806 210 844 Quum
229 806 318 842 igitur
340 805 518 841 viderimus,
541 804 691 841 quomodo
715 803 785 832 folia
812 802 930 840 gemmis
958 802 1164 837 involvantur,
1186 807 1214 829 et
1236 798 1385 835 quomodo
1402 805 1436 826 ex
1461 796 1498 824 iis
1515 794 1595 823 evol-

77 863 202 892 vantur,
229 857 285 893 jam
311 856 496 885 indicandum
519 862 564 885 est
580 876 590 891 ‚
622 863 748 891 quonam
775 861 905 891 tempore
927 853 995 882 haec
1021 853 1160 883 foliorum
1183 860 1198 880 e
1219 849 1338 889 gemmis
1363 848 1496 877 evolutio
1520 846 1597 875 obti-

76 912 142 937 neat
165 909 281 944 locum;
303 915 456 944 antequam
480 914 575 936 autem
591 907 626 936 ad
644 915 676 935 ea
697 915 832 944 pergam,
857 913 920 941 seq.
943 906 972 941 S.
995 905 1227 934 observationem
1248 903 1283 932 de
1303 906 1441 935 naturae„
1463 899 1492 927 in
1507 896 1597 927 folio-

75 966 140 988 rum
162 959 349 995 evolutione,
371 968 387 988 a
411 958 584 995 simpliciori
603 958 639 987 ad
659 959 748 995 magis
771 956 964 994 compositam
991 955 1136 991 transitu,
1156 954 1258 992 paucis
1278 959 1434 982 memorare
1453 950 1550 979 liceat.

782 1036 811 1072 §.
851 1045 883 1072 4.

159 1112 196 1142 ln
207 1111 352 1150 foliorum
372 1117 461 1147 ortu,
484 1117 597 1142 natura
618 1121 638 1141 a
658 1111 782 1152 simplici
801 1112 845 1142 ad
860 1113 953 1151 magis
974 1110 1159 1150 compositam
1180 1110 1292 1139 transit
1312 1106 1510 1141 evolutionem,

113 1188 169 1219 Uti
193 1189 223 1219 in
246 1189 376 1219 omnium
387 1210 398 1226 ‚
417 1190 527 1226 quibus
548 1191 720 1227 vegetabilia
734 1196 890 1226 constant,
910 1190 1038 1227 partium
1050 1208 1060 1224 ‚
1079 1187 1122 1217 sic
1138 1187 1222 1216 etiam
1239 1186 1271 1216 in
1286 1185 1424 1215 foliorum
1439 1187 1503 1211 ortu
1515 1198 1525 1213 2
1543 1185 1602 1224 Μ’,

77 1244 144 1270 tura
167 1249 183 1270 a
200 1241 328 1278 simplici
344 1242 380 1270 ad
398 1241 488 1278 magis
507 1242 701 1278 compositam
723 1243 827 1271 transit
849 1241 1064 1270 evolutionem:
1087 1239 1112 1268 si
1130 1239 1203 1267 enlm
1222 1238 1257 1266 ad
1279 1236 1374 1266 totius
1391 1235 1505 1269 plantae
1522 1227 1596 1258 folia

72 1292 225 1327 attend-25,
248 1292 322 1321 hanc
344 1293 435 1330 legem
459 1292 518 1321 fere
541 1301 654 1329 semper
681 1293 869 1328 observabis,
890 1292 972 1329 quod
986 1291 1057 1320 folla
1075 1289 1212 1319 inferiora
1229 1288 1366 1320 caulina,
1389 1289 1418 1312 et
1434 1287 1596 1311 structurae

74 1349 105 1371 et
130 1341 239 1372 formae
259 1352 419 1381 respectu,
446 1345 618 1382 plerumque
646 1345 788 1382 simplicia
809 1345 886 1380 sint,
917 1344 985 1372 dum
1008 1342 1158 1376 superiora
1176 1337 1360 1374 composita,
1380 1335 1429 1364 iila
1459 1332 1595 1367 sessilia,

77 1392 147 1433 dum
170 1394 239 1420 haec
261 1395 419 1427 petiolata;
450 1397 529 1427 qnod
556 1397 606 1420 illa
635 1397 749 1421 demum
776 1395 912 1428 opposita
933 1392 1012 1427 sint,
1041 1392 1109 1420 dum
1143 1391 1210 1419 haec
1243 1390 1350 1418 alterna
1381 1384 1596 1422 deprehendun-

78 1449 128 1473 tur
149 1443 258 1480 (35):
289 1443 312 1471 si
335 1451 402 1471 vero
427 1443 462 1470 ad
484 1441 571 1478 folia,
604 1452 675 1479 quae
698 1443 819 1472 floribus
841 1443 973 1478 adstant,
1002 1440 1180 1477 adscendas‘,
1209 1442 1277 1469 haec
1299 1441 1467 1476 plerumque
1490 1436 1593 1464 iterum

82 1493 228 1530 simplicia
251 1499 278 1521 et
297 1494 408 1522 sessilia
425 1494 695 1529 deprehenduntur,
716 1503 749 1523 eo
770 1495 847 1529 sine,
870 1500 902 1522 ut
916 1481 1163 1529 contractionem,
1188 1492 1218 1521 in
1234 1491 1280 1520 his
1301 1491 1399 1520 locum
1424 1488 1594 1519 habentem,

81 1544 222 1582 expansio
246 1544 346 1572 iterum
366 1545 455 1581 major
475 1544 504 1573 in
527 1544 631 1573 florum
654 1546 820 1574 evolutione
841 1545 922 1581 sequi
944 1545 1053 1581 possit.

118 1596 201 1625 Hanc
223 1597 313 1632 legem
336 1595 448 1631 quidtm
476 1604 535 1624 non
554 1597 637 1632 sequi
657 1597 789 1625 videntur
810 1597 926 1633 plantae
942 1595 1109 1631 aminneam,
1132 1601 1255 1630 quarum
1281 1591 1350 1621 folia
1367 1589 1504 1619 inferiora
1525 1594 1599 1616 non·

83 1654 233 1683 nunquam
256 1646 420 1683 composita
446 1654 537 1682 sunt,
569 1648 636 1675 dum
662 1648 810 1683 superiora
831 1647 944 1676 caulina
966 1645 1111 1681 simplicia
1140 1643 1411 1680 deprehenduntur3
1439 1647 1471 1668 ut
1493 1640 1521 1667 in
1543 1638 1601 1667 Ra-

85 1700 215 1728 nunculo
238 1698 387 1728 fluviatili.
427 1698 535 1727 Nonne
560 1707 629 1727 vcro
652 1699 708 1727 hoc
727 1700 963 1736 phaenomenon‚
990 1705 1024 1725 ex
1043 1704 1098 1731 eo,
1123 1695 1203 1731 quod
1228 1694 1328 1722 harum
1347 1693 1510 1730 plantarum
1532 1689 1602 1719 folia

80 1750 142 1779 a'e're
160 1749 402 1788 Atmosphaerico
424 1749 563 1778 destituta
584 1756 652 1778 sunt
673 1750 826 1787 explicari,
847 1750 945 1787 possit
967 1748 1078 1787 (36)?

1522 1823 1551 1860 S·
1574 1828 1603 1858 5·

107 1914 170 1942 (³⁴)
186 1915 238 1937 Vid·
255 1915 377 1937 Sennmer
392 1917 407 1940 Ι.
423 1917 438 1939 1.
454 1918 482 1940 Τ.
497 1918 534 1939 Ν.
550 1922 601 1943 pag.
615 1922 656 1944 207
672 1923 721 1944 sqq.

105 1955 172 1984 (³5)
190 1958 293 1982 Cous-J.
305 1959 339 1982 W.
352 1964 392 1978 von
408 1959 488 1979 Goeehe
502 1957 598 1980 Versuch
615 1958 652 1978 ait·
667 1958 841 1986 luceamorphose
857 1957 897 1978 dar
910 1956 1021 1984 Pflanzen
1038 1960 1067 1976 zu
1082 1953 1187 1976 crklio’ren
1202 1957 1253 1981 pag.
1266 1957 1291 1975 ιι
1305 1956 1354 1978 seq.
1381 1949 1456 1973 Goth·
1470 1952 1533 1976 1790>

105 1997 170 2026 (36)
185 1998 236 2021 vid.
252 1999 358 2027 sprengel
370 2006 414 2020 vom
430 2000 480 2022 Bau
496 2005 539 2024 uc.
556 2005 605 2028 pag.
619 2005 659 2028 49¹
676 2006 724 2028 seq.

891 2041 913 2070 B
936 2048 953 2069 2
