1913 2417
741 131 1138 169 ORATIO.
1242 159 1250 162 ψ»
1619 150 1653 173 ιῐ

184 227 311 271 jusdam
336 226 454 260 arduae
474 226 622 260 materiae
645 227 864 265 ratiocinatio,
887 229 937 259 cui
967 228 1063 272 longa
1097 228 1355 272 syllogismorum
1393 230 1473 262 serie
1494 241 1576 274 opus
1597 233 1658 272 sit,

181 295 377 327 quocunque
407 287 575 328 signorum
608 291 776 326 systemate
806 283 938 316 feliciter
967 287 1237 328 excogitatorum,
1270 298 1338 318 non
1365 298 1470 326 voces,
1495 288 1551 319 scil
1574 289 1658 331 ipsas

180 340 266 372 ideas
296 341 568 384 significantium,
595 341 690 382 cujus
723 351 784 384 ope
822 347 918 371 totam
947 343 1199 373 ratiocinationis
1224 344 1540 383 concatenationem,
1564 346 1657 387 qnasi

176 406 218 427 ex
244 407 311 428 uno
333 404 521 439 conspectu,
545 397 808 439 complectimur,
844 399 981 429 maxime
1007 398 1202 430 sublevetur.
1258 399 1343 430 Haec
1371 400 1437 440 jam
1464 407 1530 437 est,
1555 401 1659 432 Audi-

177 457 262 483 tores
287 452 538 495 Exoptatissimi!
564 453 711 484 omnium
736 455 1003 496 praestantissima
1033 455 1086 486 illa
1112 466 1179 493 ars,
1204 466 1301 498 quam
1324 454 1539 486 illustrissimo
1562 467 1658 487 new·

176 518 286 540 rouo
310 510 556 542 Arithmeticam
580 509 792 541 universalem
824 511 991 541 nominare
1019 511 1153 554 placuit,
1188 522 1289 554 quae,
1313 517 1457 554 respectu
1482 512 1657 543 mathema-

175 564 309 597 ticarum
335 567 475 607 attium,
499 566 678 610 plurimum
700 573 732 597 et
758 577 832 609 prae
865 567 1016 598 omuibus
1051 567 1162 599 valeat.

217 623 309 661 Quae
331 624 447 665 passim
474 624 510 654 in
540 634 601 653 usu
629 628 700 660 est,
732 633 782 653 ars
808 623 1018 666 computandi
1035 646 1046 659 .,
1077 630 1172 666 atque
1210 634 1266 661 ea,
1298 628 1395 666 quain
1427 634 1656 656 NEWTONUS

175 677 421 710 Arithmeticam
454 679 667 719 universalem
698 680 897 713 nominavit,
931 678 1046 710 eodem
1073 690 1284 710 numerorum
1311 681 1444 711 notione
1477 681 1655 723 iisdemque

174 734 410 766 universalibus
438 735 603 777 principiis
633 735 801 772 nituntur-3
824 741 927 765 totum
955 742 1079 767 tantum
1111 736 1282 767 discrimen
1312 736 1346 767 in
1379 736 1478 767 modo
1501 747 1655 768 numeros

173 790 397 822 considerandi
426 791 583 823 consistit.
629 791 736 827 Prior,
758 797 794 821 ut
818 791 1034 833 quantitatum
1070 792 1210 823 valorem
1239 792 1507 830 determinemus,
1531 803 1550 823 e
1573 804 1656 835 quo·

172 847 222 877 vis
246 847 294 877 ad·
311 846 451 877 lubitum
477 846 580 877 electo
606 858 745 879 numero
770 852 912 891 (quem,
935 847 1022 890 apud
1049 847 1216 891 plerasque
1249 855 1378 890 gentes,
1400 859 1573 879 numerum
1600 848 1654 880 de·

167 902 319 934 cimalem
349 903 472 941 fuisse,
502 914 654 935 novimus
679 911 687 938 t
717 904 881 947 quandam
917 914 1129 935 numerorum
1162 905 1295 942 seriem,
1329 905 1370 936 ab
1400 906 1524 936 unitate
1552 915 1656 946 usque

169 958 211 990 ad
238 958 422 1000 infinitum,
451 960 565 992 ‘eadem
590 961 781 1003 geometrica
806 964 950 999 ratione,
983 960 1276 1004 progredientium,
1306 961 1495 998 constituit,
1530 971 1655 1003 nosque

169 1014 286 1053 docet,
319 1017 467 1060 quemvis
501 1028 674 1048 numerum
695 1040 706 1056 ‚
738 1029 757 1048 e
790 1017 872 1049 datis
910 1017 1210 1060 quomodocunque
1242 1017 1387 1048 numeris
1414 1017 1654 1059 compositum,

167 1071 237 1104 sive
264 1071 305 1103 ab
331 1074 370 1104 iis
398 1073 632 1116 dependentem
650 1097 659 1109 ,
693 1074 839 1104 terminis
875 1072 1019 1115 ejusdem
1053 1074 1305 1116 progressionis,
1335 1079 1488 1116 tanquam
1517 1073 1657 1116 acceptis

167 1129 352 1168 mensuris,
383 1129 523 1161 demitiri
579 1129 737 1160 Posterior
767 1135 880 1160 contra
909 1139 1088 1168 numerOS,
1123 1135 1277 1172 tanquam
1315 1127 1522 1166 indefinitus,
1557 1128 1652 1160 omni.

165 1184 383 1217 determinato
405 1186 514 1217 valore
540 1191 706 1222 carentes,
729 1184 927 1222 considerat,
957 1191 1074 1228 atque,
1107 1195 1168 1227 ope
1199 1191 1339 1227 quatuor
1369 1185 1538 1228 signorum
1568 1183 1654 1216 radt-

164 1240 304 1280 catium,
333 1252 509 1280 numeros,
534 1252 556 1273 e
582 1240 750 1273 nonuullis
779 1240 958 1273 indefinitis
989 1252 1025 1273 ac
1049 1241 1162 1273 litteris
1190 1241 1370 1273 ordinariae
1396 1241 1572 1284 scripturae
1596 1240 1654 1272 de·

167 1298 317 1341 sig-natis,
343 1309 538 1342 quacunque
566 1299 708 1339 ratione,
744 1300 958 1342 compositos,
989 1297 1154 1340 designat;
1180 1297 1297 1329 deinde
1328 1306 1541 1341 quaecunque
1565 1297 1656 1340 inge-

167 1355 261 1388 nium
296 1355 476 1391 humanum
513 1355 554 1387 de
589 1357 732 1387 numeris
768 1355 933 1387 abstractis
972 1355 1155 1386 ratiocinari
1193 1360 1289 1396 atque
1319 1353 1500 1396 excogitare
1530 1354 1651 1395 possit,

165 1412 329 1443 concinne
345 1435 355 1450 ,
384 1419 528 1443 accurate
557 1418 589 1443 et
623 1423 721 1455 quam
756 1412 989 1456 simplicissime
1027 1418 1100 1444 ante
1135 1411 1246 1442 oculos
1276 1409 1381 1454 ponit.
1432 1409 1518 1442 Haec
1552 1410 1651 1452 igitur

167 1478 218 1502 ars
251 1480 311 1500 nos
341 1468 381 1500 de
414 1468 510 1500 rebns
542 1470 680 1500 maxime
711 1469 876 1511 implicitis
894 1491 905 1507 ‚
940 1469 1023 1499 circa
1055 1478 1209 1499 numeros
1246 1465 1465 1504 versantibus,
1497 1476 1564 1496 non
1589 1475 1651 1508 ope

167 1534 306 1564 vocum,
328 1536 466 1568 quarum
498 1525 667 1567 ambigua,
689 1536 771 1569 quae
800 1526 840 1556 iis
864 1534 1093 1567 saepenumero
1114 1530 1180 1562 est,
1203 1522 1395 1566 significatio
1422 1531 1481 1552 nos
1506 1521 1651 1562 aliquan-

162 1579 211 1611 do
237 1580 274 1613 in
306 1591 449 1612 errorem
485 1581 646 1623 implicat,
676 1582 839 1623 inquirere
871 1580 975 1612 docet.
1031 1580 1112 1619 Quis
1138 1579 1236 1622 igitur
1263 1589 1331 1609 non
1358 1576 1463 1614 videt,
1494 1578 1576 1608 hane
1600 1587 1651 1607 ar·

165 1643 248 1674 tem,
268 1638 361 1678 cujus
391 1635 561 1667 utilitatem
583 1659 593 1674 ,
622 1637 857 1680 simplicitatem
892 1647 929 1668 ac
955 1642 1154 1668 venustatem
1190 1634 1295 1672 nulla,
1328 1644 1369 1664 ne
1392 1632 1549 1662 ditissima
1578 1632 1649 1674 quia

167 1691 241 1724 dem
266 1692 400 1734 lingua,
431 1703 597 1734 uuquam,
630 1700 667 1724 ut
704 1694 840 1736 opinor,
871 1699 943 1736 apta
976 1703 1056 1723 voce
1089 1702 1149 1735 pro
1180 1691 1302 1722 meritis
1332 1689 1510 1732 exprimere
1534 1689 1648 1729 possit,

166 1748 434 1792 simplicissimam
462 1760 615 1781 numeros
640 1750 799 1781 tractandi
825 1748 1063 1792 Pasigraphiam
1091 1746 1271 1778 habendam
1305 1745 1396 1776 esse?
1440 1747 1494 1775 Est
1519 1739 1663 1774 univer·¹

162 1806 239 1838 *satis
264 1806 406 1838 idearum
435 1807 576 1848 Lingua3
601 1817 697 1848 quam
728 1816 938 1849 unaquaeque
971 1814 1067 1846 gens,
1089 1813 1149 1834 suo
1173 1802 1345 1833 vernaculo
1362 1812 1509 1833 sermone
1525 1800 1647 1842 legere,

163 1864 266 1906 inque
288 1873 363 1894 eum
389 1869 512 1893 vertere
538 1869 663 1905 potest,
686 1861 822 1904 simplex
848 1861 1081 1904 cogitationum
1108 1859 1249 1901 pictura,
1284 1868 1400 1900 quam,
1435 1857 1461 1887 si
1482 1857 1576 1899 quis,
1609 1861 1647 1885 ut

161 1920 229 1963 jam
263 1917 489 1952 celeberrimus
527 1928 808 1954 xa-znztrrztus
847 1916 1034 1949 ardentibus
1072 1921 1154 1948 votis
1187 1914 1402 1957 desideravit,
1432 1920 1527 1956 atque
1549 1911 1645 1943 etiam

896 1975 922 2010 Β
944 1983 964 2007 a
1591 1976 1647 1999 ex!
