1913 2417
284 191 342 220 tm
456 186 472 215 .'
549 186 786 225 J‘ACOBI
845 185 1151 221 HERMANI
1208 186 1523 224 parntem!

293 288 297 291 -
327 271 421 306 Crini,
448 270 511 308 ipsa
533 271 585 300 hac
605 272 748 300 missione
769 272 798 299 in
822 272 1033 308 possessionem
1054 273 1230 309 definitivam
1245 276 1400 311 concessa,
1420 275 1627 305 administratio
1645 275 1787 308 bonorum

292 331 395 360 sponte
416 332 528 359 cesset,
559 333 739 359 consequens
766 332 830 359 cst,
854 331 881 353 et
906 325 1107 362 fidejussores,
1138 325 1246 362 quippe
1267 325 1317 361 qui
1341 333 1450 355 tantum
1472 335 1502 355 se
1521 328 1732 363 obligaverant,
1758 335 1793 358 ue

288 376 411 404 Absenti
435 375 607 410 quandoque
631 383 743 403 reverso
769 376 803 403 de
823 376 874 403 hac
899 376 1145 406 administratione
1167 377 1256 413 magis
1279 384 1393 406 cautum
1418 377 1511 413 foret,
1533 387 1651 414 prorsus
1674 380 1793 409 liberari.

286 427 323 454 ab
338 426 516 462 obligatione
531 426 681 461 hucusque
703 426 758 454 sibi
773 427 974 463 incumbente,
1001 435 1062 458 arc.
1081 437 1144 464 129.
1185 429 1274 458 Porro
1289 437 1354 458 cum
1375 431 1431 466 jam
1456 438 1531 458 anno
1558 430 1703 466 trigesimo
1727 437 1796 467 post

286 477 424 506 Absentis
445 477 605 505 discessum
631 478 749 514 impleto
770 478 854 514 (vid.
882 485 944 508 art.
967 488 1053 516 127.;
1076 479 1155 509 conf.
1181 488 1298 515 quoque
1320 481 1396 518 Cap.
1412 482 1450 511 11.
1478 481 1552 510 Sect.
1572 490 1600 518 3,
1623 483 1652 518 §-
1671 482 1726 518 6.)
1747 490 1796 511 ne·-

287 535 338 557 mo
364 535 399 556 ex
428 528 710 558 administratoribus
733 529 848 558 fructus
873 537 1024 566 perceptos
1052 531 1200 559 restituere
1227 531 1343 567 debuit,
1371 533 1420 561 sed
1443 541 1541 562 omnes
1567 533 1696 562 lucratus
1717 532 1794 569 fuit‚·

288 579 406 615 insuper
427 579 742 616 singulipartitionem
770 589 862 609 rerum
886 581 1024 610 Absentis
1046 582 1230 618 expostulare
1252 590 1401 619 possunt3
1424 585 1551 619 adeoque
1567 584 1696 619 heredes,
1717 585 1792 621 lega·

286 630 371 664 rarii,
390 630 476 658 ceteri
495 638 619 665 ornnes,
650 631 675 659 si
696 638 814 666 propter
832 638 951 660 mortem
976 633 1114 662 absentis
1134 634 1282 669 probatam
1307 642 1365 663 non
1391 634 1440 663 alii
1463 634 1540 663 forte
1565 634 1677 662 heredes
1697 635 1789 663 exsti-

286 681 392 715 terint,
414 680 555 710 bonorum
569 701 579 716 ‚
608 690 680 717 quae
703 683 855 718 hucusque
880 689 990 712 tantum
1009 684 1206 712 administrare
1228 685 1435 720 censebantur,
1463 685 1662 721 proprietatem
1689 693 1794 715 conse-

291 738 443 767 quuntur,
472 738 504 760 et
525 733 655 761 universe
681 734 776 762 omnia
799 734 827 762 in
852 742 913 762 eum
941 740 1046 763 statum
1069 735 1257 771 rediguntur,
1284 744 1323 764 ac*
1341 736 1369 764 si
1388 736 1537 764 successio
1561 736 1651 764 delata
1676 743 1793 772 proptev

286 783 425 812 Absentis
456 783 569 812 obitu-m
602 785 639 812 ad
661 785 804 820 liquidum
832 786 1001 821 duceretur,
1030 792 1056 814 et
1077 787 1138 823 jure
1164 786 1344 815 irrevocabili
1377 787 1503 822 quisque
1525 788 1724 822 imposterum
1748 796 1791 816 rea

287 833 408 868 sineret,
438 842 512 869 quae
539 844 572 863 ex
601 835 652 863 liae
679 836 846 871 patrimonii
868 837 1007 866 Absentis
1026 838 1191 873 'partitione
1215 838 1271 866 sibi
1295 837 1462 866 cessissent.
1511 837 1675 873 Acquirunt
1699 839 1789 875 igitur

286 885 402 921 plenum
428 893 518 912 rerum
542 885 721 921 dominium,
751 893 779 914 et
803 888 945 916 habentur
969 889 1149 924 proprietarii
1172 888 1300 916 omnium
1325 888 1467 917 bonorum
1492 896 1523 916 ac
1542 888 1648 925 jurium
1675 897 1709 918 ex
1733 890 1794 919 Ab·

284 936 374 965 sentis
399 937 574 972 patrimonio
599 937 826 973 acquisitorum3
851 945 882 966 ut
906 947 959 974 pro
983 938 1100 968 arbitrio
1125 941 1159 968 de
1178 939 1213 967 iis
1239 946 1363 968 statuere
1381 940 1514 975 possint,
1535 947 1625 975 eaque
1642 941 1781 978 alienare,

283 994 314 1015 et
338 988 516 1023 hypothecae
542 988 683 1024 obligare,
707 988 821 1023 perinde
844 997 875 1017 ac
899 990 926 1017 si
951 998 1099 1025 nunquam
1125 991 1204 1019 bona
1227 991 1404 1019 restitutioni
1430 991 1552 1020 obnoxia
1575 990 1685 1020 forent:
1709 993 1788 1028 quod

286 1046 460 1073 quamquam
490 1039 634 1073 expressis
656 1039 750 1067 verbis
778 1048 836 1068 non
859 1040 943 1069 docet
973 1047 1034 1070 art.
1055 1049 1141 1077 129„
1169 1041 1242 1069 lia-nc
1267 1048 1362 1070 tamen
1387 1041 1551 1069 facultatem
1577 1041 1612 1069 iis
1633 1049 1793 1078 competere

285 1095 425 1117 evincunt
447 1088 500 1117 arlia
532 1089 595 1118 loca
622 1090 651 1118 in
674 1090 914 1125 COdisse,10bVia,9
941 1091 1110 1120 nominatim
1141 1096 1204 1120 art.
1226 1096 1309 1128 ¹32·‚
1338 1091 1388 1120 ubi
1416 1091 1539 1120 Absenti
1564 1099 1677 1120 reverso
1701 1092 1793 1121 bonoa

286 1148 349 1168 rum
381 1139 538 1168 vindicatio
574 1140 748 1177 denegatur,
774 1147 801 1171 et
825 1141 925 1171 :securi
954 1142 1132 1171 declarantur
1155 1146 1255 1171 omnes
1279 1143 1314 1171 de
1335 1142 1436 1178 quavis
1460 1142 1602 1170 evictione
1625 1150 1718 1170 rerum
1748 1142 1789 1171 ab*

285 1190 463 1220 Absentibus
488 1190 704 1225 acquisitarum.
753 1191 876 1227 Insuper
908 1193 1050 1228 expressis
1084 1193 1179 1222 verbis
1209 1195 1285 1222 idem
1308 1194 1428 1222 docetur
1448 1201 1464 1221 a
1484 1193 1546 1221 vlro
1569 1193 1656 1229 ampl.
1682 1193 1789 1231 Blgot·

287 1241 486 1275 Ργόαιηεηεα,
506 1240 534 1268 in
560 1242 688 1270 oratione
709 1243 836 1271 suasoria
858 1243 900 1271 ad
918 1244 947 1271 h.
966 1243 988 1272 l.
1015 1243 1165 1280 (Motifs‚
1188 1244 1276 1273 Tom.
1292 1244 1328 1273 ll.
1351 1253 1381 1280 p.
1402 1245 1466 1280 185.
1484 1244 1513 1272 in
1533 1243 1558 1271 f.
1571 1244 1609 1280 ),·
1625 1251 1746 1279 quacum
1765 1244 1792 1272 si

289 1292 459 1321 conferatur
479 1297 541 1319 ast.
562 1293 662 1326 υἱέι,
678 1293 708 1327 j.
730 1298 791 1321 art.
814 1294 898 1328 128„
922 1294 1031 1322 nullum
1056 1295 1174 1323 dubium
1198 1303 1349 1331 superesse
1370 1294 1501 1328 videtur,
1524 1294 1594 1328 quin
1610 1295 1668 1322 veri
1685 1293 1795 1323 domini

288 1342 410 1371 habendi
441 1343 500 1371 sint
524 1350 640 1378 omues,
673 1342 723 1378 qui
749 1343 915 1372 missionem
940 1345 1011 1373 hanc
1037 1344 1068 1373 in
1093 1345 1307 1381 possessiouem
1330 1344 1510 1373 'definitivam
1534 1343 1677 1374 bonorum
1704 1344 1796 1382 impe-

284 1399 433 1422 traverint.

998 1457 1095 1496 §.4

328 1550 482 1583 Attamen,
503 1547 570 1575 licet
592 1546 633 1575 sic
654 1547 765 1582 plenam
783 1547 982 1582 proprietatem
999 1547 1075 1576 nacti
1091 1547 1198 1576 fuerint
1217 1547 1349 1583 heredes,
1371 1553 1399 1576 et
1423 1555 1520 1576 secure
1543 1547 1678 1576 omnibns
1700 1546 1788 1577 bonis

292 1600 443 1633 fruantur,
473 1599 495 1626 si
520 1604 613 1626 tamen
630 1597 743 1626 Absens
754 1617 764 1631 ,
784 1598 934 1633 hucusque
950 1607 1014 1626 cum
1037 1599 1151 1627 adversa
1167 1597 1282 1627 fortuna
1298 1599 1337 1627 ita
1351 1599 1545 1633 conuentus,
1568 1604 1599 1626 ut
1616 1606 1708 1634 neque
1724 1597 1788 1633 ipse

284 1652 411 1680 'reditum
434 1650 468 1677 ad
492 1656 562 1677 suos
590 1656 704 1684 parare,
727 1656 818 1682 neque
840 1649 972 1677 nuntium
998 1649 1107 1677 mittere
1126 1650 1272 1684 potuerit,
1293 1650 1403 1678 tandem
1427 1658 1477 1678 nec
1494 1649 1680 1685 opinantibus
1699 1647 1794 1676 omni.

294 1703 349 1730 bus
371 1700 502 1737 cognatis
529 1707 614 1734 atque
638 1698 737 1726 amicis
764 1699 794 1727 in
817 1700 933 1734 patriam
960 1699 1045 1727 fuerit
1070 1701 1218 1733 reversus,
1249 1707 1298 1728 aut
1321 1700 1442 1730 nuntius
1465 1701 1498 1727 de
1520 1707 1555 1728 eo
1583 1699 1706 1732 allatus,
1735 1705 1794 1725 non

295 1753 372 1781 omni
394 1750 561 1780 destituitur
588 1750 731 1785 remedio,
760 1758 820 1785 quo
852 1751 950 1778 saitem
982 1750 1112 1779 fortunae
1141 1751 1257 1780 afflictae
1280 1751 1416 1786 reliquias
1434 1750 1572 1786 colligat,
1601 1748 1630 1776 e't
1652 1756 1702 1784 per
1724 1747 1790 1776 reli-

295 1811 384 1840 quum
409 1803 483 1830 vitae
506 1808 619 1837 tempus
642 1801 697 1829 sibi
724 1801 855 1831 sufficiat.

333 1853 448 1881 Scilicet
475 1853 501 1880 in
528 1851 716 1880 Consistorio
741 1852 883 1888 Principis
905 1861 969 1881 cum
992 1853 1038 1882 hic
1058 1854 1142 1882 locus
1163 1854 1193 1882 in
1215 1852 1443 1882 deliberationem
1471 1848 1590 1883 incidit,
1613 1857 1672 1877 non
1695 1847 1793 1876 defue·

285 1910 379 1937 srunt,
402 1903 451 1937 qui
476 1902 610 1930 missione
634 1901 783 1937 dcfim'n'va
812 1905 896 1931 semel
915 1912 1051 1933 concessa
1074 1905 1184 1940 plenam
1211 1912 1300 1932 rerum
1326 1902 1524 1938 proprietatem
1554 1901 1702 1928 lici-edibus
1732 1899 1793 1927 Ab·

296 1956 387 1983 seniis
410 1955 446 1981 ita
471 1954 622 1981 conce-„lere
648 1954 774 1989 vellent,
804 1961 834 1982 ut
860 1963 927 1983 vero
951 1955 1137 1991 proprietario
1160 1963 1272 1983 reverso
1296 1962 1348 1982 sua
1369 1960 1490 1988 repetere
1517 1959 1575 1980 non
1603 1951 1719 1985 liceret,
1748 1959 1797 1979 ve·

294 2015 358 2036 tum
382 2006 429 2033 hic
454 2011 564 2034 tautum
586 2004 718 2036 alimenta
740 2005 775 2034 ad
798 2007 937 2043 reliquum
964 2007 1037 2036 vitae
1059 2012 1175 2035 cursum
1199 2003 1366 2034 sufficientia
1393 2004 1502 2040 exigere
1525 2009 1644 2040 posset-5
1671 2008 1700 2030 at
1723 2002 1791 2030 haee

1746 2051 1801 2080 do·
