1913 2417
266 168 646 204 COMMENTATIO
674 177 723 200 AD
751 165 1122 207 QUAESTIONEM
1146 164 1432 204 JURIDICAM.
1568 172 1606 201 ‘25‘

94 255 283 292 hereditatis,
312 262 397 291 quam
421 254 497 284 forte
518 253 646 290 partibus
666 252 775 287 absque
787 250 895 289 judicis
919 249 1088 280 auctoritate
1109 249 1167 278 fieri
1190 250 1331 285 placeret,
1360 239 1524 277 consentire
1546 253 1606 275 non

99 314 216 344 potest,
246 307 296 335 sed
314 306 472 335 necessaria
487 312 531 334 est
549 303 654 333 divisio
669 311 762 332 coram
783 302 880 339 judice
897 302 989 336 sacta3
1018 309 1050 328 ac
1071 306 1230 336 praeterea,
1258 308 1348 336 quum
1367 299 1398 328 in
1422 297 1470 327 tali
1488 297 1605 333 negotio

97 366 158 387 non
183 359 276 386 solum
296 357 493 393 Absentibus‚
515 355 566 384 sed
586 361 613 383 et
634 363 693 383 non
710 352 925 390 praesentibus,
948 351 997 386 qui
1014 351 1089 380 forte
1105 351 1179 380 haud
1204 352 1242 379 ita
1257 351 1360 387 procul
1382 350 1488 379 absunt
1509 358 1524 378 a
1540 349 1606 376 loco

98 408 150 437 ubi
165 408 310 444 negotium
333 408 458 445 geritur,
479 406 608 436 notarius
623 406 726 440 detur,
747 411 808 434 art.
829 412 895 441 931.
918 402 952 431 C.
975 402 1010 430 dc
1030 408 1092 432 rat.
1111 410 1192 440 proc.
1213 404 1244 430 iu
1264 404 1320 431 civ.
1334 422 1344 437 ,
1365 407 1393 430 et
1411 402 1494 437 plane
1508 400 1609 428 incon-

99 466 202 495 gruum
219 457 294 487 foret
313 458 379 486 huic
396 457 561 486 facultatem
578 456 716 486 alienandi
733 463 760 484 et
776 454 950 491 transigendi
965 463 980 482 a
996 453 1150 482 Tribunali
1172 453 1312 488 concedi,
1330 453 1422 481 inscio
1445 461 1479 481 eo
1490 472 1501 488 ‚
1522 451 1567 488 cuj
1574 459 1606 479 us

97 508 231 545 intersit3
260 509 325 537 inde
351 508 494 545 colligunt
517 508 600 537 etiam
623 507 736 536 notario
758 506 881 535 Absenti
901 505 972 534 hanc
998 504 1028 533 in
1044 512 1100 532 rem
1122 505 1188 533 dato
1214 503 1328 532 eandem
1353 503 1516 533 facultatem
1546 509 1606 530 non

96 567 279 596 competere,
305 560 355 588 sed
383 560 421 588 ob
443 560 557 588 eandem
582 559 719 587 rationem
744 566 808 586 eum
834 563 944 585 tantum
979 557 1132 592 prudenter
1158 555 1290 584 adhibere
1314 564 1400 591 posse
1421 555 1516 584 omnia
1539 554 1608 588 illa,

96 619 169 647 quae
190 612 224 639 ad
248 610 419 639 Absentium
433 612 482 648 Jus
504 611 752 644 conservandum,
771 616 799 637 et
821 608 968 644 negotium
986 607 1021 635 ad
1035 607 1142 635 exitum
1160 608 1370 642 perducendum
1395 607 1528 641 tendant3
1558 613 1609 634 cu-

95 662 144 699 jus
168 662 207 690 rei
231 670 332 690 caussa
354 661 487 697 inprimis
511 662 634 690 Absenti
659 661 811 697 adjunctus
839 665 916 693 erat,
937 665 965 686 et
987 658 1012 686 si
1036 666 1092 692 qua
1112 657 1140 686 in
1158 658 1238 686 hisce
1259 658 1382 694 negotiis
1407 658 1442 687 lis
1467 657 1607 692 oriretur,

97 712 192 741 statim
214 713 238 741 ei
269 713 304 741 ad
325 711 470 741 Tribunal
500 721 564 741 esse
587 711 831 750 confugiendum,
859 717 952 745 neque
982 717 1058 737 mero
1087 708 1206 737 arbitrio
1230 716 1260 736 se
1286 716 1380 744 gerere
1407 717 1520 745 posse3
1548 709 1609 738 vid.

93 763 265 799 Promffion,
291 763 312 792 l.
335 763 356 792 l.
378 772 409 800 p.
433 765 504 799 189,
526 773 572 799 sq.
622 762 711 800 Quod
737 769 805 789 vero
831 760 994 788 facultatem
1023 759 1162 787 alienandi
1190 765 1218 787 et
1245 759 1455 795 oppignorandi
1484 760 1608 796 adtinet,

95 813 142 841 vel
163 813 248 842 alium
270 821 385 849 actum,
407 822 491 849 quem
505 814 566 850 ipse
583 812 789 850 proprietarius
804 819 930 839 exercere
947 818 1066 846 posset,
1090 810 1157 838 haee
1179 809 1285 838 nemini
1312 818 1450 839 concessa
1472 811 1607 846 videtur,

95 863 154 893 nisi
175 864 204 892 id
219 872 351 900 expresse
372 866 505 894 mandato
530 864 727 896 contineatur,
754 868 782 890 et
803 863 846 890 vel
871 861 1033 889 mandatum
1053 860 1200 895 generale,
1229 867 1261 889 ut
1282 861 1339 897 jam
1363 861 1488 890 vidimus
1516 861 1545 897 ἓ.
1569 872 1611 897 2,

96 914 171 943 nihil
191 915 269 943 allud
280 916 414 945 concedit
432 916 627 951 mandatario‚
649 923 733 951 quam
749 921 820 949 quae
835 913 869 941 ad
887 913 1029 941 bonorum
1051 911 1325 941 administrationem
1343 912 1440 942 referri
1464 921 1609 950 possunt,

95 971 156 995 art.
179 967 262 1002 1988.
280 966 348 996 Cod.
367 967 453 1005 Civ.;
474 967 550 996 unde
569 966 654 995 facile
669 971 803 1001 apparet,
826 969 1004 1000 quantopere
1021 963 1089 990 haec
1105 962 1193 990 libera
1209 963 1348 993 alienandi
1361 964 1484 993 facultas
1499 965 1611 994 differat

94 1025 111 1046 ι
128 1025 244 1046 munere
272 1018 394 1054 notarii,
417 1027 477 1054 quo
501 1018 625 1054 negotiis
648 1025 682 1045 ex
700 1015 862 1045 hereditatis
883 1015 988 1043 delatae
1005 1013 1147 1042 divisione
1170 1014 1300 1043 oriundis
1323 1015 1459 1044 interesse
1472 1017 1610 1053 jubetur3

95 1067 156 1096 vid.
170 1068 391 1097 Delvincurtius
405 1069 435 1097 in
452 1070 549 1104 notis,
564 1077 596 1104 p.
614 1077 677 1104 340.
698 1067 763 1096 adn.
776 1075 822 1096 10.
861 1065 936 1093 Idem
953 1064 1104 1092 dicendum
1120 1064 1234 1092 videtur
1247 1065 1281 1093 de
1302 1064 1439 1095 facultate
1454 1069 1610 1105 transigen-

95 1118 146 1153 di,
168 1119 191 1147 si
210 1127 266 1154 qua
283 1119 438 1148 transactio
456 1120 486 1148 in
504 1119 583 1147 hisce
598 1117 722 1154 negotiis
735 1116 902 1154 peragendis
917 1115 997 1144 utilis
1014 1116 1174 1150 videretur3
1196 1123 1259 1144 nam
1278 1125 1366 1151 quum
1384 1118 1418 1146 ad
1440 1119 1611 1149 divisionem

98 1169 283 1205 hereditatis,
311 1176 340 1199 et
372 1170 500 1207 reliquos
530 1177 611 1199 actus
633 1169 829 1198 absolvendos
848 1167 955 1205 J'udicis
978 1167 1135 1196 auctoritas
1160 1167 1356 1203 desideretur,
1386 1176 1489 1205 sponte
1516 1172 1612 1207 sequi-

93 1225 164 1256 tur,
193 1220 336 1249 notarium
359 1230 413 1257 pro
438 1222 568 1251 Absente
589 1221 746 1257 transigere
768 1227 827 1248 non
846 1226 952 1254 posse:
979 1217 1047 1246 huic
1071 1217 1201 1252 accedit,
1233 1219 1312 1253 quod
1336 1227 1371 1247 ne
1394 1225 1475 1248 tutor
1497 1222 1612 1257 quidem

93 1279 149 1308 pro
169 1272 284 1308 pupillo
311 1272 362 1301 hac
388 1272 418 1301 in
445 1281 474 1301 re
497 1281 578 1311 agere
600 1278 706 1308 queat,
735 1270 791 1299 nisi
815 1269 974 1298 observatis
1001 1269 1058 1304 iis,
1087 1277 1160 1304 quae
1184 1269 1327 1299 minorum
1360 1272 1513 1307 peculiaris
1542 1282 1611 1302 cura

93 1320 252 1358 legislatori
271 1324 455 1358 expostulare
473 1325 645 1359 videbatur,
668 1328 729 1351 art.
749 1328 835 1358 2045.
858 1321 890 1357 j.
916 1326 979 1349 art.
1000 1320 1066 1358 467.
1090 1321 1159 1350 Cod.
1181 1321 1267 1358 οἱν.,·
1287 1322 1414 1359 adeoque
1429 1332 1488 1353 non
1509 1324 1613 1353 minori

92 1373 246 1408 prudentia
271 1374 381 1403 ratione
407 1374 581 1404 Absentium
614 1375 751 1403 utendum
778 1380 840 1401 esse
863 1371 989 1408 quisque
1004 1370 1161 1408 intelligit,
1192 1373 1243 1408 qui
1260 1374 1350 1409 probe
1368 1374 1542 1410 adtenderit‚
1558 1375 1612 1403 du·

94 1428 176 1451 rante
202 1423 254 1451 hac
285 1425 378 1459 prima
406 1426 563 1456 Absentiae
593 1426 714 1463 periodo
747 1430 859 1453 tantum
893 1422 1134 1451 administrationi
1165 1423 1307 1454 bonorum
1338 1432 1366 1455 et
1399 1425 1613 1455 conservationi

90 1472 202 1509 iurium
231 1473 369 1503 Absentrs
401 1477 567 1513 prospicere
598 1477 728 1506 voluisse
751 1476 942 1512 legislatorem
959 1493 970 1508 ,
999 1482 1092 1509 neque
1117 1473 1173 1502 alio
1202 1475 1312 1504 auxilio
1333 1476 1358 1505 ei
1383 1475 1610 1506 subveniendum

94 1522 232 1558 duxisse,
261 1532 346 1560 quam
373 1527 453 1561 quod
474 1528 503 1555 in
529 1536 558 1556 re
585 1528 726 1564 praesenti
750 1534 870 1562 prorsus
891 1524 1084 1554 necessarium
1109 1532 1200 1559 esset,
1229 1533 1264 1552 ne
1287 1524 1357 1560 quid
1378 1526 1539 1556 detrimenti
1563 1536 1610 1557 ca·

95 1579 177 1610 peret
201 1574 336 1603 Absens:
367 1576 392 1604 si
413 1576 503 1613 igitur
528 1578 701 1615 transigendi
727 1576 816 1606 aderit
838 1575 1049 1604 necessitas'in
1078 1573 1202 1610 negotiis
1227 1582 1260 1603 ex
1283 1575 1445 1605 hereditatis
1468 1578 1609 1608 divisione

95 1624 248 1661 oriundis,
279 1625 352 1654 illud
373 1627 429 1655 sibi
453 1636 612 1657 reservasse
633 1627 796 1657 censebitur
815 1625 976 1660 Trffiunal,
1003 1633 1096 1661 neque
1123 1631 1226 1653 temere
1249 1627 1364 1656 notario
1386 1628 1458 1657 hanc
1482 1635 1612 1664 potesta·

96 1679 151 1702 tem
177 1674 301 1711 fecisse,
328 1685 394 1705 cum
421 1678 464 1707 lex
490 1678 562 1708 illud
585 1679 699 1708 notario
722 1679 751 1706 in
779 1677 917 1706 mandatis
943 1676 1066 1704 dandum
1090 1684 1153 1705 esse
1174 1684 1234 1704 non
1258 1677 1375 1713 doceat,
1405 1685 1433 1707 et
1459 1687 1495 1708 ne
1519 1680 1548 1708 in
1569 1681 1612 1709 di-

94 1723 209 1753 visione
238 1726 352 1761 quidem
386 1728 568 1765 hereditatis,
603 1738 675 1765 quae
709 1734 813 1757 mutuo
840 1726 964 1763 partium
995 1735 1138 1755 consensu
1166 1728 1316 1756 commode
1349 1729 1462 1759 absolvi
1486 1738 1611 1768 posset,

93 1773 211 1804 liberam
231 1778 344 1807 notario
365 1780 466 1816 agendi
486 1786 659 1817 potestatem
681 1779 772 1808 facere
793 1778 923 1813 licuerit,
944 1783 1007 1806 art.
1028 1778 1204 1814 838—840.
1228 1778 1297 1808 Cod.
1319 1779 1382 1809 Ciu.
1406 1782 1422 1819 (
1433 1789 1465 1811 21
1481 1782 1508 1818 ).

135 1825 230 1855 Finito
259 1835 352 1857 autem
389 1829 511 1860 familiae
543 1831 726 1861 erciscundae
758 1830 894 1865 negotio,
932 1828 1002 1864 quin
1034 1834 1062 1856 et
1092 1828 1257 1858 absolutum
1284 1831 1322 1860 sit
1351 1833 1454 1861 notarii
1485 1841 1609 1869 munus,

93 1875 167 1905 mihi
191 1878 303 1914 quidem
329 1880 449 1910 dubium
473 1890 533 1911 non
558 1890 622 1918 est3
646 1889 738 1917 neque
760 1881 842 1909 facile
867 1878 1053 1914 crediderim,
1075 1887 1137 1908 eum
1164 1880 1239 1910 bona
1263 1889 1296 1911 ex
1318 1882 1470 1913 hereditate
1484 1885 1609 1914 Absenti

1564 1944 1611 1966 ac·

125 1988 194 2019 (²¹)
207 1991 267 2015 Add·
283 1992 416 2020 Prwdlmn.
433 1997 451 2020 l.
469 1996 505 2021 cir.
533 1998 699 2026 Delrtncmre,
715 1997 738 2020 in
751 2001 799 2020 not.
814 2003 836 2024 p.
850 2001 900 2022 3⁴0·
927 1996 978 2018 adn.
993 1999 1030 2018 ιο.
1057 1994 1173 2024 Pafum,
1188 1997 1211 2019 ru
1227 2002 1274 2021 not.
1291 1999 1319 2021 ,d
1335 2003 1374 2021 m,
1388 2003 1437 2025 1¹3·
1454 1998 1477 2020 ῃ,
1491 1999 1508 2022 Γ,

845 2037 873 2066 D
