1913 2417
281 190 325 222 26
687 189 715 218 J.
801 196 871 217 nn
951 182 1350 222 GELDER,

279 283 313 314 in
335 281 424 325 quod
441 291 552 313 omnes
577 291 627 312 res
654 277 922 314 innumerabiles,
955 288 1035 320 quas
1061 288 1110 307 ars
1141 276 1286 308 docuerit
1306 300 1316 314 ,
1345 275 1466 307 delatae
1491 276 1566 307 sint⁴
1614 279 1654 310 At
1674 278 1762 322 ‘quis

279 340 384 381 exigat
414 349 432 369 a
462 337 605 381 quodam
637 336 800 373 studioso,
831 340 867 365 ut
909 339 1013 364 totum
1048 333 1162 364 barum
1203 334 1413 364 scientiarum
1447 333 1558 365 orbem
1593 334 1768 377 perficiat?

280 395 375 427 Multi
401 401 507 426 tamen
535 400 626 431 sunt,
655 393 730 436 qui,
761 395 786 422 si
823 396 962 421 mentem
994 400 1033 420 ex
1056 401 1167 421 eorum
1197 390 1289 421 (lictis
1322 391 1488 433 scriptisve
1517 390 1692 431 dijudicare
1718 391 1757 422 ti-

279 459 365 487 ceat‚
391 451 424 482 id
450 449 529 481 velle
551 449 631 481 mihi
656 449 840 486 videantur,
864 453 970 490 utque·
988 457 1121 489 scopum
1153 447 1329 487 attingant,
1354 447 1512 478 Mathesin
1542 448 1575 477 in
1607 448 1757 480 scientiae

279 519 348 539 non
376 508 451 538 artis
489 505 631 537 formam
670 503 848 537 docendam
888 514 978 540 esse,
1008 509 1181 541 censeant3
1213 514 1317 546 eoque
1354 503 1452 535 modo
1498 515 1769 548 unamquamque·

277 565 436 606 Linguam
474 563 542 593 sine
572 561 646 592 ullis
678 560 908 592 Grammatices
944 559 1067 602 regulis
1097 558 1218 590 docere·
1248 559 1372 599 velint3
1404 571 1545 603 quorum
1585 561 1759 600 nonnulli,

280 617 607 651 circumforaneorum
636 618 751 656 instar,
775 618 856 649 dum
882 617 982 648 multa
1005 616 1214 660 promittant,
1239 626 1338 658 pauca
1363 624 1542 659 praestent,
1566 619 1652 661 turpi
1670 619 1760 660 igna-

276 676 348 707 viae
369 674 590 712 blandientes,
613 675 763 706 scientias
781 684 884 716 quam
903 673 1014 704 leviter
1037 683 1111 704 esse·
1131 672 1326 711 tractandas,
1360 675 1544 716 tironesque
1575 677 1688 714 primis
1709 685 1760 705 ea-

277 742 351 762 rum
379 732 546 774 principiis
571 730 716 762 imbuere
745 730 860 762 inutile
892 737 924 761 et
961 729 1160 760 fastidiosum
1196 740 1286 768 esse,
1322 729 1444 773 ubique
1480 729 1689 773 praedicant;
1721 741 1772 764 ne1

283 788 508 830 incipientium
532 788 684 819 memoria
708 787 817 818 multis
851 786 965 822 rebus,
990 796 1069 828 quas
1093 797 1207 817 omnes
1235 797 1339 829 neque
1363 797 1485 829 capere·
1511 798 1615 830 neque
1641 787 1760 818 intelli·

276 855 352 886 gere
377 852 533 887 possunt,
555 844 734 883 obruatur,
765 843 851 875 unde
876 854 958 886 quae
985 842 1169 874 didicissent
1205 843 1345 875 studiosi
1370 842 1519 874 celeriter
1538 844 1773 875 oblivisceren—

278 906 341 931 tur.
389 901 421 931 Si
442 908 548 931 autem
571 912 621 932 res
651 911 717 932 sese
740 901 782 931 ita
813 900 959 937 haberet,
991 899 1149 943 equidem-
1173 899 1373 937 existimans,
1405 900 1580 942 uniruique
1603 911 1659 938 ea,
1680 909 1773 942 quae·

276 955 397 993 discat,
423 958 549 1000 penitus
579 967 646 988 esse
677 957 899 1000 perdiscenda,
929 956 1113 988 Matheseos
1150 956 1319 993 studium,
1351 962 1415 986 tam
1445 957 1555 999 inepto
1583 955 1681 987 modo
1710 956 1763 987 in-

277 1012 430 1043 choatum
444 1036 452 1051 ,
476 1020 587 1057 utpote
605 1013 685 1044 nulli
704 1014 749 1044 rei
777 1013 1006 1057 profuturum,
1029 1005 1152 1045 nemini
1184 1012 1462 1050 commendarem
1487 1016 1528 1044 At
1559 1023 1635 1043 vero
1656 1018 1702 1042 est
1722 1010 1771 1043 adt

276 1068 515 1100 mathematicas
543 1076 627 1100 artes
649 1068 815 1101 discendas
840 1069 952 1100 melior
977 1069 1174 1111 utiliorque,
1206 1069 1271 1110 jam
1303 1070 1344 1100 ab
1376 1070 1517 1112 antiquis
1546 1057 1765 1112 praescripta,

281 1125 472 1165 methodus,
495 1126 656 1169 aptissima
676 1125 715 1156 ad
736 1127 939 1169 juventutem
966 1135 983 1156 a
1008 1126 1199 1167 contagione
1220 1125 1429 1164 servandam,
1453 1136 1516 1167 qua
1537 1124 1736 1155 maculantur
1745 1145 1770 1162 ,.

277 1181 335 1223 qui
359 1180 539 1213 doctrinam
557 1205 568 1221 ‚
599 1193 621 1214 a·
642 1182 751 1214 multis
779 1182 960 1219 vocabulis,
998 1180 1234 1223 significatione
1259 1181 1466 1220 carentibus,
1498 1181 1659 1219 derivent,
1692 1181 1761 1212 Ma·

278 1236 385 1268 thesin
414 1249 530 1281 nempe
555 1239 589 1269 in
619 1239 694 1269 artis
719 1238 853 1270 formam
875 1237 1047 1277 docendo,
1066 1247 1171 1279 quam.
1196 1236 1384 1268 methodum
1412 1238 1439 1268 si
1463 1239 1536 1280 quis
1562 1237 1658 1269 suerit
1675 1248 1776 1276 secu-y-

276 1298 349 1330 tus,
381 1294 555 1335 ingenium,
591 1297 733 1333 acuitur,
767 1293 962 1339 percipiendi
994 1293 1137 1325 facultas»
1164 1301 1298 1337 augetur
1315 1316 1325 1331 ‚
1361 1293 1498 1336 regulae·
1517 1294 1675 1325 veritate&
1695 1305 1763 1325 ma·

277 1349 471 1382 thematicas,
494 1351 700 1390 inveniendi,
734 1363 790 1396 per
815 1351 980 1394 exempla,
1011 1362 1094 1394 quae
1120 1352 1221 1394 magis
1255 1360 1353 1394 quam
1378 1356 1551 1393 praecepta
1579 1349 1702 1389 valent,
1726 1351 1773 1382 ina

279 1406 502 1439 studiosorum·
534 1414 718 1450 potestatem
753 1408 969 1451 rediguntur-3
995 1407 1129 1439 studiosi
1163 1410 1316 1450 insuper,
1351 1408 1408 1449 qni
1430 1408 1620 1449 praecipuus
1641 1413 1688 1437 est
1720 1405 1760 1438 fi-

279 1464 330 1492 nis
348 1486 356 1499 ‚
382 1464 519 1506 aptiores
553 1463 655 1502 flunt,
679 1464 716 1495 ad
744 1472 843 1496 artem
871 1465 1043 1502 omuibus,
1077 1474 1158 1507 quae
1179 1466 1244 1496 siut
1275 1463 1384 1500 utilia,
1416 1463 1471 1494 ubi
1496 1464 1639 1506 possint,
1661 1473 1760 1505 quam

278 1516 426 1550 facillime
452 1520 689 1563 applicandam3
712 1531 793 1564 quae
820 1521 988 1552 commoda
1013 1520 1122 1551 nullus
1146 1530 1468 1563 perversam,‚quam
1497 1519 1646 1549 nonnulli
1672 1528 1760 1561 prae·

278 1575 442 1614 scribunt,
473 1576 660 1607 methodum
692 1584 837 1612 secutus,
871 1586 1017 1619 unquam
1053 1575 1114 1606 sibi
1155 1582 1397 1618 comparaturus
1427 1581 1485 1607 est.
1539 1575 1603 1613 Ae,
1636 1575 1662 1605 si
1693 1577 1762 1606 Ma-

278 1630 386 1662 thesin
415 1633 575 1674 aptissime
600 1644 674 1664 cum
701 1632 838 1676 quadam
863 1633 929 1675 ling
942 1643 972 1662 aa
998 1642 1182 1674 comparare
1208 1631 1320 1669 liceat,
1339 1632 1416 1674 quis
1442 1631 1512 1673 ejus
1538 1631 1663 1673 regulas
1689 1643 1757 1663 non

278 1686 399 1718 discere
419 1689 539 1726 mallet,
563 1700 659 1732 quam
684 1700 803 1721 vneum
823 1688 1093 1732 significationes,
1118 1688 1174 1719 ubi
1193 1688 1251 1719 bac
1266 1688 1377 1730 lingua
1397 1687 1554 1719 utendum
1572 1692 1637 1723 est,
1663 1688 1758 1719 anxie

281 1745 317 1775 in
344 1745 466 1775 Lexicis
490 1746 666 1787 quaerere?

326 1802 406 1831 Sintis
435 1812 593 1844 superque
626 1801 724 1832 Vobis
755 1802 915 1844 explicui,
950 1801 1124 1833 Auditores
1164 1798 1419 1832 Humanissimi!
1447 1805 1567 1842 quanta
1601 1806 1632 1830 et
1660 1810 1758 1842 quam

283 1856 383 1886 multa
407 1857 642 1890 Mathematici.
667 1864 698 1888 et
726 1859 782 1901 qui
809 1869 858 1889 res
885 1858 1044 1889 naturales
1064 1853 1250 1900 perscrutati
1276 1863 1371 1894 sunt,
1394 1857 1426 1886 in
1450 1866 1552 1898 genus
1576 1856 1757 1888 humanum

284 1912 450 1943 conamoda
476 1920 570 1955 atque
604 1914 819 1944 emolumenta
852 1915 1071 1952 contulerint3
1104 1914 1268 1956 vobisque
1300 1922 1485 1955 persuasum
1523 1923 1591 1943 esse
1626 1923 1757 1951 censeo,

285 1976 430 2000 summos
464 1970 667 2002 scientiarum
696 1981 882 2013 progressus
914 1971 1114 2004 Geoinetriae
1138 1969 1258 2002 deberi.
1313 1969 1492 2002 Audivistis
1510 1992 1520 2008 ,
1552 1970 1670 2001 Juvens
1690 1971 1756 2001 No·

1712 2023 1765 2056 ht.
