1913 2417
300 170 335 198 28
561 168 796 206 JACOBI
856 159 1160 199 HERMANI
1218 169 1532 200 ptttLtpsxa

305 251 400 288 qualis
422 258 455 280 ex
483 248 633 288 principiis
662 251 739 288 Juris
764 250 893 279 hodierni
918 250 1070 287 definitur,
1101 250 1131 279 in
1155 259 1218 280 eum
1247 252 1419 289 conveniat3
1447 253 1574 289 adeoque
1605 253 1665 282 fieri
1695 260 1814 290 potest,

306 309 362 338 ut,
386 303 434 338 qui
456 310 521 331 cum
543 302 672 330 Absente
696 301 807 337 legibus
831 301 951 336 experiri
977 301 1081 337 cupit,
1102 310 1270 338 persuasum
1292 303 1348 331 sibi
1373 304 1493 338 habeat,
1523 304 1677 332 Absentem
1699 310 1810 333 tantum

309 362 325 383 a
350 353 497 382 domicilio
521 353 620 381 abesse
646 358 672 379 et
702 352 827 380 latitare:
866 352 984 387 insuper
1012 359 1078 381 vero
1103 360 1117 380 e
1141 353 1350 388 disceptatione
1382 355 1412 383 in
1444 354 1630 384 Consistorio
1664 354 1809 390 Principis

309 405 435 441 agitata,
462 412 524 432 cum
549 409 610 431 art.
630 410 696 431 112.
722 402 751 430 in
776 401 1006 431 deliberationem
1023 403 1158 431 incideret
1181 404 1262 440 (vid.
1289 406 1479 441 Constrance,
1499 404 1585 433 Tom.
1603 404 1628 434 I.
1658 413 1697 445 ρ.ι
1711 412 1763 441 303
1785 411 1814 433 et

307 456 373 492 308.
387 455 423 491 ),
445 455 602 482 luculenter
624 459 721 488 patet,
744 452 895 481 Curatoris
922 453 1065 482 dationem
1079 473 1088 488 ,
1111 454 1242 489 quamvis
1258 460 1285 483 et
1308 456 1449 484 accenseri
1467 455 1560 491 possit
1576 454 1727 490 remediis,
1749 454 1814 491 qui·

304 506 360 534 bus
384 505 521 533 Absentis
550 504 634 532 rebus
665 504 805 532 derelictis
830 512 998 532 succurrere
1026 510 1123 539 potest
1148 505 1233 541 judex
1251 525 1262 540 ‚
1290 513 1348 534 non
1378 513 1489 542 semper
1516 505 1699 534 necessariam
1733 513 1814 540 esse,

304 565 402 585 verum
430 562 539 584 tantum
565 563 621 591 usu
648 554 764 590 venire,
786 555 809 583 si
833 554 996 590 probabiles
1023 555 1144 583 rationes
1171 563 1229 583 eam
1253 556 1370 584 suadere
1392 556 1561 590 videantur,
1589 556 1723 592 inprimis
1745 563 1812 584 cum

304 607 350 635 lex
375 607 441 635 anni
463 606 531 643 1667
558 607 907 642 supervacaneum'usum
927 606 983 642 jam
1007 606 1179 642 sustulerit,
1207 613 1267 642 quo
1287 606 1355 634 olim
1380 607 1451 635 tales
1479 607 1633 635 Curatores
1659 606 1688 635 in
1711 605 1815 642 quavis

303 658 352 686 lite
375 666 430 693 pro
453 657 580 685 Absente
604 658 723 693 gerenda
740 657 1001 686 constituebantur.

341 709 462 736 Nullum
488 708 606 736 dublum
638 716 727 744 ergo,
755 708 826 743 quin
857 716 966 744 semper
990 708 1186 736 Procuratoris
1215 707 1299 744 Regii
1331 708 1387 744 sit,
1417 709 1556 738 Absentis
1582 716 1677 737 curam
1701 716 1819 745 gerere,

311 761 428 796 quando
452 759 573 788 extranei
599 767 664 788 eum
688 759 801 787 actione
818 759 1038 796 aggrediuntur3
1067 759 1136 787 adeo
1155 765 1188 786 ut
1210 759 1352 787 Tribunal
1375 768 1433 788 non
1461 759 1556 796 possit
1575 760 1737 794 decernere,
1758 758 1815 787 nIsi

305 811 404 839 audito
426 810 508 846 prius
534 810 588 839 hoc
623 810 761 838 Absentis
793 817 936 846 patrono,
964 810 1014 845 qui
1041 811 1102 847 ejus
1129 811 1277 838 commoda
1305 810 1402 839 ubivis
1431 809 1512 838 debet
1533 810 1624 846 tueri,
1651 811 1675 838 si
1697 809 1818 846 aliquod'

276 852 279 856 ”
302 861 351 898 jus
375 860 409 888 ab
429 869 464 889 eo
485 861 628 890 vindicare
652 862 794 897 cupiunt,
826 861 876 896 qui
903 861 1009 896 quovis
1037 861 1124 889 modo
1149 868 1213 889 eum
1241 861 1296 889 sibi
1321 861 1478 898 obligatum
1511 867 1629 897 tenent,
1660 867 1687 889 et
1705 860 1818 890 diverse

305 911 340 939 ab
363 911 503 940 Absentis
525 910 686 940 rationibus
711 913 861 940 commoda
885 918 1114 948 prosequuntur.

347 962 402 990 Sed
425 962 521 998 quaeri
547 969 665 998 potest,
696 969 791 992 utrum
817 964 878 999 ejus
902 963 1025 992 officium
1055 964 1313 993 circumscribatur
1334 971 1361 993 et
1381 965 1548 994 absolvatur
1576 972 1694 993 caussae
1715 962 1818 999 cogni-

305 1012 403 1048 tione,
424 1019 451 1041 et
475 1014 608 1042 consiliis
631 1020 697 1042 cum
719 1013 870 1042 Tribunali
894 1015 1158 1051 communicandis,
1181 1016 1287 1052 quibus
1309 1024 1402 1045 veram
1428 1016 1499 1052 legis
1522 1023 1643 1044 mentem
1672 1014 1795 1044 explicet

311 1069 339 1090 et
367 1063 480 1100 exigat,
502 1071 534 1091 ut
557 1064 587 1092 in
609 1065 688 1094 omui
713 1072 814 1093 caussa
837 1065 994 1093 Absentem
1018 1072 1166 1101 spectante
1192 1065 1263 1095 bene
1286 1067 1321 1095 ad
1345 1075 1403 1095 eam
1430 1067 1617 1101 adtendatu1=3
1640 1073 1676 1094 an
1701 1072 1770 1093 vero
1788 1069 1816 1092 et

310 1112 374 1149 ipse
399 1123 451 1150 pro
471 1114 600 1143 Absente
619 1123 697 1151 agere
717 1115 812 1150 possit
835 1122 863 1144 et
885 1117 989 1144 directe
1015 1125 1030 1144 a
1052 1116 1204 1145 Tribunali
1235 1124 1350 1153 petere,
1381 1118 1460 1153 quod
1484 1117 1542 1154 ipsi
1564 1115 1753 1145 necessarium
1774 1114 1816 1142 vi-

308 1164 430 1194 debitur.
471 1165 546 1193 Nam
571 1166 644 1194 inter
667 1174 764 1194 omnes
785 1173 920 1202 constat,
942 1166 1124 1196 Procuratori
1145 1168 1254 1197 nullam
1280 1169 1309 1197 vi
1340 1169 1467 1197 muneris
1490 1168 1520 1197 in
1546 1167 1659 1196 caussis
1679 1165 1818 1195 civilibus

308 1214 407 1251 agendi
432 1214 595 1245 facultatem
620 1223 799 1253 competere,
821 1218 877 1245 nisi
903 1217 932 1246 in
953 1219 1064 1247 caussis
1091 1219 1274 1247 nominatim'
1290 1220 1351 1256 lege
1372 1219 1515 1255 expressis
1536 1217 1641 1255 (24),
1670 1217 1753 1254 cujus
1777 1215 1818 1244 rei

308 1268 433 1302 exempla
457 1272 613 1295 occurrunt
639 1266 668 1295 in
694 1273 768 1295 artt.
791 1275 846 1304 53,
872 1276 943 1304 123,
968 1269 1043 1304 184,
1071 1277 1148 1305 302,
1177 1279 1254 1307 491,
1286 1278 1367 1308 1057.
1399 1269 1468 1299 Cod.
1491 1269 1575 1304 Cim,
1605 1275 1633 1297 et
1655 1268 1698 1297 sic
1716 1267 1818 1301 merito

308 1317 432 1345 dubitari
463 1323 585 1354 posset,
616 1326 651 1346 an
678 1318 750 1346 idem
773 1319 803 1346 in
827 1327 928 1347 caussa
957 1318 1127 1348 Absentiam
1154 1321 1178 1348 ei
1201 1322 1315 1357 liceret,
1346 1320 1478 1356 inprimis
1509 1327 1575 1348 cum
1599 1325 1626 1347 et
1658 1318 1688 1347 in
1717 1323 1820 1346 caussa

312 1367 457 1396 minorum
482 1375 510 1397 et
533 1369 682 1397 mulierum
708 1375 863 1406 nuptarum
889 1369 1042 1405 singularis
1067 1379 1135 1400 cura
1155 1371 1352 1401 Procuratoris
1370 1378 1397 1399 et
1424 1371 1602 1407 providentia
1625 1368 1751 1398 sufficere
1775 1365 1821 1394 vi-

308 1417 426 1452 (icatur,
453 1425 514 1448 art.
546 1421 594 1456 83.
617 1421 663 1448 60.
691 1419 757 1449 eod.
780 1419 815 1448 dc
839 1426 900 1450 rat.
925 1429 1002 1458 proc.
1025 1421 1057 1448 in
1079 1423 1137 1452 civ.
1178 1422 1226 1450 sie
1256 1423 1344 1458 igitur
1368 1421 1501 1457 inprimis
1522 1420 1724 1455 inquirendum
1744 1416 1818 1450 erit,

306 1475 340 1495 an
369 1469 458 1505 maJ’or
483 1468 530 1496 illa
555 1477 684 1504 potestas
708 1471 759 1499 hac
786 1470 815 1499 in
838 1479 941 1499 caussa
966 1471 1149 1500 Procuratori
1176 1479 1337 1508 competere
1364 1472 1508 1505 videatur,
1537 1476 1565 1497 et
1597 1469 1739 1497 Absentes
1762 1466 1814 1494 hac

305 1516 336 1545 in
361 1525 390 1546 re
419 1518 548 1554 potiores
575 1519 653 1555 sint,
682 1528 710 1550 et
732 1521 914 1550 efficaciorem
947 1523 1099 1559 efflagitent
1130 1523 1351 1559 desensionem‚
1382 1529 1467 1558 quam
1497 1520 1623 1549 minores
1640 1539 1650 1556 ,
1681 1515 1815 1547 mulieres

305 1573 426 1603 nuptae,
447 1569 623 1605 similesque.
1349 1599 1352 1602 Δ

344 1618 441 1648 Nobis
469 1621 581 1656 quidem
610 1622 843 1658 distinguendum
861 1622 974 1651 videtur
990 1631 1055 1652 cum
1080 1623 1273 1660 Promffiono,
1305 1624 1327 1654 l.
1347 1625 1369 1655 l.
1394 1634 1423 1661 p.
1446 1625 1531 1661 184.‚
1559 1629 1656 1651 utrum
1679 1620 1819 1650 Procura-

312 1676 402 1698 torem
429 1670 576 1706 reliquerit
599 1673 721 1708 absens,
743 1682 778 1702 an
803 1681 903 1709 secus;
935 1673 1000 1702 item
1025 1682 1061 1703 an
1087 1674 1229 1704 Tribunal
1251 1677 1274 1704 ei
1298 1675 1468 1704 Curatorem
1487 1681 1535 1702 aut
1557 1674 1735 1702 defensorem
1758 1671 1818 1707 jam

309 1721 488 1757 adjunxerit,
517 1731 552 1751 an
575 1731 642 1752 vero
667 1725 781 1759 minus;
813 1724 838 1752 si
868 1724 941 1753 enim
967 1733 1088 1761 quoquo
1113 1726 1199 1754 modo
1229 1725 1345 1754 Absens
1369 1725 1480 1754 defendi
1503 1729 1601 1760 potest
1622 1727 1721 1750 contra
1744 1719 1819 1748 alio-

309 1778 368 1798 rum
402 1773 576 1810 petitiones,
607 1774 804 1803 Procuratoris
832 1781 940 1803 tantum
971 1776 1067 1804 estin
1099 1784 1229 1805 caussam
1261 1776 1422 1811 inquirere,
1451 1781 1478 1803 et
1510 1772 1661 1802 Tribunali
1684 1769 1817 1800 consiliis

312 1826 429 1857 adesse,
451 1829 496 1858 et,
517 1832 669 1861 antequam
689 1825 779 1853 fertur
803 1826 965 1861 sententia,
990 1827 1162 1855 concludere
1172 1842 1189 1861 ,κ
1204 1827 1284 1862 quod
1301 1827 1355 1862 ipsi
1380 1826 1408 1854 in
1425 1833 1525 1854 caussa
1546 1823 1730 1852 discernenda
1744 1820 1819 1858 opti-

309 1878 387 1901 mum
411 1873 569 1904 videbitur:
591 1883 619 1904 at
641 1876 667 1905 si
690 1876 729 1904 ita
755 1875 792 1904 iis
819 1884 878 1905 non
904 1883 1090 1913 prospectum
1113 1883 1176 1913 est,
1206 1878 1338 1915 majorem
1372 1879 1470 1912 utique
1497 1875 1683 1904 attentionem
1709 1878 1737 1901 et
1761 1879 1813 1900 cu-

1759 1928 1821 1950 ram

335 1998 403 2029 (24)
425 2000 478 2024 Vid.
500 2000 606 2030 Merlin,
626 2002 718 2030 alpert.
737 2003 760 2026 ln
782 2009 840 2026 voce
858 2003 981 2027 Minister«
998 2004 1094 2033 public,
1115 2005 1135 2034 ς.
1150 2011 1173 2031 2,
1195 2007 1230 2028 no.
1245 2004 1266 2029 8.
1288 2009 1311 2027 et
1331 2003 1355 2027 in
1371 2009 1430 2028 voce
1447 2002 1558 2029 Μῐηειιν,
1579 1999 1599 2030 §.
1617 2003 1640 2027 4-
1659 1997 1684 2021 in
1698 1997 1715 2022 f·
