1913 2417
264 229 555 260 RESPONSIO
585 237 634 258 AD
664 228 1034 267 QUAESTIONEM
1062 226 1514 260 PHJLOSOPHICAMA
1612 235 1631 265 5

121 322 277 351 eorumque
301 314 335 342 de
359 312 545 350 philosophis
570 312 697 348 antiquis
721 312 889 341 traditiones
916 313 949 340 ati
978 311 1104 340 criticam
1132 311 1306 339 severitatem
1329 316 1397 338 sunt
1425 309 1574 346 exigendi,
1600 315 1629 337 et

115 366 172 403 ipsi
194 365 306 400 critici,
328 371 360 392 ut
381 365 411 393 in
431 363 636 399 philosophiae
658 363 780 392 historia
804 364 976 391 restituenda
1005 363 1146 391 indicatos
1171 362 1308 398 plccantii
1335 361 1432 390 fontes
1459 360 1557 388 sedulo
1584 358 1627 387 vi-

113 424 195 452 tent,
218 416 364 445 monendi.
406 417 441 443 111
464 423 522 449 quo
550 414 664 442 critices
699 415 815 451 negotio
840 422 994 442 curantium
1020 420 1083 448 cst,
1113 422 1148 442 nc
1175 413 1204 442 in
1233 420 1382 448 utramque
1414 419 1525 448 partem
1561 419 1629 446 pec·

112 476 229 502 cemus,
251 466 405 495 temeritate
424 470 451 492 et
474 465 701 501 superstitione:
729 474 780 494 nec
796 467 1052 499 committendum,
1075 472 1106 492 ut
1123 465 1366 500 philosophorum
1383 464 1494 492 decreta
1523 461 1628 490 minori

113 517 259 554 diligentia
286 516 454 552 dignemur‚
477 524 563 551 quam
587 516 728 545 bonorum
759 516 896 545 librorum
923 518 1118 553 scripturam,
1146 516 1175 544 in
1204 524 1258 551 qua
1286 515 1444 552 iudicanda
1468 520 1627 548 utrumque

109 576 246 603 notatur,
266 567 348 595 furor
372 567 486 602 quidam
513 567 609 595 omnia
633 568 746 596 secandi
770 576 797 596 et
820 569 940 602 urendi,
971 575 998 596 et
1021 567 1133 596 servilis
1156 568 1291 602 quaedam
1328 567 1449 602 religio,
1470 565 1542 593 nihil
1566 573 1628 592 ruu-

117 627 196 654 tare,
216 627 267 647 nec
289 618 358 646 adeo
386 618 541 653 quidquam
568 618 717 647 restituere
743 627 821 648 ausa.
862 620 1019 655 Praecipue
1040 619 1227 646 coercendum
1255 624 1298 646 est
1321 617 1485 653 ingenium,
1514 623 1540 644 et
1565 616 1626 644 suis

112 670 241 700 terminis
265 669 516 705 concludendum3
549 670 648 704 quod,
679 670 704 698 si
729 671 857 698 modeste
878 671 1054 698 decretorum
1082 678 1230 697 censuram
1259 669 1337 705 agit,
1367 674 1452 703 atque
1474 668 1546 696 inter
1569 667 1628 696 affi-

110 722 156 751 nia
176 720 348 758 philosophi
383 720 489 756 piacita
516 721 663 748 vinculum
697 722 839 756 quoddam
871 721 981 750 inducit
1013 720 1241 749 ratiocinationis
1275 720 1309 748 ab
1335 719 1427 755 ipsius
1454 718 1627 755 phiiosophi

105 771 217 802 ratione
238 771 363 808 petitae,
391 770 479 806 inque
503 779 533 799 ea
557 770 713 806 fundatae,
742 771 885 808 egregium
908 779 1031 807 praestat
1054 780 1163 800 usum:
1192 771 1242 799 sed
1270 771 1343 798 idem
1378 770 1486 806 ingenii
1523 769 1628 805 praesi-

107 824 206 858 dium,
227 822 252 851 si
276 821 387 850 somnia
410 822 547 856 quaedam
570 821 599 850 in
622 822 808 857 antiquorum
832 822 991 858 sapientum
1019 821 1173 850 sententias
1198 820 1314 848 invehat
1324 841 1339 855 ‚⁴
1354 829 1411 849 rem
1436 820 1548 856 perdere
1572 829 1627 855 pu-

105 874 224 903 tandum
250 878 294 900 est
318 877 346 900 et
368 872 495 907 efficere,
516 877 552 900 ut
572 872 658 900 anilis
681 873 876 909 superstitio,
899 882 973 914 quae
996 873 1070 901 nihil
1094 871 1251 907 intelligere
1274 871 1455 907 absurdaque
1480 871 1553 899 tucri
1569 879 1628 899 ma·

105 925 190 960 vult,
212 931 296 959 quam
322 923 480 958 quidquam
507 930 634 958 mutare,
657 932 723 959 prae
749 925 804 954 ista
829 924 943 953 licentia
966 924 1041 952 bona
1066 930 1093 951 et
1118 922 1253 951 salutaris
1275 922 1417 951 videatur.

144 974 201 1003 His
225 974 312 1003 officii
345 973 506 1009 praeceptis
537 973 679 1003 instruere
708 983 754 1003 me
779 975 840 1010 ipse
873 975 1071 1010 moderarique
1100 974 1185 1002 volui
1213 973 1244 1000 in
1277 973 1451 1008 quaestione
1480 973 1626 1001 tractanda

105 1026 216 1064 priori,
237 1025 272 1054 ab
301 1023 411 1053 Ordine
437 1024 486 1053 Cl.
511 1024 716 1061 Philosophiae
734 1025 921 1054 Theoreticae
942 1031 970 1053 et
987 1024 1148 1053 Literarum
1175 1023 1386 1051 Humaniorum
1411 1023 1528 1059 posita:
1552 1032 1625 1059 quae

105 1076 241 1113 quaestio
267 1083 301 1104 ex
326 1074 430 1103 intimo
453 1075 577 1110 quodam
602 1075 749 1104 Historiae
772 1076 994 1112 philosophicae
1018 1083 1134 1103 recessu
1164 1075 1250 1102 ducta
1279 1080 1322 1102 est
1345 1080 1374 1102 et
1397 1080 1521 1110 promta.
1566 1074 1627 1110 Igi-

103 1117 154 1156 tur
175 1134 202 1155 et
226 1127 305 1163 apud
325 1125 463 1161 antiquos
490 1132 517 1154 et
539 1126 619 1162 apud
645 1127 816 1156 recentiores
847 1126 905 1155 fuit
936 1128 1003 1156 haec
1033 1127 1068 1155 de
1095 1126 1336 1155 Academicorum
1363 1131 1391 1153 et
1423 1125 1629 1161 Scepticozum

101 1178 226 1207 dissidio
248 1177 397 1206 contentio
422 1176 579 1212 multiplici
600 1178 738 1207 dissensu·
760 1183 876 1207 tentata.

141 1229 183 1258 A.
217 1229 330 1258 Gellius
361 1229 431 1265 (1)
460 1248 484 1264 7,
505 1229 639 1264 vetus,”
666 1230 779 1265 inquit,
812 1250 836 1265 „
859 1229 991 1266 quaestio
1007 1250 1018 1265 ‚
1048 1235 1076 1258 et
1101 1237 1116 1258 a
1143 1229 1244 1258 multis
1275 1229 1469 1265 scriptoribus
1502 1226 1623 1257 Graecis

104 1299 131 1317 ‚,
152 1286 273 1308 tractata
298 1285 361 1314 est,
392 1287 430 1307 an
453 1279 523 1314 quid
546 1285 573 1306 et
604 1287 743 1314 quantum
774 1279 847 1308 inter
881 1279 1060 1316 Pyrrhonios
1086 1287 1113 1309 et
1135 1280 1325 1310 Academicos
1351 1279 1549 1314 Philosophos
1575 1278 1620 1306 in-

96 1328 128 1367 ’,,
149 1329 279 1359 tersit.”
326 1329 427 1365 Igitur·⁴
459 1329 532 1372 hanc
563 1330 700 1358 celebrem
738 1330 933 1365 quaestionem
973 1331 1107 1360 tractavit
1147 1331 1378 1365 Aenesidemus,
1409 1331 1443 1359 in
1468 1329 1513 1358 1⁰.
1544 1328 1622 1357 libro

96 1382 265 1419 Πυρρωνίων,
286 1381 376 1416 cuius*
395 1380 554 1416 fragmenta
576 1381 701 1409 servavit
735 1381 855 1410 Photius
878 1382 894 1419 (
907 1382 959 1419 2).
999 1382 1074 1411 Eum
1097 1390 1213 1411 secutus
1238 1390 1281 1411 est
1315 1382 1516 1415 Plutarchus,
1544 1378 1594 1415 qui
1609 1399 1622 1414 ,

96 1439 171 1461 teste
200 1432 347 1468 Lampria
372 1430 402 1458 in
426 1431 589 1466 Cataiogo‚
618 1431 722 1459 librum
751 1432 870 1466 scripsit
892 1433 951 1468 περὶ
976 1436 1024 1466 τῆς
1052 1434 1181 1470 διαφορᾶς
1208 1435 1260 1463 τῶν
1289 1434 1439 1470 Πυρῥωνίων
1463 1433 1507 1460 καὶ
1533 1430 1623 1460 'Aum-

98 1484 246 1519 δημαϊκῶν.
287 1480 512 1510 Λεηεεῖᾶωηηπι,
529 1480 658 1509 imitatus
690 1488 733 1510 est
756 1482 853 1510 itidem
882 1483 986 1511 Sextus
1018 1483 1210 1520 Empiricass„
1242 1483 1292 1518 qui
1320 1483 1350 1512 in
1379 1482 1483 1518 Pyrrh.
1507 1482 1621 1517 Hypot.

101 1533 253 1570 Scepticos
279 1531 314 1560 ab
343 1531 522 1560 Academicis
546 1532 690 1567 separavit
709 1532 791 1570 (3).
834 1533 946 1562 Gellius
976 1533 1059 1563 etiam
1086 1535 1152 1571 (4)
1178 1534 1272 1563 dedita
1300 1542 1386 1571 opera
1417 1533 1543 1562 rationes
1573 1530 1622 1559 ad-

95 1585 185 1619 tulit,
214 1591 267 1611 cur
290 1581 455 1611 Academici
482 1588 510 1611 et
533 1582 688 1619 pyrrhonii
711 1583 867 1613 differrent.

137 1637 217 1666 Inter
239 1635 410 1664 recentiores
433 1633 555 1662 Huctius
579 1635 594 1668 (
607 1635 648 1670 5)
661 1655 670 1669 ‚
693 1634 808 1663 Vossius
830 1635 920 1672 (6),
942 1635 1074 1664 Bracker
1089 1637 1130 1674 (7
1143 1636 1186 1674 ),
1199 1635 1319 1672 Baylius
1342 1636 1412 1672 (8)
1436 1641 1463 1662 cl
1484 1634 1623 1662 lileiner—

98 1687 159 1716 sius
179 1687 263 1725 (9),
296 1685 493 1722 quaestionem
520 1684 613 1713 obiter
645 1691 816 1722 tractantes,
845 1693 894 1714 aut
923 1687 1054 1723 nuliam²
1080 1693 1130 1716 aut
1155 1688 1272 1716 dubiam
1310 1685 1486 1715 discriminis
1518 1691 1617 1714 notam

1589 1743 1622 1764 aa·

119 1841 174 1871 (1)
194 1843 224 1865 N.
243 1843 272 1864 Δ.
292 1842 331 1864 XI.
346 1847 368 1868 5.
539 1839 592 1869 (a)
613 1841 636 1863 in
659 1840 765 1863 Biblioth.
788 1847 840 1869 pag.
853 1848 902 1868 279·
918 1850 982 1871 seqq».
1135 1842 1188 1872 (3)
1208 1845 1231 1867 P.
1254 1843 1284 1866 H.
1303 1843 1320 1866 1.
1340 1849 1390 1871 cap.
1404 1847 1439 1869 33·

120 1884 173 1911 (⁴)
194 1885 209 1905 Ι.
227 1884 242 1905 i.
425 1881 481 1908 (3)
503 1883 537 1904 De
559 1884 580 1904 la
599 1882 709 1904 ioiblesse
732 1883 760 1904 de
780 1881 867 1910 l’esprit
890 1885 994 1912 humana,
1015 1883 1034 1911 §.
1049 1884 1099 1907 166-

123 1925 176 1954 (6)
197 1925 231 1945 De
253 1923 336 1945 Philus.
357 1922 441 1949 Sectis,
467 1929 518 1950 pag.
540 1929 590 1947 1ο,·.
608 1925 657 1946 116.

121 1965 174 1993 (7)
199 1965 256 1986 Hist.
275 1963 360 1985 Phi'oa.
383 1965 439 1985 Part.
452 1964 480 1985 ΙΙ.
504 1964 569 1986 1,.11.
592 1970 612 1985 c.
628 1968 662 1989 ¹4.
681 1964 702 1991 S.
716 1968 750 1987 11.
770 1970 822 1992 pag.
831 1969 898 1991 1331.
914 1970 978 1991 1332.

119 2005 174 2035 (8)
196 2005 218 2027 in
242 2005 328 2026 Lexico
351 2004 373 2025 in
393 2009 451 2026 voce
471 2004 580 2028 pyrrhon,
600 2009 646 2026 not,
663 2005 690 2028 A,

119 2047 176 2080 (Ι)
198 2045 284 2069 ῦεκΙι.
306 2045 347 2066 der
366 2045 510 2066 Wcltweish.
527 2044 613 2066 Absch.
627 2044 676 2065 XV.
697 2043 718 2071 5.
734 2048 753 2065 1.
777 2049 826 2070 pag.
844 2049 892 2071 ¹⁴³·

885 2097 950 2134 Aa
