1913 2417
305 177 340 214 38
572 170 809 210 JACOssI
868 166 1177 198 HERMANI
1235 165 1548 197 PHILIPSE

310 260 424 289 demum
446 254 558 286 initium
576 265 680 292 capere
701 261 853 291 putamus,
877 252 1010 288 quando,
1025 246 1166 281 Absentia
1189 244 1314 287 legitime
1344 251 1499 286 declarata,
1517 250 1555 282 ,in
1581 250 1724 280 bonorum
1751 259 1824 287 pos·

316 311 471 340 sessionem
497 308 653 336 mittuntur
674 307 714 341 ii,
742 304 868 340 quibus,
897 304 922 331 si
945 303 979 331 de
1004 309 1094 332 morte
1118 302 1256 331 Absentis
1284 308 1452 336 constaret,
1477 302 1526 338 J'us
1552 302 1721 330 succedendi
1749 301 1824 331 fuis-

315 368 377 397 set,
406 366 437 389 et
465 360 560 388 eodem
591 365 718 392 tempore
744 355 829 384 matri
852 354 1060 391 adjungendum
1085 362 1145 383 esse
1167 357 1329 382 cotutorem
1351 353 1513 381 secundum
1537 359 1599 381 art.
1617 362 1708 391 420.‚
1736 354 1822 391 cujus

316 413 439 443 officium
464 409 617 445 exponitur
636 412 710 436 ἄνη.
731 416 790 445 sqq.
801 417 813 443 ,·
831 405 913 434 conf.
934 404 1144 440 Delvincourt‚
1164 405 1185 433 l.
1207 405 1229 434 l.
1251 404 1338 435 Tom.
1356 404 1382 433 I.
1403 413 1433 440 p.
1451 412 1518 440 341.

355 464 429 492 Cum
463 469 530 490 vero
561 465 655 487 -mater
687 458 728 486 sic
761 456 855 485 statim
888 455 917 484 in
951 455 1039 488 patris
1067 455 1206 485 Absentis
1230 456 1296 492 jura
1320 455 1476 489 succedat,
1507 463 1578 491 quae
1604 455 1765 485 referuntur
1790 458 1826 487 ad

318 513 512 543 educationem
539 516 567 539 et
589 507 861 539 administrationem
881 507 1045 542 bonorum,
1067 506 1144 535 nulla
1163 513 1280 541 quoque
1302 507 1418 535 videtur
1441 507 1539 535 adesse
1562 507 1713 536 dubitandi
1729 508 1824 544 ratio,

321 565 391 601 quin
418 563 443 592 ei
468 560 640 590 usufructus
662 559 835 588 concedatur
855 557 1017 593 bonorum,
1040 566 1112 593 quae
1137 557 1219 585 liberi
1248 558 1281 585 18
1309 558 1391 587 annis
1413 558 1558 593 mInores,
1579 566 1630 587 nec
1656 559 1828 596 emancipati

318 615 375 645 sibi
404 613 520 650 propria
551 612 672 641 habent:
699 619 765 647 nam
797 609 822 637 si
857 608 1132 643 animadvertamus,
1163 616 1222 644 quo
1249 608 1375 637 consilio
1410 608 1487 637 hunc
1513 608 1730 638 usumfructum
1756 611 1830 647 patri

318 663 682 699 concesseritlegislator⁹
704 661 824 690 dubium
846 669 905 689 non
929 666 991 695 est,
1013 659 1084 695 quin
1111 665 1190 695 patre
1214 658 1344 688 Absente
1364 659 1438 688 idem
1455 659 1538 687 matri
1553 666 1699 695 competat
1714 669 1832 697 propter

321 725 395 746 onus
425 714 603 744 educationis
637 714 790 742 liberorum
818 712 844 740 ei
877 712 933 748 jam
959 709 1142 739 incumbens.
1191 709 1245 738 Uti
1278 710 1351 739 enim
1383 711 1501 740 durante
1528 711 1709 740 matrimonio
1737 713 1832 742 solum

319 775 426 805 patrem
450 765 613 795 educationi
639 764 793 792 liberorum
826 761 961 799 praefecit
989 762 1159 798 legislator,
1187 761 1273 797 eique
1305 761 1502 791 auctoritatem
1534 761 1563 790 in
1587 761 1694 791 liberos
1712 771 1833 793 conces.-

323 819 379 854 sit‚
409 818 450 846 sic
479 817 536 846 soli
565 815 638 852 patri
665 814 797 843 concedit
820 812 1032 842 usumfructum
1056 812 1200 841 bonorum
1224 817 1286 841 art.
1308 815 1398 851 384„
1426 819 1458 841 ut
1484 821 1517 841 eo
1546 812 1648 841 melius
1673 812 1856 843 educationi*

324 869 504 907 prospiciat,
533 873 560 896 et
591 866 698 894 liberos
723 866 839 901 quaevis
864 864 946 893 utilia
974 864 1121 892 addiscere
1142 870 1242 899 curet,
1271 864 1379 900 quibus
1399 869 1498 900 postea
1519 864 1658 892 instructi
1679 864 1736 893 sibi
1758 866 1838 895 suffi-

326 921 406 949 ciant
431 926 457 947 et
477 919 562 946 vitam
593 918 695 953 degant
717 917 878 945 honestam.
918 915 974 944 Est
995 915 1084 951 igitur
1107 915 1295 944 ususfructus
1319 915 1367 943 ille
1390 915 1615 944 emolumentum
1637 923 1653 943 a
1673 916 1837 952 legislatore

323 971 396 1008 patri
430 977 600 998 concessum
633 976 687 1004 pro
716 967 793 995 curis
818 973 846 995 et
869 966 977 1002 vigiliis
1008 966 1171 995 educationi
1198 966 1410 1002 impendendis:
1444 966 1512 994 haec
1542 965 1618 994 enim
1640 966 1775 996 oneribus
1796 975 1831 996 ex

322 1022 511 1051 ususfructus
529 1019 679 1055 largitione
695 1018 825 1047 oriundis
842 1023 1029 1046 accensentur
1048 1024 1110 1045 art.
1130 1019 1196 1054 385.
1237 1018 1312 1045 Cum
1329 1026 1396 1045 vero
1418 1023 1485 1052 post
1508 1017 1657 1046 decessum
1675 1018 1763 1054 patris
1780 1027 1839 1048 ma-

326 1073 362 1101 tri
380 1071 548 1101 incumbant
566 1078 650 1099 onera
666 1068 847 1098 educationis
858 1088 868 1103 ,
883 1075 971 1103 eaque
986 1067 1093 1095 iccirco
1111 1067 1246 1095 omnibus
1262 1067 1351 1103 patris
1368 1067 1483 1104 juribus
1499 1075 1533 1095 ex
1550 1068 1718 1096 educatione
1735 1069 1835 1098 oriun-

327 1123 372 1152 dis
389 1122 508 1159 gaudeat
522 1121 678 1150 secundum
693 1126 755 1148 art.
768 1128 853 1155 14r.‚
870 1119 954 1147 matri
970 1118 1088 1146 eundem
1105 1117 1319 1146 usumfructum
1336 1119 1489 1147 concedere
1503 1126 1562 1147 non
1578 1118 1762 1148 dubitamus:
1778 1128 1838 1149 non

333 1173 468 1209 quoniam
485 1178 563 1208 pater
577 1173 634 1208 jam
650 1177 784 1199 mortuus
798 1171 938 1205 habetur,
960 1176 987 1198 et
1002 1168 1189 1197 ususfructus
1207 1168 1250 1198 sic
1266 1169 1330 1205 ipso
1345 1170 1408 1206 jure
1425 1170 1459 1198 ad
1481 1176 1595 1198 matrem
1620 1170 1759 1206 pertinere
1775 1178 1843 1199 coe-

332 1224 376 1261 pit
396 1232 429 1252 ex
458 1228 520 1252 art.
539 1224 621 1258 384,
643 1222 686 1250 uti
711 1221 858 1250 contendit
879 1220 1122 1256 &mmmmm
1144 1221 1194 1248 sed
1217 1221 1353 1255 quoniam
1375 1221 1444 1250 vivo
1469 1221 1590 1256 marito,
1612 1220 1641 1249 in
1661 1220 1756 1250 omnia
1776 1221 1839 1258 ejus

327 1275 391 1311 jura
408 1273 603 1302 educationem
619 1273 776 1308 spectantia
792 1271 933 1300 succedit.
974 1271 1079 1299 Procul
1097 1271 1184 1307 igitur
1200 1271 1359 1307 absumus,
1374 1278 1406 1300 ut
1421 1280 1485 1300 cum
1503 1271 1675 1300 Proudhono
1693 1271 1842 1301 usumfru-

330 1332 408 1354 ctum
425 1326 544 1354 durante
559 1324 712 1353 Absentiae
736 1322 949 1358 praesumtione
968 1322 1040 1350 hanc
1065 1322 1103 1350 ob
1126 1330 1256 1351 caussam
1272 1322 1466 1358 denegandum
1490 1329 1642 1358 putemus,
1660 1323 1740 1358 quod
1757 1330 1844 1352 usus·

331 1376 468 1411 fructus,
494 1376 630 1411 quamdiu
657 1374 868 1403 matrimonium
888 1374 1016 1403 nondum
1041 1373 1214 1402 dissolutum
1240 1379 1302 1409 est⁷
1325 1373 1421 1402 haberi
1439 1379 1538 1410 posset
1563 1381 1616 1410 pro
1631 1373 1694 1410 jure
1717 1374 1844 1409 quoiam

332 1427 388 1456 soli
416 1435 557 1463 personae
584 1425 674 1462 patris
702 1425 882 1461 inhaerente,
914 1425 1050 1460 quodque
1076 1423 1118 1452 sic
1143 1424 1176 1452 ad
1205 1424 1362 1453 Absentiae
1385 1425 1602 1453 declarationem
1625 1424 1763 1454 intactum
1785 1433 1845 1454 ma-

330 1485 397 1507 nere
415 1478 528 1506 deberet
538 1486 552 1513 v3,
582 1484 678 1505 nonne
702 1476 774 1505 enim
801 1476 872 1505 idem
898 1477 931 1504 de
955 1475 1046 1511 patria
1070 1482 1212 1511 potestate
1233 1482 1260 1503 et
1282 1476 1346 1512 jure
1368 1475 1548 1504 educationis
1571 1475 1627 1504 dici
1649 1476 1772 1512 posset?
1799 1476 1848 1505 illa

332 1528 405 1556 enim
435 1527 591 1555 auctoritas
617 1527 751 1562 specialis
784 1527 867 1555 uxori
896 1535 956 1556 non
987 1526 1127 1562 competit
1155 1526 1274 1555 durante
1301 1526 1487 1555 matrimonio
1508 1533 1570 1555 art.
1589 1534 1675 1563 373.,
1704 1531 1844 1555 et·tamen

333 1579 427 1609 eadem
452 1578 508 1614 jam
535 1577 704 1606 conceditur
737 1578 818 1606 matri
853 1584 915 1607 art.
934 1586 1018 1615 14¹*
1051 1577 1110 1605 imo
1141 1576 1355 1605 usumfructum
1383 1577 1460 1606 hunc
1481 1585 1541 1606 non
1563 1584 1618 1604 tam
1640 1581 1778 1610 personae
1800 1583 1850 1612 pa-

334 1629 386 1671 tris
413 1629 574 1662 inhaerere,
603 1637 685 1663 quam
710 1637 848 1665 personae
871 1627 1036 1657 alterutrius
1061 1628 1237 1663 conjugum,
1267 1628 1318 1661 qui
1349 1625 1501 1654 liberorum
1528 1625 1691 1654 educationi
1720 1627 1850 1662 quando·
1893 1634 1910 1646 2·

336 1688 392 1715 que
416 1679 539 1715 praesit,
561 1679 704 1708 evincitur
727 1687 761 1708 cx
785 1685 847 1708 art.
872 1679 937 1714 384.
960 1685 990 1706 ¹et
1013 1678 1088 1714 386,
1110 1686 1144 1706 ex
1168 1685 1228 1712 quo
1245 1677 1276 1713 j.
1300 1683 1362 1706 art.
1391 1684 1455 1714 302.
1479 1676 1596 1714 insuper
1613 1682 1748 1713 apparet,
1765 1677 1848 1706 etiam

339 1731 406 1758 vivo
423 1736 501 1765 patre
518 1729 732 1759 usumfructum
749 1730 783 1759 ad
798 1736 912 1758 matrem
928 1729 1067 1766 pertinere
1082 1737 1180 1765 posse.
1209 1727 1292 1756 Licet
1308 1734 1400 1757 autem
1418 1729 1501 1756 matri
1520 1727 1731 1756 usumfructum
1747 1728 1852 1758 duran-

342 1787 370 1808 te
386 1781 474 1816 prima
491 1781 646 1809 Absenti-ae
666 1782 784 1817 periodo
808 1781 935 1810 nondum
959 1780 1096 1810 concedat
1119 1779 1328 1815 Proadhonus,
1349 1785 1441 1808 tamen
1464 1785 1532 1815 post
1555 1779 1722 1807 declaratam
1740 1779 1851 1809 Absen-

344 1833 412 1861 tiam
436 1832 519 1860 uxori
545 1831 640 1859 efficax
663 1832 816 1860 remedium
839 1831 869 1860 in
894 1838 1012 1868 promtu
1038 1839 1100 1859 esse
1124 1831 1290 1865 contendit,
1319 1837 1350 1858 ut
1372 1830 1428 1859 sibi
1454 1830 1530 1859 hunc
1552 1829 1765 1859 usumfructum
1789 1831 1852 1859 vin·

340 1884 436 1917 ‹licet3
461 1882 571 1911 scilicet
595 1891 660 1910 cum
693 1890 808 1912 mortuo
826 1889 906 1920 patre
920 1882 967 1911 ille
983 1882 1170 1911 ususfructus
1187 1882 1314 1918 legitime
1336 1888 1480 1918 competat
1505 1881 1589 1910 matri
1612 1881 1762 1916 superstiti
1785 1887 1847 1910 art.

340 1935 426 1971 394„
453 1933 495 1962 sic
524 1934 681 1962 secundum
716 1940 778 1962 art.
804 1942 864 1970 123.
895 1933 951 1962 hoc
981 1941 1065 1962 suum
1093 1934 1142 1970 jus
1168 1933 1380 1969 praesumtione
1406 1933 1508 1961 mortis
1531 1933 1560 1961 iu
1583 1932 1642 1961 dies
1667 1932 1856 1961 invalescente

344 1984 438 2012 nitens
460 1985 557 2013 eodem
581 1985 645 2021 jure
669 1991 762 2020 petere
787 1991 887 2021 posset
911 1993 1004 2021 uxor,
1025 1993 1056 2014 ac
1086 1985 1308 2015 successoribus
1331 1984 1366 2013 ab
1389 1984 1527 2014 intestato
1552 1982 1702 2012 heredibus
1725 1989 1752 2012 et
1775 1982 1854 2012 simi-

977 2030 986 2045 ⁴
1827 2033 1860 2061 li-
