1913 2417
188 210 230 237 ω
388 228 391 231 ,
454 201 498 234 G.
556 200 776 233 GROEN
832 206 932 229 van
990 190 1418 230 PRINSTERER

194 285 314 316 suerint.
353 286 418 315 Nos
439 286 528 324 igitur
549 286 579 314 id
605 286 639 314 de
663 283 797 313 omnibus
819 284 944 318 ὑπηκόοις
965 283 1058 312 valere
1081 282 1286 313 existimamus.
1326 281 1369 310 De
1389 281 1559 317 κληρουχίαις
1583 281 1703 317 quidem

191 337 318 367 dubitari
343 337 391 366 vix
415 343 533 373 potest,
555 335 690 372 quoniam
704 355 714 370 ‚
736 335 761 363 si
778 335 904 363 instituti
926 335 1062 364 rationem
1089 335 1320 367 consideramus,
1342 339 1473 361 constare
1495 333 1622 367 videtur,
1651 339 1703 360 eas>

194 397 262 418 cum
281 388 508 417 Atheniensibus
532 387 570 415 ita
592 385 684 415 fuisse
707 386 897 422 conjunctas,
920 393 953 414 ut
976 386 1022 422 jus
1043 386 1176 414 civivatis
1204 386 1382 414 Athenarum>
1399 384 1562 412 retinerent.
1603 383 1701 420 Cujus

195 445 255 468 erat
276 447 479 474 consequens,
511 443 543 466 ut
568 445 610 466 res
636 437 765 473 ipsorum
794 437 829 464 ab
860 437 1078 465 Atheniensium
1101 437 1214 472 populo
1244 435 1487 472 dijudicarentur:
1518 434 1708 470 quamobrem-

196 490 269 518 hanc
297 489 533 518 consuetudinem
565 493 676 516 tantum
708 486 802 515 aberat
828 492 861 516 ut
885 488 1004 515 moleste
1033 486 1156 522 ferrent,
1187 494 1219 515 ut
1252 487 1352 522 poti-us
1391 494 1446 515 eam
1472 488 1519 522 jus
1554 485 1700 521 quoddam

199 549 285 570 suum
318 548 380 568 esse
407 539 601 568 existimarent
632 538 713 574 (x).
768 538 813 566 Ex
844 538 1015 573 quibusdam
1049 537 1122 565 locis
1153 545 1247 566 autem
1276 536 1414 565 orationis
1448 537 1636 572 Antiphontis
1669 537 1703 567 de

197 591 281 619 caede
304 590 427 618 Herodis
458 596 593 626 apparet,
624 596 688 617 cum
713 591 873 629 κληρούχους
898 588 927 617 in
946 588 1074 618 insulam
1099 587 1215 616 Lesbon
1241 587 1365 622 missos,
1395 595 1456 616 tum
1481 594 1591 616 veteres
1614 587 1704 624 hujus

197 640 309 670 insulae
335 641 468 676 incolas,
498 641 628 670 Athenas
654 641 687 669 ad
716 639 886 668 dirimendas
909 628 1121 668 controversias
1151 638 1296 674 proficisci
1325 638 1478 667 debuisse:
1507 639 1586 674 quod
1613 646 1707 666 exem-

196 693 297 729 plum,
321 700 493 727 quamquam
514 699 548 720 ex
569 691 645 719 bello
670 690 915 726 Peloponnesiaco
941 690 1125 724 desumtum‚
1147 689 1337 718 nihilominus
1360 689 1484 718 indicare
1508 689 1707 718 videturtem-

199 742 399 779 poribus'iIs,
421 750 493 778 quae
516 742 768 778 disputatiuncula
786 747 886 771 nostra
909 740 1127 776 complecti-tur,
1156 740 1324 778 idemjuris
1345 738 1448 770 fuisset
1489 739 1628 770 Colonias
1652 747 1706 769 cur

198 794 395 829 excipiamus,
417 793 494 822 nulla
519 800 605 821 causa
627 798 683 821 est.

241 844 285 873 2⁰.
322 844 411 881 Quod
434 843 459 872 si
486 850 653 880 quaeratur,
683 852 820 880 quaenam
850 844 1002 874 sociorum
1029 845 1243 874 controversiae
1269 843 1392 873 Athenis
1424 843 1619 880 dijudicandae
1646 841 1712 873 fue-

199 895 277 930 rint,
299 901 429 923 accurate
448 895 613 930 responderi
632 895 746 930 nequit.
785 895 919 924 Fortasse
948 904 1006 924 non
1038 896 1114 931 apud
1140 903 1240 923 omnes
1270 903 1328 923 uno
1362 895 1518 929 eodemque
1542 894 1628 922 modo
1651 894 1708 922 fuit

199 944 412 974 constitutum:
436 953 526 981 quum
546 945 637 981 igitur
654 946 687 973 de
705 945 829 981 singulis
853 954 911 974 non
925 946 1008 973 liceat
1030 953 1190 981 exponere,
1211 946 1245 974 de
1261 945 1403 973 universis
1425 953 1514 981 pauca
1531 952 1709 974 moneamus.

197 995 245 1026 Ex
268 995 303 1023 iis
332 1004 406 1030 quae
429 996 463 1023 de
485 995 642 1031 αὐτονόμοις
664 995 791 1024 diximus
815 1002 894 1031 patet
925 996 1053 1029 ὑπηκόους
1078 1002 1176 1030 certe,
1203 996 1229 1023 si
1254 1004 1310 1030 qua
1334 996 1407 1023 inter
1451 995 1582 1023 civitates
1605 995 1642 1022 lis
1662 1003 1710 1023 ex-

199 1046 347 1080 stitisset,
373 1053 406 1074 ea
433 1045 467 1074 de
498 1054 527 1073 re
557 1046 593 1074 ad
621 1045 810 1074 Athenienses
841 1045 965 1074 arbitros
999 1051 1050 1074 aut
1080 1046 1190 1082 judices
1226 1045 1329 1074 reierre
1362 1044 1508 1073 debuisse.
1559 1045 1711 1074 Caeterum

200 1096 393 1128 Athenienses
423 1096 533 1133 J‘udicia
560 1095 770 1125 distribuebant
805 1096 836 1124 in
866 1096 1003 1132 publica,
1033 1097 1172 1134 (γραφὶς
1183 1097 1205 1132 )4
1231 1103 1258 1124 et
1287 1096 1400 1132 privata
1424 1095 1565 1132 (δικὰς)ε
1594 1095 1711 1131 publiea

202 1155 302 1183 erant,
322 1156 395 1183 quae
419 1147 510 1183 ipsam
535 1146 740 1183 rempublicam
766 1146 954 1183 spectabant,
983 1155 1157 1183 quamquam
1184 1147 1219 1176 ad
1249 1147 1304 1176 hoc
1329 1154 1420 1183 genus
1447 1147 1536 1175 multa
1561 1148 1648 1175 relata
1669 1146 1713 1176 vi-

201 1200 321 1233 demus,
350 1206 441 1234 quae,
470 1203 501 1226 ut
522 1204 623 1226 nostra
658 1198 838 1227 consuetudo
873 1197 948 1233 fert,
976 1198 1066 1235 magis
1101 1199 1136 1226 ad
1168 1199 1299 1234 privatos
1322 1198 1454 1227 homines
1488 1198 1627 1234 pertinere
1650 1197 1716 1234 quis

202 1250 324 1280 dixerit:
346 1248 569 1279 numerabantur
593 1247 722 1277 enimin
745 1248 781 1276 iis
806 1248 955 1284 pleraeque
976 1248 1081 1285 capitis
1109 1256 1229 1284 causae,
1256 1249 1374 1278 crimina
1403 1248 1574 1285 impietatis,
1603 1255 1715 1278 morum

199 1301 380 1337 corruptelae
409 1307 465 1328 etc.
497 1300 575 1336 (2).
623 1298 757 1327 Publicae
786 1305 878 1328 autem
906 1308 1038 1334 causae‚.
1056 1299 1113 1328 nisi
1144 1308 1262 1334 omnes,
1289 1305 1320 1328 at
1349 1300 1500 1336 pleraeque
1529 1306 1604 1328 certe
1624 1300 1716 1328 Athe-

207 1351 350 1381 niensium
371 1349 484 1387 judicio
509 1349 774 1378 committebantur.
814 1348 912 1377 Morte
937 1350 1056 1384 quidem*
1077 1350 1206 1378 damnare
1226 1350 1357 1384 aliquem·
1380 1350 1455 1378 nulli
1479 1350 1623 1387 subjectae
1643 1351 1717 1378 civr-

205 1402 259 1429 tati
279 1401 380 1436 licere,
410 1399 525 1428 disertis
548 1399 646 1426 verbis*
664 1398 816 1433 Antiphon
841 1398 911 1425 dicit
939 1398 1025 1434 (3);
1050 1399 1128 1433 quod
1149 1398 1300 1433 probabile
1327 1406 1393 1431 est,
1421 1399 1504 1426 etiam
1530 1400 1564 1425 de
1585 1399 1719 1434 tempori-

205 1451 264 1481 bus
285 1451 404 1485 valere,
428 1457 503 1485 quae
523 1449 625 1477 bellum
654 1446 928 1483 Peloponnesiacum
961 1454 1188 1476 antecesserunt.
1229 1447 1274 1475 Ex
1302 1447 1396 1474 eadem
1429 1447 1620 1482 Antiphontis
1651 1457 1714 1477 ora-

205 1502 284 1530 tione
304 1507 443 1537 apparet,
462 1499 579 1534 socios,
601 1505 752 1534 antequam
777 1506 840 1526 reus
856 1498 985 1526 Athenas
1009 1498 1192 1532 mitteretur,
1218 1497 1415 1533 quaestionem
1447 1498 1717 1534 interrogationem-

206 1560 264 1588 que
286 1551 439 1581 instituere.
457 1550 562 1579 solitos
585 1549 676 1578 fuisse
699 1550 783 1586 (4),
807 1549 885 1584 quod
905 1549 940 1577 in
959 1549 1096 1578 omnibus
1117 1549 1215 1582 causis¹
1236 1548 1343 1577 factum
1371 1555 1435 1576 esse
1445 1567 1462 1582 ‚⁷
1479 1549 1632 1578 verisimile
1654 1557 1717 1587 est,

204 1609 239 1631 ut
257 1610 300 1630 res
324 1601 413 1629 citius
433 1607 462 1629 et
483 1601 587 1629 melius
606 1599 728 1628 Athenis
748 1599 975 1636 [conficerentur.
1017 1600 1128 1628 Privata
1156 1599 1263 1636 judicia
1287 1607 1346 1628 non
1375 1598 1471 1627 omnia
1502 1599 1624 1629 Athenis
1643 1601 1719 1638 diJ'u.

203 1653 296 1681 dicata
318 1651 508 1679 arbitramur:
528 1651 599 1686 quid
622 1650 701 1678 enim
717 1649 857 1683 stultius,
888 1658 1001 1685 quam„
1026 1650 1051 1679 si
1075 1650 1108 1678 de
1127 1649 1260 1685 pauculis
1284 1650 1410 1678 nummis
1432 1656 1583 1685 ageretur,
1605 1653 1716 1688 magnis

203 1703 351 1732 sumtibus
388 1703 506 1738 longum
540 1701 591 1729 iter
628 1701 663 1729 ad
696 1701 772 1728 litem
813 1699 995 1728 dirimendam
1029 1700 1199 1736 suscipere!
1238 1701 1422 1736 quamobrem
1457 1700 1556 1736 potius
1593 1702 1720 1731 adsenti-

207 1762 272 1782 mur
298 1753 353 1788 iis,
384 1753 434 1788 qui
465 1752 649 1786 existimant,
678 1759 816 1779 summam
852 1751 1039 1779 constitutam
1069 1751 1178 1785 fuisse,
1208 1759 1291 1787 quam
1315 1751 1455 1786 pecunia,
1483 1751 1517 1779 de
1540 1760 1596 1786 qua
1617 1754 1717 1789 ageba.

206 1810 273 1840 tur,
301 1812 361 1833 non
387 1809 560 1841 superante,
587 1809 643 1831 rem
672 1810 687 1830 a
712 1801 801 1830 sociis
831 1801 983 1838 dijudicari
1013 1802 1110 1831 liceret
1138 1801 1219 1839 (5).
1274 1801 1425 1831 Caeterum
1458 1801 1647 1832 Athenienses
1669 1813 1719 1834 so·

1664 1863 1726 1885 Clo·

235 1937 292 1966 (ι)
313 1938 365 1959 Vld.
385 1936 466 1958 Beck».
484 1935 575 1958 ειιιιεὴ.
596 1936 617 1958 d.
634 1936 685 1957 auu
710 1939 718 1955 r
732 1935 760 1956 B·
781 1941 801 1960 ρ.
816 1934 875 1963 464,
894 1935 933 1963 qul
955 1936 984 1958 de
1007 1932 1178 1964 κληρουχίαις
1199 1935 1246 1963 egit
1265 1934 1448 1962 diligentissime,
1470 1935 1528 1958 hid.
1550 1943 1574 1964 p.
1588 1942 1629 1963 ⁴⁵⁵
1638 1940 1719 1964 ·⁴63.

235 1979 248 2006 (
261 1986 273 2001 2
312 1978 363 2002 vu.
381 1977 518 2001 Heus-zius,
537 1977 602 1997 ldet‘n
624 1982 667 1997 etc,
691 1977 707 1996 l.
723 1975 798 1997 Tbeil.
822 1981 840 1998 ι.
856 1977 956 1998 Abtheil.
979 1983 1002 2003 p.
1017 1976 1058 2001 3²8
1079 1982 1128 2004 sqq.
1715 1977 1720 1980 '

232 2025 289 2052 (³)
306 2024 436 2049 Λωῐριοπ,
452 2025 479 2044 de
499 2024 568 2044 caede
589 2022 686 2044 Herodis
707 2029 728 2049 p.
741 2026 792 2048 7²7.
813 2017 892 2044 οὐδενὶ
913 2018 989 2044 πόλει
1008 2016 1094 2049 ’ἑξεςιν
1113 2018 1171 2043 ἄνευ
1195 2016 1329 2044 Ἀθηναίων
1348 2017 1437 2043 οὒὲένκ
1462 2019 1559 2050 flavino
1585 2020 1721 2052 ζημιῦσιι.

233 2064 286 2093 (4,
303 2064 416 2090 Anaphen
426 2079 434 2090 ,
449 2066 477 2086 de
495 2065 562 2086 caede
581 2064 634 2085 ller.
655 2070 679 2091 p.
692 2069 733 2091 7¹9
748 2069 797 2090 sqq.
957 2062 1009 2091 (5)
1028 2062 1080 2085 Vid-
1095 2061 1179 2085 Μεθ’.
1196 2064 1291 2086 staatsh.
1307 2065 1347 2086 der
1362 2063 1478 2090 Athena,
1495 2069 1514 2086 ι.
1529 2063 1598 2087 Band-
1618 2073 1643 2093 p.
1657 2071 1713 2096 ⁴³0³
