1913 2417
309 184 343 218 14
643 181 1471 221 P.·J.'UYLENBROEK

344 260 421 292 Hinc
441 262 593 300 sequitur:

354 314 397 344 1⁰.
420 315 551 344 Fundum
575 315 650 344 vasis
675 323 806 351 pressum
823 315 857 344 iri
879 317 1004 353 pondere
1026 317 1177 347 columnae
1200 326 1312 355 aquae,
1339 319 1425 357 cujus
1451 318 1529 348 basis
1553 325 1597 348 est
1622 326 1684 348 area
1705 306 1808 354 fundi,

307 365 433 395 altitudo
457 375 524 395 vero
547 366 669 394 altitudo
688 368 721 394 in
740 377 778 395 =
796 375 837 397 sr.

349 416 393 445 20.
417 416 591 452 operculum
614 418 791 453 pressionem
817 427 970 455 passurum
994 428 1056 461 esse
1075 421 1226 450 columnae
1247 429 1355 457 aquae,
1378 423 1462 459 qu'us
1487 421 1563 451 basis
1585 428 1629 451 est
1652 430 1713 451 area
1731 429 1816 458 oper-

315 467 395 500 culi,
417 467 540 496 altitudo
567 476 633 497 vero
658 474 690 497 tr
713 470 840 505 aequalis
865 470 1126 507 altitudini‘aquae
1149 473 1288 508 operculo
1310 473 1516 502 incumbentis.

348 518 480 554 Denique
496 520 725 555 unumquodque
749 522 824 550 latus
845 522 962 557 pondus
979 529 1204 552 sustentaturum
1230 524 1379 553 columnae
1403 533 1491 560 aquae
1518 530 1668 553 contentae
1691 523 1720 552 in
1737 523 1812 560 pris·

313 576 388 598 mate
415 570 603 607 triangulari,
629 572 715 608 cujus
739 572 860 601 altitudo
888 578 933 600 est
953 573 1074 602 altitudo
1096 581 1185 609 aquae
1205 583 1236 604 νς
1259 584 1296 602 =
1317 576 1369 611 in,
1397 575 1475 603 basis
1499 583 1565 604 vero
1586 580 1700 604 constat
1722 570 1813 610 parul-

308 621 513 657 lelogrammo,
541 622 625 660 cujus
648 623 767 652 alterurn
790 623 866 651 latus
890 629 934 652 est
962 623 1108 653 altitudini
1131 633 1223 661 aquae
1255 627 1307 662 in,
1337 626 1456 655 alterum
1480 626 1561 655 vasis
1589 625 1761 662 longitudini
1783 625 1814 653 ih

305 674 430 708 aequale.

348 723 429 762 Quae
454 724 478 752 si
494 724 680 754 conferantur
695 734 761 754 cum
781 726 980 755 demonstratis
1002 727 1032 755 in
1052 727 1082 763 §-
1101 727 1152 763 20,
1171 727 1331 764 patebitgex
1352 728 1471 757 veritate
1487 736 1542 756 nos
1560 727 1715 764 posuisse,
1737 734 1815 763 pres-

313 775 425 804 sionem
443 784 535 812 aquae
561 777 591 805 in
615 777 734 812 parietes
756 777 885 806 internos
909 779 1008 814 vasis,
1035 785 1135 815 aperto
1158 779 1321 815 foramine,
1341 787 1462 816 prorsus
1486 787 1549 808 esse
1572 779 1714 815 aequalem
1738 786 1818 815 pres·

308 825 385 855 sioni
407 835 497 863 aquae
521 828 551 857 in
576 828 698 865 parietes
724 835 880 865 externos,
901 829 1002 858 clauso
1025 829 1173 860 foramine.

511 981 665 1018 Quaenam
686 987 728 1009 est
743 984 852 1020 pressio
872 983 904 1010 in
922 984 1050 1021 parietes
1070 990 1202 1012 aeternos
1222 983 1316 1019 vasis,
1339 990 1438 1022 aperto
1451 984 1627 1020 foramine?

349 1055 477 1085 Tandem
502 1053 707 1084 consideranda
730 1055 816 1084 nobis
838 1057 918 1085 venit
937 1057 1048 1093 pressio
1067 1066 1156 1093 aquae
1179 1057 1209 1085 in
1226 1057 1346 1092 parietes
1374 1064 1524 1094 externos,
1547 1056 1685 1086 foramine
1706 1065 1819 1094 aperto.

346 1108 424 1137 Cum
453 1115 501 1136 vas
524 1107 558 1135 ad
578 1107 714 1142 eandess13
742 1106 817 1135 infra
847 1116 937 1144 aquae
962 1107 1162 1144 superficiem,
1184 1108 1364 1137 altitudinem
1394 1114 1535 1144 remanet,
1571 1116 1731 1147 omnesque
1755 1109 1819 1146 ejus

311 1159 453 1195 parietes,
475 1166 549 1194 quae
573 1164 763 1194 premuntur,
786 1164 863 1187 statu
888 1167 946 1187 non
970 1165 1137 1195 mutantur,
1158 1168 1209 1195 per
1230 1168 1261 1188 se
1284 1166 1382 1196 patet,
1402 1159 1581 1196 pressionem
1604 1167 1693 1195 aquae
1717 1157 1747 1188 in
1769 1168 1820 1189 eos

313 1209 414 1238 mutari
442 1218 502 1238 non
531 1218 640 1246 posse,
670 1210 719 1238 sed
743 1210 857 1238 eandem
883 1209 980 1239 itidem
1007 1210 1084 1239 illam
1116 1218 1198 1246 esse,
1226 1218 1300 1247 quae
1333 1210 1390 1239 fuit
1420 1218 1484 1240 ante
1516 1218 1644 1247 apertum
1674 1211 1825 1255 foramen,

312 1268 457 1296 quamque
481 1268 569 1297 supra
589 1262 620 1298 5.
640 1260 684 1290 20.
706 1261 907 1291 indicavimus.
949 1261 1095 1300 Quaedam
1118 1268 1212 1290 tamen
1235 1262 1389 1291 difficultas
1414 1271 1468 1299 pro
1492 1261 1599 1298 pariete
1618 1262 1746 1292 foramen
1774 1270 1824 1300 ge-

311 1318 409 1346 rente,
437 1319 578 1340 remanere
602 1311 716 1347 possit,
738 1320 822 1347 quam
845 1313 1000 1348 tollamus,
1022 1321 1137 1341 necesse
1162 1320 1217 1342 est.
1260 1313 1377 1343 Scilicet
1402 1314 1506 1342 stricto
1528 1322 1614 1343 sensu
1636 1322 1733 1343 verum
1756 1319 1821 1349 est,

310 1362 446 1400 parietem
469 1361 517 1390 cui
538 1361 664 1390 foramen
693 1368 736 1390 est
765 1362 928 1399 inflictum,
955 1372 1012 1392 non
1037 1365 1150 1393 eandem
1178 1371 1266 1400 atque
1291 1371 1394 1399 antea,
1418 1371 1598 1400 experturum
1621 1372 1683 1394 esse
1697 1363 1824 1400 pressio-

309 1421 393 1448 nem,
423 1412 532 1450 quippe
558 1412 609 1448 qui
635 1412 727 1449 paries
763 1413 903 1444 foramine
926 1415 982 1452 jam
1014 1415 1196 1451 instructus,
1235 1425 1294 1445 non
1327 1416 1398 1445 idem
1430 1416 1478 1444 ilie
1508 1423 1554 1444 est
1580 1424 1667 1451 atque
1694 1415 1821 1450 integer,

311 1464 408 1500 qualis
433 1470 498 1492 ante
519 1464 630 1500 plagam
655 1471 799 1500 acceptam
824 1472 896 1494 erat.
943 1467 982 1494 At
1008 1474 1075 1493 vero
1100 1467 1169 1494 licet
1191 1467 1238 1493 illa
1264 1467 1380 1500 parietis
1403 1472 1486 1498 pars,
1515 1471 1588 1499 quae
1613 1463 1670 1501 jam
1696 1463 1822 1494 foramen

308 1514 484 1551 constituit,
511 1515 618 1543 nullam
651 1515 811 1551 experiatur
835 1516 870 1544 ab
906 1523 979 1551 aqua
1003 1516 1202 1551 pressionem,
1233 1515 1306 1544 nihil
1331 1522 1424 1542 tamen
1450 1513 1516 1542 inde
1537 1514 1697 1543 detrimenti
1717 1515 1823 1552 accipit

309 1572 459 1602 superstes
487 1565 603 1602 parietis
628 1574 715 1602 pars,
747 1566 776 1595 in
802 1575 886 1602 quam
918 1574 991 1602 aqua
1015 1567 1111 1595 eolem
1137 1567 1223 1596 modo
1248 1573 1335 1602 atque
1361 1572 1444 1600 ante,
1474 1565 1649 1601 pressionem
1673 1574 1751 1595 suam
1775 1574 1824 1596 ex·

310 1614 390 1644 serit.
429 1617 530 1653 Itaque
552 1625 617 1645 cum
646 1625 766 1653 parvum
793 1616 832 1645 sit
865 1617 1013 1653 foramen,
1036 1626 1120 1653 parva
1146 1617 1199 1646 crit
1227 1617 1300 1646 inter
1324 1617 1394 1645 duas
1417 1616 1480 1644 illas
1504 1617 1669 1659 pressiones
1693 1615 1824 1646 differen-

310 1666 370 1701 tia,
402 1673 476 1702 quae
499 1667 611 1702 quidem
635 1676 669 1696 eo
690 1668 784 1697 minor
804 1668 877 1704 erit,
906 1676 966 1704 quo
993 1669 1089 1698 minus
1113 1659 1197 1697 suerit
1225 1668 1370 1704 foramem
1402 1668 1470 1696 adeo
1497 1673 1528 1695 ut
1550 1668 1574 1696 si
1600 1668 1656 1696 hoc
1679 1668 1715 1696 sit
1740 1668 1824 1697 mini-

311 1724 410 1754 mum,
437 1718 522 1747 etiam
551 1717 599 1746 illa
630 1718 747 1746 minima
776 1718 816 1747 sit
845 1728 988 1755 evasura,
1017 1721 1075 1749 imo
1100 1720 1206 1756 negligi
1232 1720 1334 1757 possit.
1384 1718 1519 1747 Ceterum
1542 1718 1565 1746 si
1589 1718 1716 1747 foramen
1738 1718 1823 1747 suerit

311 1769 488 1804 maximum,
508 1769 700 1804 computanda
725 1775 768 1798 est
793 1764 826 1798 eit
844 1770 904 1807 ejus
925 1771 1120 1807 magnitudine
1145 1771 1315 1808 magnitudo
1340 1769 1518 1807 messionis,
1551 1777 1635 1805 quam
1662 1769 1823 1805 experieba-

311 1825 360 1848 tur
382 1818 506 1848 frustum
539 1820 635 1849 lateris
665 1820 818 1856 ablatum3
861 1821 924 1850 dein
957 1823 1006 1851 illa
1038 1823 1184 1858 quantitas
1215 1822 1350 1851 demenda
1377 1828 1420 1850 cst
1449 1829 1575 1848 summae
1604 1821 1762 1856 pressionis
1790 1821 1820 1850 in

312 1876 423 1898 ceteros
442 1870 583 1907 parietes,
605 1877 633 1899 et
656 1871 800 1900 residuum
826 1873 879 1901 erit
902 1874 1072 1908 quaesitum.
1114 1874 1218 1902 Eadem
1242 1880 1336 1902 autem
1359 1872 1540 1901 ratiocinatio
1564 1871 1638 1900 valet
1661 1880 1717 1909 pro
1741 1879 1820 1908 pres-

312 1921 394 1950 sione
418 1927 506 1956 aquae
527 1921 672 1950 interioris
698 1922 727 1951 in
753 1923 827 1951 latus
853 1923 946 1959 illud,
967 1924 1015 1953 cui
1037 1924 1166 1954 foramen
1189 1925 1274 1954 inest.

349 1971 396 2000 Sic
421 1971 533 2007 quidem
559 1972 656 2006 omni,
685 1981 740 2007 qua
762 1973 930 2009 potuimus,
958 1983 1026 2003 cura
1049 1983 1136 2010 atquc
1164 1974 1313 2011 diligentia
1348 1974 1376 2002 in
1409 1973 1454 2001 his
1479 1979 1602 2009 quatuor
1636 1972 1821 2010 paragraphis

308 2023 459 2060 pressione
478 2029 568 2058 aquae
596 2022 722 2052 internae
744 2029 771 2052 ct
795 2032 926 2054 externae
945 2026 976 2055 in
999 2026 1121 2063 parietes
1149 2026 1226 2056 vasis
1253 2024 1345 2053 nostri
1375 2025 1576 2061 determinata,
1595 2025 1653 2062 jam

1723 2063 1754 2098 §-
1793 2069 1837 2100 5.,

1870 1704 1882 1710 ³
1871 1668 1886 1690 *⁹
1876 1530 1901 1660 ‘fidat-¹⁶15„
1876 1482 1881 1493 ”
