<?xml version="1.0" encoding="UTF-8"?>
<!DOCTYPE html PUBLIC "-//W3C//DTD XHTML 1.0 Transitional//EN"
    "http://www.w3.org/TR/xhtml1/DTD/xhtml1-transitional.dtd">
<html xmlns="http://www.w3.org/1999/xhtml" xml:lang="en" lang="en">
 <head>
  <title>
</title>
<meta http-equiv="Content-Type" content="text/html;charset=utf-8" />
  <meta name='ocr-system' content='tesseract 3.04.00' />
  <meta name='ocr-capabilities' content='ocr_page ocr_carea ocr_par ocr_line ocrx_word'/>
</head>
<body>
  <div class='ocr_page' id='page_1' title='image "annalesacademiae19rijk_0443.png"; bbox 0 0 1913 2417; ppageno 0'>
   <div class='ocr_carea' id='block_1_1' title="bbox 240 116 1617 162">
    <p class='ocr_par' dir='ltr' id='par_1_1' title="bbox 240 116 1617 162">
     <span class='ocr_line' id='line_1_1' title="bbox 240 116 1617 162; baseline 0.001 -12"><span class='ocrx_word' id='word_1_1' title='bbox 240 116 528 152; x_wconf 75' lang='lat' dir='ltr'>RESPONSIO</span> <span class='ocrx_word' id='word_1_2' title='bbox 557 127 607 150; x_wconf 81' lang='lat' dir='ltr'>AD</span> <span class='ocrx_word' id='word_1_3' title='bbox 638 118 1009 158; x_wconf 84' lang='lat' dir='ltr'>QUAESTIONEM</span> <span class='ocrx_word' id='word_1_4' title='bbox 1037 117 1476 153; x_wconf 79' lang='lat' dir='ltr'>HYDROSTATICAM.</span> <span class='ocrx_word' id='word_1_5' title='bbox 1581 125 1617 162; x_wconf 80' lang='lat'>69</span> 
     </span>
    </p>
   </div>
   <div class='ocr_carea' id='block_1_2' title="bbox 87 203 1635 1920">
    <p class='ocr_par' dir='ltr' id='par_1_2' title="bbox 95 203 1619 393">
     <span class='ocr_line' id='line_1_2' title="bbox 103 203 1618 241; baseline 0 -7"><span class='ocrx_word' id='word_1_6' title='bbox 103 211 229 235; x_wconf 83' lang='lat' dir='ltr'>mentum</span> <span class='ocrx_word' id='word_1_7' title='bbox 254 206 290 234; x_wconf 84' lang='lat' dir='ltr'>ad</span> <span class='ocrx_word' id='word_1_8' title='bbox 313 212 403 240; x_wconf 85' lang='lat' dir='ltr'>aquae</span> <span class='ocrx_word' id='word_1_9' title='bbox 425 204 644 241; x_wconf 86' lang='lat' dir='ltr'>gravitationem</span> <span class='ocrx_word' id='word_1_10' title='bbox 670 204 868 239; x_wconf 79' lang='lat' dir='ltr'>explorandam</span> <span class='ocrx_word' id='word_1_11' title='bbox 890 204 1068 234; x_wconf 77' lang='lat' dir='ltr'>instituatur.</span> <span class='ocrx_word' id='word_1_12' title='bbox 1109 203 1309 241; x_wconf 82' lang='lat' dir='ltr'>Hesselingius</span> <span class='ocrx_word' id='word_1_13' title='bbox 1335 204 1449 240; x_wconf 88' lang='lat' dir='ltr'>quidem</span> <span class='ocrx_word' id='word_1_14' title='bbox 1481 205 1618 234; x_wconf 83' lang='lat' dir='ltr'>statuisse</span> 
     </span>
     <span class='ocr_line' id='line_1_3' title="bbox 99 255 1618 292; baseline -0.001 -7"><span class='ocrx_word' id='word_1_15' title='bbox 99 257 233 292; x_wconf 88' lang='lat' dir='ltr'>videtur,</span> <span class='ocrx_word' id='word_1_16' title='bbox 254 257 395 292; x_wconf 81' lang='lat' dir='ltr'>Boyleum</span> <span class='ocrx_word' id='word_1_17' title='bbox 420 262 590 292; x_wconf 84' lang='lat' dir='ltr'>ceterosque</span> <span class='ocrx_word' id='word_1_18' title='bbox 615 255 806 291; x_wconf 81' lang='lat' dir='ltr'>experimento</span> <span class='ocrx_word' id='word_1_19' title='bbox 835 263 889 283; x_wconf 89' lang='lat' dir='ltr'>suo</span> <span class='ocrx_word' id='word_1_20' title='bbox 914 255 1021 283; x_wconf 87' lang='lat' dir='ltr'>directe</span> <span class='ocrx_word' id='word_1_21' title='bbox 1046 263 1147 291; x_wconf 89' lang='lat' dir='ltr'>aquam</span> <span class='ocrx_word' id='word_1_22' title='bbox 1173 256 1203 284; x_wconf 91' lang='lat' dir='ltr'>in</span> <span class='ocrx_word' id='word_1_23' title='bbox 1229 264 1300 291; x_wconf 87' lang='lat' dir='ltr'>aqua</span> <span class='ocrx_word' id='word_1_24' title='bbox 1324 256 1481 291; x_wconf 87' lang='lat' dir='ltr'>ponderare</span> <span class='ocrx_word' id='word_1_25' title='bbox 1508 255 1618 285; x_wconf 86' lang='lat' dir='ltr'>voluis-</span> 
     </span>
     <span class='ocr_line' id='line_1_4' title="bbox 100 306 1619 345; baseline 0 -9"><span class='ocrx_word' id='word_1_26' title='bbox 100 316 150 343; x_wconf 81' lang='lat' dir='ltr'>se,</span> <span class='ocrx_word' id='word_1_27' title='bbox 177 309 245 336; x_wconf 89' lang='lat' dir='ltr'>dum</span> <span class='ocrx_word' id='word_1_28' title='bbox 271 309 383 337; x_wconf 81' lang='lat' dir='ltr'>Aeneae</span> <span class='ocrx_word' id='word_1_29' title='bbox 407 307 558 343; x_wconf 76' lang='lat' dir='ltr'>perhibet,</span> <span class='ocrx_word' id='word_1_30' title='bbox 585 307 661 335; x_wconf 91' lang='lat' dir='ltr'>illam</span> <span class='ocrx_word' id='word_1_31' title='bbox 682 306 919 343; x_wconf 83' lang='lat' dir='ltr'>ponderationem</span> <span class='ocrx_word' id='word_1_32' title='bbox 952 314 1007 343; x_wconf 89' lang='lat' dir='ltr'>ope</span> <span class='ocrx_word' id='word_1_33' title='bbox 1033 307 1218 343; x_wconf 80' lang='lat' dir='ltr'>experimenti</span> <span class='ocrx_word' id='word_1_34' title='bbox 1239 306 1399 343; x_wconf 82' lang='lat' dir='ltr'>Boyleani,</span> <span class='ocrx_word' id='word_1_35' title='bbox 1426 314 1487 345; x_wconf 85' lang='lat' dir='ltr'>non</span> <span class='ocrx_word' id='word_1_36' title='bbox 1512 307 1619 336; x_wconf 76' lang='lat' dir='ltr'>directe</span> 
     </span>
     <span class='ocr_line' id='line_1_5' title="bbox 95 357 487 393; baseline -0.003 -6"><span class='ocrx_word' id='word_1_37' title='bbox 95 360 146 387; x_wconf 89' lang='lat' dir='ltr'>sed</span> <span class='ocrx_word' id='word_1_38' title='bbox 167 359 303 387; x_wconf 85' lang='lat' dir='ltr'>indirecte</span> <span class='ocrx_word' id='word_1_39' title='bbox 325 357 487 393; x_wconf 77' lang='lat' dir='ltr'>procedere.</span> 
     </span>
    </p>

    <p class='ocr_par' dir='ltr' id='par_1_3' title="bbox 96 407 1618 599">
     <span class='ocr_line' id='line_1_6' title="bbox 135 407 1618 445; baseline 0.001 -7"><span class='ocrx_word' id='word_1_40' title='bbox 135 409 179 438; x_wconf 92' lang='lat' dir='ltr'>Ut</span> <span class='ocrx_word' id='word_1_41' title='bbox 202 409 290 445; x_wconf 85' lang='lat' dir='ltr'>igitur</span> <span class='ocrx_word' id='word_1_42' title='bbox 314 408 386 436; x_wconf 87' lang='lat' dir='ltr'>hanc</span> <span class='ocrx_word' id='word_1_43' title='bbox 410 408 487 436; x_wconf 88' lang='lat' dir='ltr'>litem</span> <span class='ocrx_word' id='word_1_44' title='bbox 521 409 707 444; x_wconf 77' lang='lat' dir='ltr'>dirimamus,</span> <span class='ocrx_word' id='word_1_45' title='bbox 737 408 859 444; x_wconf 90' lang='lat' dir='ltr'>primum</span> <span class='ocrx_word' id='word_1_46' title='bbox 884 407 1085 443; x_wconf 84' lang='lat' dir='ltr'>inquirendum</span> <span class='ocrx_word' id='word_1_47' title='bbox 1116 415 1181 444; x_wconf 83' lang='lat' dir='ltr'>est,</span> <span class='ocrx_word' id='word_1_48' title='bbox 1210 419 1245 439; x_wconf 89' lang='lat' dir='ltr'>an</span> <span class='ocrx_word' id='word_1_49' title='bbox 1277 416 1399 445; x_wconf 87' lang='lat' dir='ltr'>uterque</span> <span class='ocrx_word' id='word_1_50' title='bbox 1422 419 1488 438; x_wconf 86' lang='lat' dir='ltr'>vere</span> <span class='ocrx_word' id='word_1_51' title='bbox 1511 417 1618 439; x_wconf 89' lang='lat' dir='ltr'>statue·</span> 
     </span>
     <span class='ocr_line' id='line_1_7' title="bbox 97 458 1617 495; baseline 0.001 -7"><span class='ocrx_word' id='word_1_52' title='bbox 97 460 157 495; x_wconf 80' lang='lat' dir='ltr'>rit,</span> <span class='ocrx_word' id='word_1_53' title='bbox 183 467 284 495; x_wconf 89' lang='lat' dir='ltr'>aquam</span> <span class='ocrx_word' id='word_1_54' title='bbox 314 459 344 487; x_wconf 90' lang='lat' dir='ltr'>in</span> <span class='ocrx_word' id='word_1_55' title='bbox 370 467 445 494; x_wconf 86' lang='lat' dir='ltr'>aqua</span> <span class='ocrx_word' id='word_1_56' title='bbox 470 458 607 488; x_wconf 74' lang='lat' dir='ltr'>indirecte</span> <span class='ocrx_word' id='word_1_57' title='bbox 636 460 757 488; x_wconf 85' lang='lat' dir='ltr'>bilancis</span> <span class='ocrx_word' id='word_1_58' title='bbox 789 467 845 494; x_wconf 87' lang='lat' dir='ltr'>ope</span> <span class='ocrx_word' id='word_1_59' title='bbox 878 459 1029 494; x_wconf 89' lang='lat' dir='ltr'>ponderari</span> <span class='ocrx_word' id='word_1_60' title='bbox 1059 468 1165 495; x_wconf 90' lang='lat' dir='ltr'>posse,</span> <span class='ocrx_word' id='word_1_61' title='bbox 1195 462 1216 489; x_wconf 90' lang='lat' dir='ltr'>i.</span> <span class='ocrx_word' id='word_1_62' title='bbox 1241 469 1264 490; x_wconf 91' lang='lat' dir='ltr'>e.</span> <span class='ocrx_word' id='word_1_63' title='bbox 1289 462 1392 489; x_wconf 88' lang='lat' dir='ltr'>modus</span> <span class='ocrx_word' id='word_1_64' title='bbox 1424 468 1468 489; x_wconf 88' lang='lat' dir='ltr'>est</span> <span class='ocrx_word' id='word_1_65' title='bbox 1490 461 1617 490; x_wconf 72' lang='lat' dir='ltr'>indican-</span> 
     </span>
     <span class='ocr_line' id='line_1_8' title="bbox 96 496 1618 550; baseline 0.002 -12"><span class='ocrx_word' id='word_1_66' title='bbox 96 496 172 545; x_wconf 82' lang='lat' dir='ltr'>dus,</span> <span class='ocrx_word' id='word_1_67' title='bbox 194 518 252 545; x_wconf 90' lang='lat' dir='ltr'>quo</span> <span class='ocrx_word' id='word_1_68' title='bbox 277 510 332 538; x_wconf 93' lang='lat' dir='ltr'>hoc</span> <span class='ocrx_word' id='word_1_69' title='bbox 359 509 418 537; x_wconf 88' lang='lat' dir='ltr'>fieri</span> <span class='ocrx_word' id='word_1_70' title='bbox 444 510 550 545; x_wconf 84' lang='lat' dir='ltr'>possit.</span> <span class='ocrx_word' id='word_1_71' title='bbox 596 510 667 539; x_wconf 84' lang='lat' dir='ltr'>Dein</span> <span class='ocrx_word' id='word_1_72' title='bbox 689 519 754 539; x_wconf 89' lang='lat' dir='ltr'>cum</span> <span class='ocrx_word' id='word_1_73' title='bbox 779 511 827 539; x_wconf 85' lang='lat' dir='ltr'>illa</span> <span class='ocrx_word' id='word_1_74' title='bbox 845 510 985 538; x_wconf 85' lang='lat' dir='ltr'>methodo</span> <span class='ocrx_word' id='word_1_75' title='bbox 1010 509 1213 541; x_wconf 88' lang='lat' dir='ltr'>conferendum</span> <span class='ocrx_word' id='word_1_76' title='bbox 1238 519 1281 540; x_wconf 86' lang='lat' dir='ltr'>est</span> <span class='ocrx_word' id='word_1_77' title='bbox 1297 513 1518 548; x_wconf 84' lang='lat' dir='ltr'>experimentum</span> <span class='ocrx_word' id='word_1_78' title='bbox 1540 513 1618 550; x_wconf 82' lang='lat' dir='ltr'>Boy-</span> 
     </span>
     <span class='ocr_line' id='line_1_9' title="bbox 96 560 1614 599; baseline 0.003 -10"><span class='ocrx_word' id='word_1_79' title='bbox 96 561 230 596; x_wconf 77' lang='lat' dir='ltr'>Icarium,</span> <span class='ocrx_word' id='word_1_80' title='bbox 252 569 376 596; x_wconf 83' lang='lat' dir='ltr'>quacum</span> <span class='ocrx_word' id='word_1_81' title='bbox 399 560 424 588; x_wconf 89' lang='lat' dir='ltr'>si</span> <span class='ocrx_word' id='word_1_82' title='bbox 446 568 605 597; x_wconf 78' lang='lat' dir='ltr'>congruat,</span> <span class='ocrx_word' id='word_1_83' title='bbox 627 562 656 590; x_wconf 82' lang='lat' dir='ltr'>in</span> <span class='ocrx_word' id='word_1_84' title='bbox 675 561 772 598; x_wconf 83' lang='lat' dir='ltr'>ssoylei</span> <span class='ocrx_word' id='word_1_85' title='bbox 796 561 922 589; x_wconf 82' lang='lat' dir='ltr'>favorem</span> <span class='ocrx_word' id='word_1_86' title='bbox 947 567 1047 589; x_wconf 81' lang='lat' dir='ltr'>contra</span> <span class='ocrx_word' id='word_1_87' title='bbox 1069 561 1284 599; x_wconf 81' lang='lat' dir='ltr'>Hesselingium</span> <span class='ocrx_word' id='word_1_88' title='bbox 1311 565 1484 593; x_wconf 79' lang='lat' dir='ltr'>concludere</span> <span class='ocrx_word' id='word_1_89' title='bbox 1504 564 1614 594; x_wconf 86' lang='lat' dir='ltr'>licebit.</span> 
     </span>
    </p>

    <p class='ocr_par' dir='ltr' id='par_1_4' title="bbox 94 611 1618 956">
     <span class='ocr_line' id='line_1_10' title="bbox 133 611 1615 650; baseline 0.003 -11"><span class='ocrx_word' id='word_1_90' title='bbox 133 611 235 640; x_wconf 84' lang='lat' dir='ltr'>Varias</span> <span class='ocrx_word' id='word_1_91' title='bbox 261 612 411 640; x_wconf 85' lang='lat' dir='ltr'>methodos</span> <span class='ocrx_word' id='word_1_92' title='bbox 435 621 539 647; x_wconf 86' lang='lat' dir='ltr'>aquam</span> <span class='ocrx_word' id='word_1_93' title='bbox 562 613 592 640; x_wconf 89' lang='lat' dir='ltr'>in</span> <span class='ocrx_word' id='word_1_94' title='bbox 619 621 692 648; x_wconf 85' lang='lat' dir='ltr'>aqua</span> <span class='ocrx_word' id='word_1_95' title='bbox 723 622 778 648; x_wconf 83' lang='lat' dir='ltr'>ope</span> <span class='ocrx_word' id='word_1_96' title='bbox 803 613 921 641; x_wconf 85' lang='lat' dir='ltr'>duarum</span> <span class='ocrx_word' id='word_1_97' title='bbox 946 613 1100 641; x_wconf 81' lang='lat' dir='ltr'>bilancium</span> <span class='ocrx_word' id='word_1_98' title='bbox 1125 614 1262 642; x_wconf 85' lang='lat' dir='ltr'>indirecte</span> <span class='ocrx_word' id='word_1_99' title='bbox 1291 615 1465 650; x_wconf 82' lang='lat' dir='ltr'>ponderandi</span> <span class='ocrx_word' id='word_1_100' title='bbox 1490 623 1506 643; x_wconf 90' lang='lat' dir='ltr'>a</span> <span class='ocrx_word' id='word_1_101' title='bbox 1534 615 1615 645; x_wconf 81' lang='lat' dir='ltr'>doct.</span> 
     </span>
     <span class='ocr_line' id='line_1_11' title="bbox 96 662 1618 700; baseline 0.003 -10"><span class='ocrx_word' id='word_1_102' title='bbox 96 662 208 691; x_wconf 86' lang='lat' dir='ltr'>Aeneae</span> <span class='ocrx_word' id='word_1_103' title='bbox 244 662 410 698; x_wconf 89' lang='lat' dir='ltr'>propositas</span> <span class='ocrx_word' id='word_1_104' title='bbox 444 672 515 699; x_wconf 83' lang='lat' dir='ltr'>sup.</span> <span class='ocrx_word' id='word_1_105' title='bbox 546 671 610 699; x_wconf 85' lang='lat' dir='ltr'>cap.</span> <span class='ocrx_word' id='word_1_106' title='bbox 641 664 804 692; x_wconf 84' lang='lat' dir='ltr'>retulimus.</span> <span class='ocrx_word' id='word_1_107' title='bbox 860 663 920 692; x_wconf 83' lang='lat' dir='ltr'>Has</span> <span class='ocrx_word' id='word_1_108' title='bbox 955 663 1002 692; x_wconf 87' lang='lat' dir='ltr'>hic</span> <span class='ocrx_word' id='word_1_109' title='bbox 1043 670 1186 700; x_wconf 82' lang='lat' dir='ltr'>repetere,</span> <span class='ocrx_word' id='word_1_110' title='bbox 1220 665 1368 693; x_wconf 82' lang='lat' dir='ltr'>abundans</span> <span class='ocrx_word' id='word_1_111' title='bbox 1398 672 1483 694; x_wconf 87' lang='lat' dir='ltr'>esset.</span> <span class='ocrx_word' id='word_1_112' title='bbox 1535 665 1618 694; x_wconf 81' lang='lat' dir='ltr'>Patet</span> 
     </span>
     <span class='ocr_line' id='line_1_12' title="bbox 95 713 1616 751; baseline 0.002 -9"><span class='ocrx_word' id='word_1_113' title='bbox 95 720 189 742; x_wconf 83' lang='lat' dir='ltr'>autem</span> <span class='ocrx_word' id='word_1_114' title='bbox 222 722 256 743; x_wconf 83' lang='lat' dir='ltr'>ex</span> <span class='ocrx_word' id='word_1_115' title='bbox 279 713 334 748; x_wconf 84' lang='lat' dir='ltr'>iis,</span> <span class='ocrx_word' id='word_1_116' title='bbox 362 722 456 742; x_wconf 88' lang='lat' dir='ltr'>revera</span> <span class='ocrx_word' id='word_1_117' title='bbox 482 715 533 742; x_wconf 87' lang='lat' dir='ltr'>illo</span> <span class='ocrx_word' id='word_1_118' title='bbox 564 715 688 743; x_wconf 83' lang='lat' dir='ltr'>consilio</span> <span class='ocrx_word' id='word_1_119' title='bbox 715 715 856 751; x_wconf 88' lang='lat' dir='ltr'>ejusmodi</span> <span class='ocrx_word' id='word_1_120' title='bbox 888 714 1038 742; x_wconf 85' lang='lat' dir='ltr'>methodos</span> <span class='ocrx_word' id='word_1_121' title='bbox 1069 715 1193 750; x_wconf 81' lang='lat' dir='ltr'>adesse,</span> <span class='ocrx_word' id='word_1_122' title='bbox 1223 716 1351 751; x_wconf 87' lang='lat' dir='ltr'>adeoque</span> <span class='ocrx_word' id='word_1_123' title='bbox 1384 724 1449 744; x_wconf 84' lang='lat' dir='ltr'>vere</span> <span class='ocrx_word' id='word_1_124' title='bbox 1476 717 1616 745; x_wconf 84' lang='lat' dir='ltr'>statuisse</span> 
     </span>
     <span class='ocr_line' id='line_1_13' title="bbox 95 764 1616 802; baseline 0.003 -10"><span class='ocrx_word' id='word_1_125' title='bbox 95 764 312 800; x_wconf 79' lang='lat' dir='ltr'>Hesselingium</span> <span class='ocrx_word' id='word_1_126' title='bbox 341 771 368 793; x_wconf 89' lang='lat' dir='ltr'>et</span> <span class='ocrx_word' id='word_1_127' title='bbox 399 765 527 800; x_wconf 80' lang='lat' dir='ltr'>Aeneae,</span> <span class='ocrx_word' id='word_1_128' title='bbox 556 774 661 801; x_wconf 79' lang='lat' dir='ltr'>aquam</span> <span class='ocrx_word' id='word_1_129' title='bbox 695 767 723 795; x_wconf 88' lang='lat' dir='ltr'>in</span> <span class='ocrx_word' id='word_1_130' title='bbox 759 774 831 802; x_wconf 89' lang='lat' dir='ltr'>aqua</span> <span class='ocrx_word' id='word_1_131' title='bbox 868 765 1005 794; x_wconf 90' lang='lat' dir='ltr'>indirecte</span> <span class='ocrx_word' id='word_1_132' title='bbox 1036 765 1186 800; x_wconf 83' lang='lat' dir='ltr'>ponderari</span> <span class='ocrx_word' id='word_1_133' title='bbox 1221 774 1321 801; x_wconf 78' lang='lat' dir='ltr'>posse.</span> <span class='ocrx_word' id='word_1_134' title='bbox 1366 767 1406 795; x_wconf 85' lang='lat' dir='ltr'>At</span> <span class='ocrx_word' id='word_1_135' title='bbox 1435 775 1502 795; x_wconf 88' lang='lat' dir='ltr'>vero</span> <span class='ocrx_word' id='word_1_136' title='bbox 1532 768 1616 796; x_wconf 86' lang='lat' dir='ltr'>aliam</span> 
     </span>
     <span class='ocr_line' id='line_1_14' title="bbox 95 815 1616 853; baseline 0.002 -10"><span class='ocrx_word' id='word_1_137' title='bbox 95 815 284 850; x_wconf 76' lang='lat' dir='ltr'>methodum,</span> <span class='ocrx_word' id='word_1_138' title='bbox 316 816 404 852; x_wconf 86' lang='lat' dir='ltr'>magis</span> <span class='ocrx_word' id='word_1_139' title='bbox 427 816 509 844; x_wconf 87' lang='lat' dir='ltr'>etiam</span> <span class='ocrx_word' id='word_1_140' title='bbox 534 825 599 845; x_wconf 85' lang='lat' dir='ltr'>cum</span> <span class='ocrx_word' id='word_1_141' title='bbox 625 817 691 852; x_wconf 92' lang='lat' dir='ltr'>ipso</span> <span class='ocrx_word' id='word_1_142' title='bbox 717 816 911 852; x_wconf 82' lang='lat' dir='ltr'>experimento</span> <span class='ocrx_word' id='word_1_143' title='bbox 934 816 1079 851; x_wconf 86' lang='lat' dir='ltr'>Boyleano</span> <span class='ocrx_word' id='word_1_144' title='bbox 1101 823 1325 852; x_wconf 85' lang='lat' dir='ltr'>congruentem,</span> <span class='ocrx_word' id='word_1_145' title='bbox 1354 817 1402 845; x_wconf 73' lang='lat' dir='ltr'>hir.</span> <span class='ocrx_word' id='word_1_146' title='bbox 1423 824 1546 853; x_wconf 84' lang='lat' dir='ltr'>repetere</span> <span class='ocrx_word' id='word_1_147' title='bbox 1572 818 1616 846; x_wconf 83' lang='lat' dir='ltr'>lu-</span> 
     </span>
     <span class='ocr_line' id='line_1_15' title="bbox 95 866 1615 904; baseline 0.002 -10"><span class='ocrx_word' id='word_1_148' title='bbox 95 866 161 902; x_wconf 87' lang='lat' dir='ltr'>bet;</span> <span class='ocrx_word' id='word_1_149' title='bbox 184 875 244 902; x_wconf 93' lang='lat' dir='ltr'>quo</span> <span class='ocrx_word' id='word_1_150' title='bbox 266 867 378 895; x_wconf 86' lang='lat' dir='ltr'>scilicet</span> <span class='ocrx_word' id='word_1_151' title='bbox 402 867 562 896; x_wconf 82' lang='lat' dir='ltr'>evidentius</span> <span class='ocrx_word' id='word_1_152' title='bbox 587 874 698 904; x_wconf 76' lang='lat' dir='ltr'>pateat,</span> <span class='ocrx_word' id='word_1_153' title='bbox 729 868 774 896; x_wconf 88' lang='lat' dir='ltr'>vel</span> <span class='ocrx_word' id='word_1_154' title='bbox 804 875 964 896; x_wconf 82' lang='lat' dir='ltr'>consensus</span> <span class='ocrx_word' id='word_1_155' title='bbox 986 867 1172 903; x_wconf 77' lang='lat' dir='ltr'>experimenti</span> <span class='ocrx_word' id='word_1_156' title='bbox 1195 867 1298 904; x_wconf 82' lang='lat' dir='ltr'>Boylei</span> <span class='ocrx_word' id='word_1_157' title='bbox 1319 876 1386 897; x_wconf 88' lang='lat' dir='ltr'>cum</span> <span class='ocrx_word' id='word_1_158' title='bbox 1412 869 1549 897; x_wconf 88' lang='lat' dir='ltr'>methodo</span> <span class='ocrx_word' id='word_1_159' title='bbox 1573 869 1615 899; x_wconf 85' lang='lat' dir='ltr'>in·</span> 
     </span>
     <span class='ocr_line' id='line_1_16' title="bbox 94 917 1492 956; baseline 0.004 -11"><span class='ocrx_word' id='word_1_160' title='bbox 94 917 219 953; x_wconf 85' lang='lat' dir='ltr'>directa,</span> <span class='ocrx_word' id='word_1_161' title='bbox 241 919 284 946; x_wconf 86' lang='lat' dir='ltr'>vel</span> <span class='ocrx_word' id='word_1_162' title='bbox 307 919 431 956; x_wconf 74' lang='lat' dir='ltr'>ejusdem</span> <span class='ocrx_word' id='word_1_163' title='bbox 460 919 495 948; x_wconf 91' lang='lat' dir='ltr'>ab</span> <span class='ocrx_word' id='word_1_164' title='bbox 515 919 565 947; x_wconf 74' lang='lat' dir='ltr'>iila</span> <span class='ocrx_word' id='word_1_165' title='bbox 586 919 792 955; x_wconf 64' lang='lat' dir='ltr'>discrepantia,&gt;</span> <span class='ocrx_word' id='word_1_166' title='bbox 1454 949 1455 952; x_wconf 73' lang='grc'>,</span> <span class='ocrx_word' id='word_1_167' title='bbox 1488 921 1492 923; x_wconf 65' lang='grc'><strong><em>’</em></strong></span> 
     </span>
    </p>

    <p class='ocr_par' dir='ltr' id='par_1_5' title="bbox 87 968 1635 1872">
     <span class='ocr_line' id='line_1_17' title="bbox 131 968 1618 1007; baseline 0.003 -10"><span class='ocrx_word' id='word_1_168' title='bbox 131 968 225 997; x_wconf 89' lang='lat' dir='ltr'>Omne</span> <span class='ocrx_word' id='word_1_169' title='bbox 248 978 357 1006; x_wconf 86' lang='lat' dir='ltr'>corpus</span> <span class='ocrx_word' id='word_1_170' title='bbox 379 979 451 1006; x_wconf 86' lang='lat' dir='ltr'>aqua</span> <span class='ocrx_word' id='word_1_171' title='bbox 475 971 615 1006; x_wconf 82' lang='lat' dir='ltr'>densius,</span> <span class='ocrx_word' id='word_1_172' title='bbox 644 970 751 999; x_wconf 83' lang='lat' dir='ltr'>bilanci</span> <span class='ocrx_word' id='word_1_173' title='bbox 774 971 907 1005; x_wconf 79' lang='lat' dir='ltr'>affixum,</span> <span class='ocrx_word' id='word_1_174' title='bbox 937 976 964 998; x_wconf 90' lang='lat' dir='ltr'>et</span> <span class='ocrx_word' id='word_1_175' title='bbox 987 978 1078 1006; x_wconf 87' lang='lat' dir='ltr'>aquae</span> <span class='ocrx_word' id='word_1_176' title='bbox 1100 970 1288 1006; x_wconf 76' lang='lat' dir='ltr'>immersum,</span> <span class='ocrx_word' id='word_1_177' title='bbox 1317 973 1441 1007; x_wconf 86' lang='lat' dir='ltr'>pondere</span> <span class='ocrx_word' id='word_1_178' title='bbox 1462 980 1522 1001; x_wconf 54' lang='lat' dir='ltr'>suo&gt;</span> <span class='ocrx_word' id='word_1_179' title='bbox 1545 973 1618 1001; x_wconf 74' lang='lat' dir='ltr'>rela-</span> 
     </span>
     <span class='ocr_line' id='line_1_18' title="bbox 92 1018 1615 1059; baseline 0.003 -12"><span class='ocrx_word' id='word_1_180' title='bbox 92 1018 155 1048; x_wconf 87' lang='lat' dir='ltr'>tivo</span> <span class='ocrx_word' id='word_1_181' title='bbox 177 1020 281 1048; x_wconf 87' lang='lat' dir='ltr'>directe</span> <span class='ocrx_word' id='word_1_182' title='bbox 303 1021 332 1049; x_wconf 91' lang='lat' dir='ltr'>in</span> <span class='ocrx_word' id='word_1_183' title='bbox 355 1021 494 1050; x_wconf 84' lang='lat' dir='ltr'>bilancem</span> <span class='ocrx_word' id='word_1_184' title='bbox 521 1022 589 1058; x_wconf 86' lang='lat' dir='ltr'>agit.</span> <span class='ocrx_word' id='word_1_185' title='bbox 631 1021 775 1050; x_wconf 87' lang='lat' dir='ltr'>Ponamus</span> <span class='ocrx_word' id='word_1_186' title='bbox 797 1023 852 1058; x_wconf 73' lang='lat' dir='ltr'>J&#39;am</span> <span class='ocrx_word' id='word_1_187' title='bbox 881 1021 1022 1057; x_wconf 86' lang='lat' dir='ltr'>ejusmodi</span> <span class='ocrx_word' id='word_1_188' title='bbox 1046 1029 1155 1057; x_wconf 90' lang='lat' dir='ltr'>corpus</span> <span class='ocrx_word' id='word_1_189' title='bbox 1186 1021 1352 1050; x_wconf 87' lang='lat' dir='ltr'>immersum</span> <span class='ocrx_word' id='word_1_190' title='bbox 1372 1029 1505 1052; x_wconf 79' lang='lat' dir='ltr'>constare</span> <span class='ocrx_word' id='word_1_191' title='bbox 1527 1023 1615 1059; x_wconf 81' lang='lat' dir='ltr'>parti·</span> 
     </span>
     <span class='ocr_line' id='line_1_19' title="bbox 95 1070 1616 1110; baseline 0.004 -12"><span class='ocrx_word' id='word_1_192' title='bbox 95 1070 152 1099; x_wconf 85' lang='lat' dir='ltr'>bus</span> <span class='ocrx_word' id='word_1_193' title='bbox 176 1079 250 1106; x_wconf 71' lang='lat' dir='ltr'>aqua</span> <span class='ocrx_word' id='word_1_194' title='bbox 278 1071 374 1100; x_wconf 88' lang='lat' dir='ltr'>minus</span> <span class='ocrx_word' id='word_1_195' title='bbox 397 1072 515 1107; x_wconf 77' lang='lat' dir='ltr'>densis,</span> <span class='ocrx_word' id='word_1_196' title='bbox 537 1078 565 1101; x_wconf 87' lang='lat' dir='ltr'>et</span> <span class='ocrx_word' id='word_1_197' title='bbox 589 1080 663 1108; x_wconf 87' lang='lat' dir='ltr'>aqua</span> <span class='ocrx_word' id='word_1_198' title='bbox 686 1072 889 1106; x_wconf 77' lang='lat' dir='ltr'>densioribus,</span> <span class='ocrx_word' id='word_1_199' title='bbox 918 1072 956 1100; x_wconf 89' lang='lat' dir='ltr'>ita</span> <span class='ocrx_word' id='word_1_200' title='bbox 976 1078 1087 1107; x_wconf 86' lang='lat' dir='ltr'>tamen,</span> <span class='ocrx_word' id='word_1_201' title='bbox 1115 1078 1148 1100; x_wconf 88' lang='lat' dir='ltr'>ut</span> <span class='ocrx_word' id='word_1_202' title='bbox 1169 1079 1264 1102; x_wconf 88' lang='lat' dir='ltr'>totum</span> <span class='ocrx_word' id='word_1_203' title='bbox 1289 1082 1397 1110; x_wconf 85' lang='lat' dir='ltr'>corpus</span> <span class='ocrx_word' id='word_1_204' title='bbox 1421 1082 1523 1110; x_wconf 84' lang='lat' dir='ltr'>aquam</span> <span class='ocrx_word' id='word_1_205' title='bbox 1545 1075 1616 1104; x_wconf 86' lang='lat' dir='ltr'>den-</span> 
     </span>
     <span class='ocr_line' id='line_1_20' title="bbox 92 1120 1614 1160; baseline 0.004 -12"><span class='ocrx_word' id='word_1_206' title='bbox 92 1120 180 1149; x_wconf 78' lang='lat' dir='ltr'>sitate</span> <span class='ocrx_word' id='word_1_207' title='bbox 207 1129 348 1157; x_wconf 72' lang='lat' dir='ltr'>superet,</span> <span class='ocrx_word' id='word_1_208' title='bbox 373 1128 400 1150; x_wconf 90' lang='lat' dir='ltr'>et</span> <span class='ocrx_word' id='word_1_209' title='bbox 421 1124 537 1159; x_wconf 89' lang='lat' dir='ltr'>pondus</span> <span class='ocrx_word' id='word_1_210' title='bbox 565 1124 626 1160; x_wconf 86' lang='lat' dir='ltr'>ejus</span> <span class='ocrx_word' id='word_1_211' title='bbox 649 1124 799 1152; x_wconf 87' lang='lat' dir='ltr'>relativum</span> <span class='ocrx_word' id='word_1_212' title='bbox 821 1132 835 1151; x_wconf 92' lang='lat' dir='ltr'>a</span> <span class='ocrx_word' id='word_1_213' title='bbox 863 1123 976 1151; x_wconf 76' lang='lat' dir='ltr'>bilance</span> <span class='ocrx_word' id='word_1_214' title='bbox 999 1123 1135 1151; x_wconf 74' lang='lat' dir='ltr'>sustineri</span> <span class='ocrx_word' id='word_1_215' title='bbox 1156 1123 1264 1154; x_wconf 85' lang='lat' dir='ltr'>debeat.</span> <span class='ocrx_word' id='word_1_216' title='bbox 1304 1124 1374 1153; x_wconf 84' lang='lat' dir='ltr'>Hoc</span> <span class='ocrx_word' id='word_1_217' title='bbox 1397 1125 1426 1153; x_wconf 91' lang='lat' dir='ltr'>in</span> <span class='ocrx_word' id='word_1_218' title='bbox 1454 1132 1531 1153; x_wconf 83' lang='lat' dir='ltr'>statu</span> <span class='ocrx_word' id='word_1_219' title='bbox 1551 1125 1614 1154; x_wconf 88' lang='lat' dir='ltr'>fieri</span> 
     </span>
     <span class='ocr_line' id='line_1_21' title="bbox 93 1171 1613 1214; baseline 0.004 -14"><span class='ocrx_word' id='word_1_220' title='bbox 93 1171 225 1207; x_wconf 82' lang='lat' dir='ltr'>nequit,</span> <span class='ocrx_word' id='word_1_221' title='bbox 253 1172 324 1208; x_wconf 87' lang='lat' dir='ltr'>quin</span> <span class='ocrx_word' id='word_1_222' title='bbox 350 1182 424 1209; x_wconf 91' lang='lat' dir='ltr'>aqua</span> <span class='ocrx_word' id='word_1_223' title='bbox 452 1176 605 1210; x_wconf 81' lang='lat' dir='ltr'>pressione</span> <span class='ocrx_word' id='word_1_224' title='bbox 629 1183 681 1203; x_wconf 88' lang='lat' dir='ltr'>sua</span> <span class='ocrx_word' id='word_1_225' title='bbox 711 1174 866 1210; x_wconf 82' lang='lat' dir='ltr'>particulas</span> <span class='ocrx_word' id='word_1_226' title='bbox 899 1173 996 1204; x_wconf 80' lang='lat' dir='ltr'>minus</span> <span class='ocrx_word' id='word_1_227' title='bbox 1027 1174 1129 1202; x_wconf 88' lang='lat' dir='ltr'>densas</span> <span class='ocrx_word' id='word_1_228' title='bbox 1164 1175 1299 1210; x_wconf 86' lang='lat' dir='ltr'>corporis</span> <span class='ocrx_word' id='word_1_229' title='bbox 1336 1183 1451 1204; x_wconf 89' lang='lat' dir='ltr'>sursum</span> <span class='ocrx_word' id='word_1_230' title='bbox 1484 1182 1613 1214; x_wconf 86' lang='lat' dir='ltr'>premat,</span> 
     </span>
     <span class='ocr_line' id='line_1_22' title="bbox 93 1222 1611 1262; baseline 0.004 -12"><span class='ocrx_word' id='word_1_231' title='bbox 93 1222 196 1259; x_wconf 85' lang='lat' dir='ltr'>(unde</span> <span class='ocrx_word' id='word_1_232' title='bbox 220 1223 272 1251; x_wconf 85' lang='lat' dir='ltr'>hae</span> <span class='ocrx_word' id='word_1_233' title='bbox 302 1223 332 1252; x_wconf 86' lang='lat' dir='ltr'>in</span> <span class='ocrx_word' id='word_1_234' title='bbox 361 1224 501 1253; x_wconf 88' lang='lat' dir='ltr'>bilancem</span> <span class='ocrx_word' id='word_1_235' title='bbox 528 1234 587 1255; x_wconf 91' lang='lat' dir='ltr'>non</span> <span class='ocrx_word' id='word_1_236' title='bbox 614 1226 727 1262; x_wconf 71' lang='lat' dir='ltr'>agent)</span> <span class='ocrx_word' id='word_1_237' title='bbox 759 1225 826 1254; x_wconf 89' lang='lat' dir='ltr'>dum</span> <span class='ocrx_word' id='word_1_238' title='bbox 850 1233 868 1253; x_wconf 85' lang='lat' dir='ltr'>e</span> <span class='ocrx_word' id='word_1_239' title='bbox 891 1230 992 1253; x_wconf 88' lang='lat' dir='ltr'>contra</span> <span class='ocrx_word' id='word_1_240' title='bbox 1015 1225 1149 1260; x_wconf 87' lang='lat' dir='ltr'>corporis</span> <span class='ocrx_word' id='word_1_241' title='bbox 1183 1225 1340 1261; x_wconf 84' lang='lat' dir='ltr'>particulae</span> <span class='ocrx_word' id='word_1_242' title='bbox 1363 1226 1510 1255; x_wconf 85' lang='lat' dir='ltr'>densiores</span> <span class='ocrx_word' id='word_1_243' title='bbox 1533 1227 1611 1256; x_wconf 85' lang='lat' dir='ltr'>hunc</span> 
     </span>
     <span class='ocr_line' id='line_1_23' title="bbox 93 1273 1612 1312; baseline 0.003 -10"><span class='ocrx_word' id='word_1_244' title='bbox 93 1273 189 1302; x_wconf 83' lang='lat' dir='ltr'>nisum</span> <span class='ocrx_word' id='word_1_245' title='bbox 212 1274 378 1304; x_wconf 81' lang='lat' dir='ltr'>destruunt.</span> <span class='ocrx_word' id='word_1_246' title='bbox 420 1275 501 1312; x_wconf 87' lang='lat' dir='ltr'>Quae</span> <span class='ocrx_word' id='word_1_247' title='bbox 523 1284 591 1304; x_wconf 78' lang='lat' dir='ltr'>vero</span> <span class='ocrx_word' id='word_1_248' title='bbox 622 1276 780 1311; x_wconf 82' lang='lat' dir='ltr'>particulae</span> <span class='ocrx_word' id='word_1_249' title='bbox 813 1275 960 1304; x_wconf 76' lang='lat' dir='ltr'>densiores</span> <span class='ocrx_word' id='word_1_250' title='bbox 988 1276 1095 1304; x_wconf 80' lang='lat' dir='ltr'>nullam</span> <span class='ocrx_word' id='word_1_251' title='bbox 1129 1275 1271 1305; x_wconf 82' lang='lat' dir='ltr'>actionem</span> <span class='ocrx_word' id='word_1_252' title='bbox 1301 1278 1499 1306; x_wconf 82' lang='lat' dir='ltr'>destruendam</span> <span class='ocrx_word' id='word_1_253' title='bbox 1531 1279 1612 1307; x_wconf 77' lang='lat' dir='ltr'>inve-</span> 
     </span>
     <span class='ocr_line' id='line_1_24' title="bbox 92 1324 1612 1364; baseline 0.003 -11"><span class='ocrx_word' id='word_1_254' title='bbox 92 1324 199 1360; x_wconf 87' lang='lat' dir='ltr'>niunt,</span> <span class='ocrx_word' id='word_1_255' title='bbox 227 1333 279 1353; x_wconf 73' lang='lat' dir='ltr'>nec</span> <span class='ocrx_word' id='word_1_256' title='bbox 304 1325 385 1354; x_wconf 82' lang='lat' dir='ltr'>etiam</span> <span class='ocrx_word' id='word_1_257' title='bbox 408 1333 422 1354; x_wconf 88' lang='lat' dir='ltr'>a</span> <span class='ocrx_word' id='word_1_258' title='bbox 445 1325 536 1356; x_wconf 87' lang='lat' dir='ltr'>fluido</span> <span class='ocrx_word' id='word_1_259' title='bbox 560 1334 779 1362; x_wconf 73' lang='lat' dir='ltr'>sustentantur,</span> <span class='ocrx_word' id='word_1_260' title='bbox 808 1327 861 1355; x_wconf 87' lang='lat' dir='ltr'>bae</span> <span class='ocrx_word' id='word_1_261' title='bbox 882 1326 998 1362; x_wconf 83' lang='lat' dir='ltr'>proprie</span> <span class='ocrx_word' id='word_1_262' title='bbox 1020 1326 1049 1355; x_wconf 91' lang='lat' dir='ltr'>in</span> <span class='ocrx_word' id='word_1_263' title='bbox 1077 1326 1216 1355; x_wconf 86' lang='lat' dir='ltr'>bilancem</span> <span class='ocrx_word' id='word_1_264' title='bbox 1240 1335 1347 1364; x_wconf 89' lang='lat' dir='ltr'>agunt,</span> <span class='ocrx_word' id='word_1_265' title='bbox 1375 1335 1403 1357; x_wconf 89' lang='lat' dir='ltr'>et</span> <span class='ocrx_word' id='word_1_266' title='bbox 1425 1329 1538 1364; x_wconf 87' lang='lat' dir='ltr'>quidem</span> <span class='ocrx_word' id='word_1_267' title='bbox 1568 1330 1612 1358; x_wconf 91' lang='lat' dir='ltr'>di-</span> 
     </span>
     <span class='ocr_line' id='line_1_25' title="bbox 92 1376 1610 1416; baseline 0.003 -12"><span class='ocrx_word' id='word_1_268' title='bbox 92 1382 192 1412; x_wconf 69' lang='lat' dir='ltr'>recte,</span> <span class='ocrx_word' id='word_1_269' title='bbox 222 1376 290 1413; x_wconf 77' lang='lat' dir='ltr'>haec</span> <span class='ocrx_word' id='word_1_270' title='bbox 314 1376 391 1404; x_wconf 88' lang='lat' dir='ltr'>actio</span> <span class='ocrx_word' id='word_1_271' title='bbox 416 1385 432 1410; x_wconf 83' lang='lat' dir='ltr'>a</span> <span class='ocrx_word' id='word_1_272' title='bbox 454 1377 664 1413; x_wconf 87' lang='lat' dir='ltr'>contrapondio</span> <span class='ocrx_word' id='word_1_273' title='bbox 696 1378 724 1406; x_wconf 90' lang='lat' dir='ltr'>in</span> <span class='ocrx_word' id='word_1_274' title='bbox 749 1378 860 1406; x_wconf 84' lang='lat' dir='ltr'>bilance</span> <span class='ocrx_word' id='word_1_275' title='bbox 882 1377 979 1406; x_wconf 90' lang='lat' dir='ltr'>itidem</span> <span class='ocrx_word' id='word_1_276' title='bbox 1001 1377 1170 1406; x_wconf 80' lang='lat' dir='ltr'>destruitur.</span> <span class='ocrx_word' id='word_1_277' title='bbox 1208 1378 1270 1415; x_wconf 88' lang='lat' dir='ltr'>Jam</span> <span class='ocrx_word' id='word_1_278' title='bbox 1301 1387 1392 1414; x_wconf 76' lang='lat' dir='ltr'>vero,</span> <span class='ocrx_word' id='word_1_279' title='bbox 1420 1379 1490 1414; x_wconf 89' lang='lat' dir='ltr'>quid</span> <span class='ocrx_word' id='word_1_280' title='bbox 1521 1379 1610 1416; x_wconf 88' lang='lat' dir='ltr'>impe-</span> 
     </span>
     <span class='ocr_line' id='line_1_26' title="bbox 90 1426 1609 1466; baseline 0.004 -12"><span class='ocrx_word' id='word_1_281' title='bbox 90 1426 154 1462; x_wconf 82' lang='lat' dir='ltr'>dit,</span> <span class='ocrx_word' id='word_1_282' title='bbox 182 1427 340 1462; x_wconf 87' lang='lat' dir='ltr'>quominus</span> <span class='ocrx_word' id='word_1_283' title='bbox 369 1427 439 1455; x_wconf 84' lang='lat' dir='ltr'>huic</span> <span class='ocrx_word' id='word_1_284' title='bbox 466 1429 585 1463; x_wconf 78' lang='lat' dir='ltr'>corpori</span> <span class='ocrx_word' id='word_1_285' title='bbox 615 1429 694 1456; x_wconf 82' lang='lat' dir='ltr'>aliud</span> <span class='ocrx_word' id='word_1_286' title='bbox 722 1436 832 1463; x_wconf 80' lang='lat' dir='ltr'>corpus</span> <span class='ocrx_word' id='word_1_287' title='bbox 855 1429 1053 1463; x_wconf 80' lang='lat' dir='ltr'>quodcunque</span> <span class='ocrx_word' id='word_1_288' title='bbox 1077 1429 1201 1458; x_wconf 81' lang='lat' dir='ltr'>solidum</span> <span class='ocrx_word' id='word_1_289' title='bbox 1237 1429 1280 1456; x_wconf 85' lang='lat' dir='ltr'>vel</span> <span class='ocrx_word' id='word_1_290' title='bbox 1306 1429 1426 1458; x_wconf 85' lang='lat' dir='ltr'>fluidum</span> <span class='ocrx_word' id='word_1_291' title='bbox 1451 1430 1609 1466; x_wconf 83' lang='lat' dir='ltr'>addamus,</span> 
     </span>
     <span class='ocr_line' id='line_1_27' title="bbox 92 1477 1611 1516; baseline 0.004 -11"><span class='ocrx_word' id='word_1_292' title='bbox 92 1477 155 1506; x_wconf 78' lang='lat' dir='ltr'>sive</span> <span class='ocrx_word' id='word_1_293' title='bbox 178 1477 355 1512; x_wconf 82' lang='lat' dir='ltr'>inseramus,</span> <span class='ocrx_word' id='word_1_294' title='bbox 384 1478 472 1513; x_wconf 80' lang='lat' dir='ltr'>cujus</span> <span class='ocrx_word' id='word_1_295' title='bbox 497 1487 552 1513; x_wconf 77' lang='lat' dir='ltr'>ope</span> <span class='ocrx_word' id='word_1_296' title='bbox 576 1478 659 1507; x_wconf 87' lang='lat' dir='ltr'>nisus</span> <span class='ocrx_word' id='word_1_297' title='bbox 682 1487 771 1514; x_wconf 78' lang='lat' dir='ltr'>aquae</span> <span class='ocrx_word' id='word_1_298' title='bbox 805 1487 919 1506; x_wconf 87' lang='lat' dir='ltr'>sursum</span> <span class='ocrx_word' id='word_1_299' title='bbox 946 1478 1072 1514; x_wconf 80' lang='lat' dir='ltr'>pellendi</span> <span class='ocrx_word' id='word_1_300' title='bbox 1097 1487 1204 1514; x_wconf 83' lang='lat' dir='ltr'>corpus</span> <span class='ocrx_word' id='word_1_301' title='bbox 1229 1479 1311 1507; x_wconf 88' lang='lat' dir='ltr'>etiarn</span> <span class='ocrx_word' id='word_1_302' title='bbox 1333 1480 1511 1516; x_wconf 80' lang='lat' dir='ltr'>destruitut,</span> <span class='ocrx_word' id='word_1_303' title='bbox 1537 1482 1611 1511; x_wconf 85' lang='lat' dir='ltr'>adeo</span> 
     </span>
     <span class='ocr_line' id='line_1_28' title="bbox 89 1527 1604 1568; baseline 0.005 -13"><span class='ocrx_word' id='word_1_304' title='bbox 89 1533 123 1556; x_wconf 81' lang='lat' dir='ltr'>ut</span> <span class='ocrx_word' id='word_1_305' title='bbox 152 1527 229 1556; x_wconf 87' lang='lat' dir='ltr'>actio</span> <span class='ocrx_word' id='word_1_306' title='bbox 263 1527 466 1563; x_wconf 83' lang='lat' dir='ltr'>particularum</span> <span class='ocrx_word' id='word_1_307' title='bbox 502 1529 699 1564; x_wconf 69' lang='lat' dir='ltr'>densim-um,</span> <span class='ocrx_word' id='word_1_308' title='bbox 724 1529 833 1564; x_wconf 85' lang='lat' dir='ltr'>quibus</span> <span class='ocrx_word' id='word_1_309' title='bbox 865 1537 975 1564; x_wconf 88' lang='lat' dir='ltr'>corpus</span> <span class='ocrx_word' id='word_1_310' title='bbox 1008 1535 1156 1564; x_wconf 48' lang='lat' dir='ltr'>constat,</span> <span class='ocrx_word' id='word_1_311' title='bbox 1183 1537 1241 1558; x_wconf 85' lang='lat' dir='ltr'>non</span> <span class='ocrx_word' id='word_1_312' title='bbox 1274 1531 1396 1566; x_wconf 88' lang='lat' dir='ltr'>amplius</span> <span class='ocrx_word' id='word_1_313' title='bbox 1433 1533 1604 1568; x_wconf 84' lang='lat' dir='ltr'>requiratur.</span> 
     </span>
     <span class='ocr_line' id='line_1_29' title="bbox 87 1577 1604 1615; baseline 0.004 -8"><span class='ocrx_word' id='word_1_314' title='bbox 87 1577 142 1608; x_wconf 89' lang='lat' dir='ltr'>Nil</span> <span class='ocrx_word' id='word_1_315' title='bbox 172 1586 239 1606; x_wconf 83' lang='lat' dir='ltr'>sane</span> <span class='ocrx_word' id='word_1_316' title='bbox 269 1578 386 1613; x_wconf 82' lang='lat' dir='ltr'>obstat;</span> <span class='ocrx_word' id='word_1_317' title='bbox 415 1578 465 1606; x_wconf 85' lang='lat' dir='ltr'>sed</span> <span class='ocrx_word' id='word_1_318' title='bbox 487 1578 513 1606; x_wconf 93' lang='lat' dir='ltr'>si</span> <span class='ocrx_word' id='word_1_319' title='bbox 541 1579 596 1607; x_wconf 90' lang='lat' dir='ltr'>hoc</span> <span class='ocrx_word' id='word_1_320' title='bbox 628 1579 696 1614; x_wconf 79' lang='lat' dir='ltr'>fiat,</span> <span class='ocrx_word' id='word_1_321' title='bbox 726 1579 799 1615; x_wconf 86' lang='lat' dir='ltr'>quid</span> <span class='ocrx_word' id='word_1_322' title='bbox 827 1579 892 1608; x_wconf 84' lang='lat' dir='ltr'>inde</span> <span class='ocrx_word' id='word_1_323' title='bbox 925 1580 1083 1615; x_wconf 72' lang='lat' dir='ltr'>sequetur?</span> <span class='ocrx_word' id='word_1_324' title='bbox 1124 1580 1194 1608; x_wconf 83' lang='lat' dir='ltr'>Inde</span> <span class='ocrx_word' id='word_1_325' title='bbox 1218 1580 1299 1609; x_wconf 92' lang='lat' dir='ltr'>illum</span> <span class='ocrx_word' id='word_1_326' title='bbox 1330 1581 1499 1612; x_wconf 77' lang='lat' dir='ltr'>habebimus</span> <span class='ocrx_word' id='word_1_327' title='bbox 1521 1583 1604 1613; x_wconf 86' lang='lat' dir='ltr'>effec-</span> 
     </span>
     <span class='ocr_line' id='line_1_30' title="bbox 89 1628 1604 1667; baseline 0.004 -9"><span class='ocrx_word' id='word_1_328' title='bbox 89 1636 171 1664; x_wconf 86' lang='lat' dir='ltr'>tum,</span> <span class='ocrx_word' id='word_1_329' title='bbox 193 1635 225 1656; x_wconf 92' lang='lat' dir='ltr'>ut</span> <span class='ocrx_word' id='word_1_330' title='bbox 248 1628 323 1656; x_wconf 85' lang='lat' dir='ltr'>actio</span> <span class='ocrx_word' id='word_1_331' title='bbox 349 1628 462 1657; x_wconf 88' lang='lat' dir='ltr'>illarum</span> <span class='ocrx_word' id='word_1_332' title='bbox 490 1631 692 1664; x_wconf 80' lang='lat' dir='ltr'>particularum</span> <span class='ocrx_word' id='word_1_333' title='bbox 716 1637 795 1658; x_wconf 88' lang='lat' dir='ltr'>antea</span> <span class='ocrx_word' id='word_1_334' title='bbox 819 1631 976 1665; x_wconf 73' lang='lat' dir='ltr'>requisita,</span> <span class='ocrx_word' id='word_1_335' title='bbox 1004 1639 1082 1659; x_wconf 88' lang='lat' dir='ltr'>nunc</span> <span class='ocrx_word' id='word_1_336' title='bbox 1105 1638 1174 1659; x_wconf 82' lang='lat' dir='ltr'>vero</span> <span class='ocrx_word' id='word_1_337' title='bbox 1201 1630 1371 1667; x_wconf 79' lang='lat' dir='ltr'>abundans,</span> <span class='ocrx_word' id='word_1_338' title='bbox 1400 1634 1604 1664; x_wconf 87' lang='lat' dir='ltr'>interveniente</span> 
     </span>
     <span class='ocr_line' id='line_1_31' title="bbox 88 1679 1608 1721; baseline 0.003 -11"><span class='ocrx_word' id='word_1_339' title='bbox 88 1681 145 1711; x_wconf 87' lang='lat' dir='ltr'>alio</span> <span class='ocrx_word' id='word_1_340' title='bbox 164 1687 308 1716; x_wconf 86' lang='lat' dir='ltr'>corpore,</span> <span class='ocrx_word' id='word_1_341' title='bbox 330 1679 444 1708; x_wconf 89' lang='lat' dir='ltr'>vicibus</span> <span class='ocrx_word' id='word_1_342' title='bbox 460 1681 522 1716; x_wconf 81' lang='lat' dir='ltr'>ejus</span> <span class='ocrx_word' id='word_1_343' title='bbox 541 1680 678 1717; x_wconf 82' lang='lat' dir='ltr'>fungente</span> <span class='ocrx_word' id='word_1_344' title='bbox 690 1701 706 1716; x_wconf 82' lang='lat'>‚,</span> <span class='ocrx_word' id='word_1_345' title='bbox 722 1682 815 1709; x_wconf 81' lang='lat' dir='ltr'>statim</span> <span class='ocrx_word' id='word_1_346' title='bbox 828 1701 840 1716; x_wconf 76' lang='lat'>,</span> <span class='ocrx_word' id='word_1_347' title='bbox 861 1690 925 1710; x_wconf 88' lang='lat' dir='ltr'>cum</span> <span class='ocrx_word' id='word_1_348' title='bbox 949 1682 1042 1710; x_wconf 89' lang='lat' dir='ltr'>adhuc</span> <span class='ocrx_word' id='word_1_349' title='bbox 1061 1682 1090 1710; x_wconf 85' lang='lat' dir='ltr'>&#39;m</span> <span class='ocrx_word' id='word_1_350' title='bbox 1109 1681 1247 1710; x_wconf 84' lang='lat' dir='ltr'>bilancem</span> <span class='ocrx_word' id='word_1_351' title='bbox 1269 1691 1350 1719; x_wconf 79' lang='lat' dir='ltr'>agere</span> <span class='ocrx_word' id='word_1_352' title='bbox 1374 1685 1488 1719; x_wconf 42' lang='lat' dir='ltr'>possit*⁹</span> <span class='ocrx_word' id='word_1_353' title='bbox 1507 1685 1608 1721; x_wconf 84' lang='lat' dir='ltr'>aequi·</span> 
     </span>
     <span class='ocr_line' id='line_1_32' title="bbox 87 1723 1635 1770; baseline 0.002 -8"><span class='ocrx_word' id='word_1_354' title='bbox 87 1732 203 1762; x_wconf 82' lang='lat' dir='ltr'>librium</span> <span class='ocrx_word' id='word_1_355' title='bbox 225 1731 265 1760; x_wconf 92' lang='lat' dir='ltr'>sit</span> <span class='ocrx_word' id='word_1_356' title='bbox 283 1723 482 1760; x_wconf 66' lang='lat' dir='ltr'>destructura.</span> <span class='ocrx_word' id='word_1_357' title='bbox 523 1731 571 1759; x_wconf 86' lang='lat' dir='ltr'>Sic</span> <span class='ocrx_word' id='word_1_358' title='bbox 595 1732 706 1767; x_wconf 87' lang='lat' dir='ltr'>quidem</span> <span class='ocrx_word' id='word_1_359' title='bbox 730 1741 781 1768; x_wconf 91' lang='lat' dir='ltr'>per</span> <span class='ocrx_word' id='word_1_360' title='bbox 803 1740 834 1760; x_wconf 91' lang='lat' dir='ltr'>se</span> <span class='ocrx_word' id='word_1_361' title='bbox 860 1739 887 1761; x_wconf 84' lang='lat' dir='ltr'>et</span> <span class='ocrx_word' id='word_1_362' title='bbox 910 1732 1017 1761; x_wconf 83' lang='lat' dir='ltr'>directe</span> <span class='ocrx_word' id='word_1_363' title='bbox 1039 1732 1088 1760; x_wconf 85' lang='lat' dir='ltr'>illa</span> <span class='ocrx_word' id='word_1_364' title='bbox 1119 1732 1196 1761; x_wconf 83' lang='lat' dir='ltr'>actio</span> <span class='ocrx_word' id='word_1_365' title='bbox 1227 1733 1378 1764; x_wconf 87' lang='lat' dir='ltr'>abundans</span> <span class='ocrx_word' id='word_1_366' title='bbox 1403 1736 1603 1770; x_wconf 85' lang='lat' dir='ltr'>aequilibrium</span> <span class='ocrx_word' id='word_1_367' title='bbox 1633 1751 1635 1753; x_wconf 89' lang='lat'>·</span> 
     </span>
     <span class='ocr_line' id='line_1_33' title="bbox 87 1782 1604 1819; baseline 0.003 -6"><span class='ocrx_word' id='word_1_368' title='bbox 87 1784 202 1818; x_wconf 85' lang='lat' dir='ltr'>turbat,</span> <span class='ocrx_word' id='word_1_369' title='bbox 224 1782 361 1811; x_wconf 83' lang='lat' dir='ltr'>indirecte</span> <span class='ocrx_word' id='word_1_370' title='bbox 388 1790 480 1817; x_wconf 83' lang='lat' dir='ltr'>vcro,</span> <span class='ocrx_word' id='word_1_371' title='bbox 505 1789 532 1810; x_wconf 86' lang='lat' dir='ltr'>et</span> <span class='ocrx_word' id='word_1_372' title='bbox 556 1790 610 1818; x_wconf 85' lang='lat' dir='ltr'>ope</span> <span class='ocrx_word' id='word_1_373' title='bbox 637 1783 722 1819; x_wconf 83' lang='lat' dir='ltr'>hujus</span> <span class='ocrx_word' id='word_1_374' title='bbox 744 1783 866 1812; x_wconf 87' lang='lat' dir='ltr'>actionis</span> <span class='ocrx_word' id='word_1_375' title='bbox 890 1784 1083 1818; x_wconf 75' lang='lat' dir='ltr'>abundantis,</span> <span class='ocrx_word' id='word_1_376' title='bbox 1113 1783 1315 1819; x_wconf 86' lang='lat' dir='ltr'>aequilibrium</span> <span class='ocrx_word' id='word_1_377' title='bbox 1341 1784 1474 1814; x_wconf 84' lang='lat' dir='ltr'>turbatur</span> <span class='ocrx_word' id='word_1_378' title='bbox 1500 1787 1535 1816; x_wconf 89' lang='lat' dir='ltr'>ab</span> <span class='ocrx_word' id='word_1_379' title='bbox 1556 1796 1604 1817; x_wconf 80' lang='lat' dir='ltr'>ac-</span> 
     </span>
     <span class='ocr_line' id='line_1_34' title="bbox 87 1832 1071 1872; baseline -0.001 -8"><span class='ocrx_word' id='word_1_380' title='bbox 87 1835 203 1864; x_wconf 74' lang='lat' dir='ltr'>cedente</span> <span class='ocrx_word' id='word_1_381' title='bbox 224 1834 271 1862; x_wconf 90' lang='lat' dir='ltr'>vel</span> <span class='ocrx_word' id='word_1_382' title='bbox 293 1832 402 1862; x_wconf 87' lang='lat' dir='ltr'>inserto</span> <span class='ocrx_word' id='word_1_383' title='bbox 425 1832 478 1862; x_wconf 91' lang='lat' dir='ltr'>illo</span> <span class='ocrx_word' id='word_1_384' title='bbox 499 1842 638 1870; x_wconf 86' lang='lat' dir='ltr'>corpore,</span> <span class='ocrx_word' id='word_1_385' title='bbox 660 1834 739 1869; x_wconf 84' lang='lat' dir='ltr'>quod</span> <span class='ocrx_word' id='word_1_386' title='bbox 763 1840 844 1863; x_wconf 79' lang='lat' dir='ltr'>antea</span> <span class='ocrx_word' id='word_1_387' title='bbox 867 1834 962 1863; x_wconf 86' lang='lat' dir='ltr'>aberat</span> <span class='ocrx_word' id='word_1_388' title='bbox 988 1834 1071 1872; x_wconf 85' lang='lat'>(1).</span> 
     </span>
    </p>

    <p class='ocr_par' dir='ltr' id='par_1_6' title="bbox 1557 1891 1604 1920">
     <span class='ocr_line' id='line_1_35' title="bbox 1557 1891 1604 1920; baseline 0 0"><span class='ocrx_word' id='word_1_389' title='bbox 1557 1891 1604 1920; x_wconf 80' lang='lat' dir='ltr'>Ex</span> 
     </span>
    </p>
   </div>
   <div class='ocr_carea' id='block_1_3' title="bbox 113 1959 1596 1993">
    <p class='ocr_par' dir='ltr' id='par_1_7' title="bbox 113 1959 1596 1993">
     <span class='ocr_line' id='line_1_36' title="bbox 113 1959 1596 1993; baseline 0.007 -10"><span class='ocrx_word' id='word_1_390' title='bbox 113 1961 164 1991; x_wconf 83' lang='grc' dir='ltr'>(ι)</span> <span class='ocrx_word' id='word_1_391' title='bbox 188 1962 250 1984; x_wconf 70' lang='lat' dir='ltr'>Patet</span> <span class='ocrx_word' id='word_1_392' title='bbox 273 1966 302 1984; x_wconf 77' lang='lat' dir='ltr'>ex</span> <span class='ocrx_word' id='word_1_393' title='bbox 321 1959 365 1989; x_wconf 72' lang='lat' dir='ltr'>iis,</span> <span class='ocrx_word' id='word_1_394' title='bbox 385 1967 440 1989; x_wconf 69' lang='lat' dir='ltr'>quae</span> <span class='ocrx_word' id='word_1_395' title='bbox 463 1962 501 1985; x_wconf 78' lang='lat' dir='ltr'>hle</span> <span class='ocrx_word' id='word_1_396' title='bbox 526 1962 656 1991; x_wconf 78' lang='lat' dir='ltr'>retulimus,</span> <span class='ocrx_word' id='word_1_397' title='bbox 686 1964 816 1987; x_wconf 81' lang='lat' dir='ltr'>methodum</span> <span class='ocrx_word' id='word_1_398' title='bbox 846 1962 909 1985; x_wconf 76' lang='lat' dir='ltr'>doct.</span> <span class='ocrx_word' id='word_1_399' title='bbox 939 1964 1047 1990; x_wconf 62' lang='lat' dir='ltr'>ssent-²²⁶2</span> <span class='ocrx_word' id='word_1_400' title='bbox 1073 1968 1170 1991; x_wconf 65' lang='lat' dir='ltr'>corpor·</span> <span class='ocrx_word' id='word_1_401' title='bbox 1192 1963 1261 1986; x_wconf 84' lang='lat' dir='ltr'>fluido</span> <span class='ocrx_word' id='word_1_402' title='bbox 1289 1965 1386 1992; x_wconf 69' lang='lat' dir='ltr'>qu⁰d²m</span> <span class='ocrx_word' id='word_1_403' title='bbox 1414 1964 1484 1989; x_wconf 64' lang='lat' dir='ltr'>mlum</span> <span class='ocrx_word' id='word_1_404' title='bbox 1512 1967 1596 1993; x_wconf 62' lang='lat' dir='ltr'>denus</span> 
     </span>
    </p>
   </div>
   <div class='ocr_carea' id='block_1_4' title="bbox 872 2004 1599 2041">
    <p class='ocr_par' dir='ltr' id='par_1_8' title="bbox 872 2004 1599 2041">
     <span class='ocr_line' id='line_1_37' title="bbox 872 2004 1599 2041; baseline -0.004 -9"><span class='ocrx_word' id='word_1_405' title='bbox 872 2004 921 2041; x_wconf 78' lang='grc'>13</span> <span class='ocrx_word' id='word_1_406' title='bbox 1574 2007 1599 2029; x_wconf 77' lang='lat' dir='ltr'>in</span> 
     </span>
    </p>
   </div>
  </div>
 </body>
</html>
