1913 2417
263 178 301 217 „a
603 179 1441 216 P.J.UYLENBROEK

272 260 336 290 dein
357 260 530 298 Boyleamcm
553 262 681 296 dictum,
704 261 749 289 hie
773 261 846 297 ipsis
869 263 994 292 auctoris
1024 264 1115 293 verbis
1140 265 1253 294 referre.
1302 266 1449 294 Invenitur
1478 272 1571 294 autem
1597 265 1772 302 descriptum

271 319 339 348 post
357 313 434 349 App.
453 315 477 342 Ι.
497 313 527 341 in
551 313 672 341 articulo
693 312 873 347 particulari,
897 313 944 341 cui
962 314 1084 343 titulus:
1111 315 1278 351 Artificium
1297 317 1472 345 aestimandi
1484 318 1663 353 gravitatem
1681 326 1774 355 aquae

270 364 302 393 in
317 373 414 403 aqua,
435 364 602 401 vulgarium
619 364 776 391 bilancium
796 369 824 390 et
836 364 997 401 ponderum
1013 366 1197 396 adminiculo.
1241 367 1338 396 Totus
1354 367 1492 395 articulus
1510 369 1550 396 sic
1569 376 1630 396 sese
1647 368 1751 396 habet:

315 435 334 450 „
352 417 451 450 Atque
471 414 529 451 jam
556 414 760 450 tempestivum
783 413 891 449 fuerit,
913 416 1071 445 doctrinam
1097 424 1223 447 nostram
1254 419 1391 446 hactenus
1417 425 1624 454 propugnatam
1638 440 1648 454 ‚
1669 427 1779 456 aquam

276 465 387 494 scilicet
407 466 567 502 gravitare
589 466 621 492 in
637 474 735 502 aqua,
761 465 944 501 confirmare3
972 468 1109 504 modum,
1134 469 1185 504 qui
1207 468 1291 497 facile
1315 469 1343 497 in
1368 470 1466 504 praxiu
1489 469 1629 505 vertitur,
1658 470 1797 506 gravita-·

276 522 330 545 tem
357 517 450 553 ipsius
476 516 665 551 aestimandi,
695 515 888 552 subjiciendo.
929 516 988 553 Qui
1014 518 1081 547 licet
1112 520 1185 548 forte
1209 520 1388 549 commodius
1423 519 1547 555 proponi
1577 521 1721 555 potuisset
1751 521 1780 549 in

280 568 425 596 tractatuii
446 567 533 604 hujus
551 574 628 603 parte
651 567 759 603 priori,
783 576 850 603 spes
872 574 964 595 tamen
988 575 1049 603 est,
1078 570 1298 606 descriptionem
1329 571 1391 606 ejus
1414 571 1480 598 loco
1509 570 1606 598 minus
1630 572 1787 599 commodo

274 617 379 647 factam
391 639 400 653 ‚
422 619 498 647 haud
512 619 649 654 ingratam
669 617 729 646 fore
750 618 893 654 curiosisg
920 619 1148 655 quandoquidem
1166 630 1252 650 nemo
1274 621 1377 658 (quod
1396 621 1482 649 sciam
1496 623 1508 655 )
1524 622 1569 649 vel
1587 629 1709 650 conatus
1725 621 1783 650 fuit

280 670 485 704 determinare,
515 675 656 707 quantum
683 669 805 705 gravitet
829 678 902 703 aqua
936 670 966 698 in
991 679 1072 706 aqua.
1113 671 1153 700 Et
1176 672 1200 699 si
1228 672 1293 707 quis
1316 672 1462 707 problema
1489 672 1655 709 huiusmodi
1680 681 1788 708 propo·

277 720 404 755 suisset,
422 720 581 757 judicatum
607 720 704 749 forsan
730 721 785 748 tale
810 720 934 756 fuisset,
963 722 1041 757 quod
1063 723 1163 758 praxin
1188 724 1306 751 omnino
1339 729 1495 758 respueret.
1545 721 1703 751 Metlmdus
1730 723 1798 752 sive*

278 772 500 807 compendium,
524 780 582 806 quo
609 772 726 805 utebar,
756 780 833 807 rem,
864 780 969 806 quanta
998 780 1146 809 poteram,
1175 774 1366 812 exactitudine
1392 773 1571 808 praestandi,
1604 773 1678 801 disci
1708 773 1792 802 facile

277 822 384 858 poterit
404 830 438 850 ex
463 823 656 857 enarratione,
686 830 758 857 quae
783 822 934 857 sequitur,
963 824 1148 858 experimenti
1177 825 1262 853 unius
1285 825 1330 852 vel
1351 825 1467 853 alterius
1490 826 1522 853 in
1547 832 1606 852 eam
1631 832 1688 852 rem
1712 832 1727 853 a
1749 833 1798 854 me·

282 873 409 908 peracti,
429 880 517 908 prout
540 882 597 901 eam
621 873 648 901 in
676 873 843 900 adversariis
870 874 937 901 meis
960 874 988 902 in
1014 875 1080 902 haec
1103 876 1188 904 verba
1210 877 1308 910 reperi.
1319 874 1338 886 ⁷'

321 943 339 958 „
362 924 442 951 Bulla
468 925 577 958 vitrea,
603 925 648 952 ovi
675 923 822 959 gallinacei
853 924 965 952 circiter
996 926 1222 961 magnitudinem
1244 935 1387 962 aequans,
1419 926 1452 954 de
1481 927 1623 954 industria
1652 927 1687 955 ad
1714 927 1798 955 flam-

282 982 355 1003 mam
380 976 515 1010 lampadis
536 974 604 1002 flatu
627 974 747 1009 effigiata
771 974 850 1008 fuit,
878 975 916 1002 ita
941 977 1054 1011 quidem
1079 983 1111 1004 ut
1136 976 1258 1005 fistulam
1290 977 1402 1005 haberet
1427 978 1471 1004 >ui
1497 978 1672 1005 extremitate
1699 986 1797 1006 recur-

282 1033 367 1059 vam,
391 1032 421 1052 ut
444 1034 476 1052 eo
501 1024 719 1051 convenientius
744 1025 782 1051 ibi
808 1032 907 1060 posset
935 1027 1038 1062 frangi.
1081 1026 1157 1055 Haec
1183 1028 1259 1056 bulla
1277 1029 1366 1063 probe
1391 1027 1546 1062 calefacta,
1575 1029 1609 1056 ad
1633 1030 1799 1056 ramme-en-

284 1076 351 1104 dum
374 1075 482 1103 scilicet
506 1075 594 1103 aerem
608 1095 618 1110 ,
640 1083 830 1111 magnamque
851 1077 913 1112 ejus
936 1084 1041 1112 partem
1067 1079 1279 1113 expellendam,
1303 1087 1421 1114 propere
1447 1078 1502 1106 l'uit
1531 1079 1579 1106 sui.
1600 1085 1725 1108 extremo
1745 1079 1798 1107 ob-

281 1125 425 1163 sigillata,
455 1126 627 1162 faventeque
653 1127 744 1154 dictae
775 1126 887 1155 fistulae
916 1127 1027 1164 figura,
1057 1128 1196 1157 beneficio
1214 1129 1286 1165 justi
1311 1130 1446 1164 ponderis
1478 1129 1588 1164 plumbi
1615 1131 1669 1157 sub
1696 1137 1801 1165 aquant

287 1179 439 1214 depressa,
462 1179 582 1213 plumbo
608 1177 741 1213 vitroque
765 1187 820 1214 ope
844 1178 967 1208 funiculi
990 1179 1114 1215 alligatis
1142 1180 1192 1208 uni
1214 1180 1287 1208 lanei
1313 1180 1382 1208 bene
1410 1180 1561 1209 fabricatae
1587 1181 1728 1216 bilancis,
1749 1190 1806 1210 etv·

284 1229 331 1266 jus
358 1230 437 1257 alteri
465 1230 539 1258 lanei
566 1236 675 1257 tantum
702 1230 902 1265 imponebatur
920 1231 1076 1266 ponderis,
1099 1238 1237 1266 quantum
1262 1231 1332 1259 satis
1357 1237 1414 1258 erat
1430 1233 1660 1265 aequilibrandae
1690 1233 1805 1267 bullae,

283 1281 371 1309 libere
395 1281 423 1309 in
449 1289 538 1316 aquae
563 1281 655 1310 medio
690 1281 834 1316 pendenti.
875 1281 952 1309 Tum
974 1290 1063 1316 vero,
1093 1282 1232 1309 mediante
1256 1280 1366 1316 forcipe
1389 1281 1481 1310 ferreo
1506 1283 1714 1317 longiusculo,
1742 1283 1801 1311 sol-

287 1331 366 1359 licite
391 1332 573 1368 estringebam
599 1332 692 1359 bullae
719 1333 774 1361 sub
801 1340 873 1367 aqua
896 1333 1008 1360 latentis
1026 1339 1179 1361 extremum
1199 1332 1375 1367 sigillatum,
1399 1331 1440 1359 sic
1468 1337 1501 1358 ut
1526 1332 1603 1359 nulla
1628 1333 1707 1361 bulla
1729 1333 1801 1362 aeris

288 1383 503 1418 conspiceretur
529 1391 578 1418 per
601 1391 702 1418 aquam
728 1390 866 1419 emergere
892 1383 937 1411 vel
964 1384 1097 1419 evadere3
1121 1384 1217 1417 liquor
1242 1390 1309 1409 vero
1334 1382 1569 1416 athmosphaerae
1593 1376 1731 1417 gravitate
1750 1385 1802 1412 im-

285 1434 390 1467 pulsus
412 1433 442 1461 in
466 1433 557 1461 bullae
583 1441 689 1469 partem
717 1443 775 1463 non
805 1435 937 1470 repletam
964 1434 1116 1470 migraret,
1146 1434 1296 1468 totiusque
1328 1432 1462 1460 cavitatis
1488 1432 1571 1467 quasi
1599 1434 1714 1462 mediam
1735 1443 1803 1471 par-

291 1489 348 1509 tem
374 1484 523 1518 impleret,
546 1491 571 1511 et
596 1493 682 1520 mox,
704 1491 735 1512 ut
758 1486 969 1521 praedixeram,
992 1486 1071 1512 bulla
1095 1485 1282 1518 subsidebat,
1301 1482 1496 1518 efficiebatque
1519 1491 1550 1511 ut
1568 1484 1652 1519 lanx,
1674 1485 1721 1513 cui
1745 1491 1805 1514 erat

286 1533 417 1568 alligata,
446 1539 555 1562 tantum
581 1537 834 1571 praeponderaret,
857 1544 888 1565 ut
912 1546 929 1574 4
953 1536 1096 1564 drachmis
1119 1542 1146 1563 et
1171 1536 1185 1564 8
1213 1535 1307 1571 granis
1329 1543 1409 1570 opus
1433 1541 1508 1562 esset
1527 1534 1631 1564 biianci
1653 1537 1686 1564 ad
1708 1537 1811 1571 aequi-¹

291 1583 406 1612 librium
432 1585 613 1613 reducendae.
657 1586 755 1622 Tum,
778 1594 885 1615 extmta
912 1587 991 1615 bulla
1017 1595 1081 1614 cum
1110 1586 1165 1621 ipsi
1190 1586 1299 1613 inclusa
1318 1593 1412 1620 aqua,
1434 1584 1572 1613 beneficio
1597 1586 1722 1615 flammae
1736 1595 1810 1616 can-v

286 1635 363 1663 delae
388 1636 502 1662 cautius
525 1635 703 1670 applicatae,
737 1638 903 1672 expulimus
927 1645 1050 1672 aquam,
1078 1638 1176 1673 (quae
1196 1636 1324 1671 alioquin
1348 1644 1406 1664 non
1439 1637 1521 1664 l'aeile
1543 1645 1558 1663 e
1584 1638 1686 1671 quavis
1709 1637 1807 1666 fistula

290 1686 390 1714 stricta
416 1687 601 1722 excluditur)
632 1687 660 1714 in
696 1687 799 1715 vitrum
833 1694 898 1715 ante
927 1688 1169 1722 aequilibratum3
1197 1686 1282 1720 idque
1306 1686 1480 1720 reperimus,
1510 1692 1595 1720 prout
1618 1687 1801 1721 exspectaba-

288 1743 373 1772 mus,
403 1747 421 1775 4
443 1737 590 1766 drachmas
621 1745 648 1766 et
673 1746 710 1774 30
736 1746 820 1773 grana
844 1739 957 1766 circiter
985 1739 1162 1773 ponderare,
1190 1742 1300 1772 praeter
1328 1737 1481 1771 pauculum
1514 1735 1584 1762 illud
1615 1742 1746 1765 restitans
1770 1737 1800 1765 in

296 1795 354 1814 ovo
368 1806 381 1820 ,
399 1789 586 1824 exiguamque
608 1790 682 1817 illam
711 1790 898 1824 quantitatem
918 1789 946 1816 in
969 1796 1088 1824 vapores
1115 1787 1189 1816 forte
1204 1788 1388 1821 rarelactam‚
1410 1794 1480 1821 qnae
1504 1785 1570 1812 vitri
1593 1784 1721 1815 frustulo
1744 1788 1800 1815 sub

287 1844 360 1871 aqua
395 1836 511 1866 ciii-acto
540 1846 566 1867 et
593 1840 703 1875 perdito
727 1843 846 1874 amita,
876 1839 961 1868 facile
986 1848 1002 1874 7
1027 1840 1072 1868 vel
1098 1839 1113 1867 8
1141 1847 1225 1875 grana
1254 1837 1441 1873 aequavirlut.
1492 1836 1574 1864 Unde
1602 1837 1712 1872 liquet,
1740 1846 1800 1867 non

290 1887 376 1917 modo
402 1895 500 1921 aquam
530 1889 668 1923 gravitate
688 1889 743 1918 sub
766 1898 858 1925 aqua,
888 1891 937 1919 sed
958 1898 1015 1918 eam
1042 1891 1085 1918 vel
1112 1890 1188 1923 fere,
1217 1889 1260 1916 vel
1285 1888 1366 1923 plane
1391 1893 1498 1914 tantum
1532 1886 1601 1914 inibi
1627 1889 1804 1924 ponderare,

288 1945 322 1966 ac
341 1938 401 1973 ipsa
423 1938 468 1965 illa
496 1940 591 1973 portio
621 1940 742 1974 liquoris
768 1941 935 1975 ponderaret
962 1941 990 1968 in
1016 1941 1083 1969 nere.
1126 1940 1232 1968 Eodem
1269 1939 1313 1965 die
1343 1938 1512 1965 iterabamus
1548 1938 1602 1965 hoc
1627 1938 1800 1973 experimen-

288 1993 371 2025 tum,
402 1988 529 2018 adhibita
560 1988 613 2018 alia
637 1989 713 2019 bulla
742 1989 924 2028 obsigillata,
954 1998 1026 2028 quae
1049 1991 1140 2028 priori
1156 1995 1229 2028 ,erat
1255 1988 1376 2026 amplior
1409 1988 1425 2025 ζ
1434 1987 1592 2025 grandioris
1616 1988 1725 2025 quippe
1749 1989 1799 2018 ovi

1744 2041 1810 2079 gal·
