1913 2417
270 189 328 217 ιω,
521 178 759 218 JACOBI
816 177 1124 210 HERMANr
1180 179 1490 213 PHILtPSE

269 263 412 299 >probatur
440 269 501 292 art.
531 265 594 299 187.
609 284 618 298 ,
649 272 663 291 e
686 272 744 299 quo
767 269 960 299 argumentum
983 263 1076 299 petit3
1106 272 1169 292 nam
1193 264 1238 293 hie
1263 270 1324 293 art.
1347 266 1413 301 187.
1441 273 1574 300 expresse
1603 265 1723 294 refertur
1746 264 1782 294 ad

275 320 339 342 art.
371 316 451 352 184„
480 323 494 343 a
520 323 578 349 quo
601 321 693 342 tamen
722 315 920 350 exceptionem
948 314 977 343 in
1001 323 1071 343 casu
1096 314 1250 344 Absenti-:te
1275 323 1422 344 occurrere
1447 316 1477 345 in
1507 323 1568 346 art.
1600 325 1687 354 139.,
1715 315 1786 345 satis

269 372 418 401 superque
443 365 641 400 exposuimus.

315 415 405 443 Aliud
428 421 518 443 tamen
540 415 689 444 dicendum
719 416 853 451 videtur,
872 416 900 445 si
925 417 1065 447 actionem
1083 418 1137 454 jam
1165 416 1341 446 instituisset
1367 418 1500 454 Absens,
1523 426 1550 448 et
1572 425 1676 455 ¹postea
1699 423 1791 445 morte

274 465 436 501 impeditus
460 466 553 501 foret,
577 467 733 501 quominus
754 476 812 495 eam
831 474 1057 504 persequeretur.
1098 468 1187 496 Nunc
1210 469 1284 496 enim
1316 475 1444 505 apertum
1478 476 1540 505 est,
1572 469 1709 498 secundas
1737 476 1791 497 nu-

277 519 357 552 ptias
379 516 518 553 legitimas
539 525 598 546 non
621 517 733 552 fuisse),
760 519 888 554 adeoque
913 519 1080 547 reviviscere
1095 519 1214 547 -videtur
1238 519 1394 554 dispositio
1424 526 1485 550 art.
1512 522 1578 556 184.
1620 520 1693 547 Nam
1726 519 1794 546 licet

279 567 428 603 legislator
451 568 480 596 in
503 573 568 596 art.
591 577 654 605 139.
671 569 808 597 omnibus
832 569 995 598 facultatem
1022 569 1201 606 denegaverit
1223 569 1340 605 nuptias
1365 570 1439 599 bona
1469 570 1523 599 ficte
1550 577 1714 600 contractas
1735 575 1794 597 tur-

277 618 366 646 bandi
392 619 430 647 ob
454 619 543 647 solam
566 620 832 655 praesumtionem,
862 620 1019 649 Absentem
1044 621 1073 649 in
1101 620 1176 650 vivis
1204 628 1282 655 esse,
1304 620 1333 648 id
1356 629 1414 649 non
1439 621 1551 650 videtur
1574 630 1608 650 eo
1631 628 1723 655 usque
1747 628 1797 648 va-

281 669 358 703 lere,
381 676 433 704 ut,
459 669 483 697 si
498 670 623 707 rpublice
643 677 777 706 constet,
801 671 956 700 Absentem
980 671 1204 707 adhucvivere,
1231 671 1360 706 adeoque
1382 679 1490 700 novum
1517 671 1729 700 matrimonium
1756 670 1796 698 le-

285 720 417 757 gitimum
445 729 504 751 non
532 730 613 757 esse,
641 721 797 757 omnibus,
827 729 949 758 quorum
977 722 1106 757 intersit,
1134 722 1315 751 interdictum
1342 722 1382 750 sit
1407 723 1455 759 jus
1487 728 1550 751 art.
1581 724 1645 758 184.
1676 729 1798 750 conces·

284 780 362 800 sum.
402 772 463 800 Imo
485 772 510 800 si
529 772 576 800 hic
601 780 685 801 casus
702 772 851 807 inciderit,
882 780 914 802 ut
931 773 1010 809 prior
1031 774 1161 810 coniux,
1183 773 1320 808 quamvis
1340 781 1490 808 reversus,
1512 782 1592 809 agere
1608 772 1703 807 nolit,
1726 772 1792 801 Pro—

285 822 428 852 curatoris
455 823 538 859 Regii
565 822 618 851 erit
634 830 760 859 „propter
776 823 935 852 utilitatem
961 832 992 852 ac
1023 824 1109 851 decus
1135 824 1312 860 publicum,
1342 825 1420 859 quod
1448 824 1639 861 polygamiam
1658 831 1724 852 -non
1749 823 1797 851 ad-

285 873 397 908 mittit,
418 881 452 901 ex
477 879 540 903 art.
565 882 631 910 190.
654 881 748 909 petere
766 875 851 910 (8),
882 881 913 902 ut
935 874 1147 903 matrimonium
1172 874 1368 909 dissolvatur,
1390 882 1417 903 et
1439 875 1508 903 novi
1530 876 1670 912 conjuges
1690 881 1797 911 cogan-

283 930 333 952 tur
357 933 371 952 a
389 932 426 953 ,se
448 924 574 953 invIcem
602 924 756 954 discedere.
796 924 893 960 Nam,
923 925 947 953 si
968 930 1031 954 art,
1057 933 1122 961 139.
1146 925 1227 953 talem
1254 933 1366 953 sensum
1394 925 1601 960 tribueremus,
1637 932 1667 953 ut
1690 924 1798 954 nemini

284 982 410 1010 unquam
442 974 526 1003 etiam
554 981 622 1010 post
649 975 770 1003 reditum
797 976 955 1010 Absentis,
985 982 1034 1003 aut
1061 976 1297 1004 commorationis
1323 977 1419 1004 locum
1446 976 1622 1012 exploratum
1640 996 1651 1011 ‚
1677 977 1795 1012 liceret,

283 1025 472 1061 conjugium,
494 1026 574 1060 quod
589 1025 712 1061 ,publice
737 1026 895 1062 legitimum
920 1034 979 1054 non
1009 1033 1070 1053 esse
1086 1032 1250 1060 constaret,
1273 1026 1406 1060 turbare,
1420 1034 1511 1054 ¹nemo
1535 1034 1595 1054 non
1617 1026 1711 1061 videt,
1732 1027 1798 1054 nul·

287 1075 341 1103 lam
369 1083 498 1104 caussam
516 1075 612 1111 inagis
637 1076 767 1104 idoneam
784 1075 946 1112 ,excogitari
968 1084 1074 1112 posse,
1097 1083 1128 1104 ut
1149 1077 1287 1113 conjuges
1310 1077 1418 1112 inpune
1440 1077 1562 1114 injustas
1587 1076 1705 1111 nuptias
1727 1085 1800 1106 con-

285 1126 446 1161 traherent,
475 1132 501 1154 et
524 1135 577 1162 pro
592 1126 694 1155 'lubitu
718 1127 831 1155 vincula
859 1126 1032 1155 matrimonii
1055 1133 1237 1163 rumperent,
1266 1134 1299 1156 ut
1326 1127 1450 1162 primum
1482 1128 1549 1156 haee
1580 1128 1636 1156 sibi
1661 1128 1800 1164 displice-

288 1183 361 1206 rent.
403 1176 466 1206 lmo
491 1185 550 1206 non
575 1177 669 1205 solum
698 1177 745 1205 hic
770 1178 842 1206 ratio
865 1178 1041 1213 exceptionis
1065 1178 1094 1206 in
1117 1184 1179 1207 art.
1205 1186 1270 1214 139.
1296 1178 1398 1207 obviae
1423 1179 1508 1214 plane
1530 1179 1643 1208 sublata
1666 1185 1728 1214 est,
1749 1179 1800 1208 sed

287 1226 372 1255 facile
395 1235 513 1263 quoque
531 1234 666 1263 apparet,
694 1227 766 1256 nihil
789 1228 962 1265 legislatoris
985 1229 1148 1264 vo1untati,
1178 1229 1314 1257 articulis
1335 1237 1406 1265 147,
1430 1229 1503 1264 184,
1527 1237 1592 1265 190.
1620 1230 1689 1259 satis
1713 1230 1801 1258 mani·

280 1276 379 1306 “ft-stae
393 1298 403 1312 ,
421 1278 517 1313 ,magis
536 1278 710 1306 contrarium
731 1279 887 1315 excogitari
907 1287 1013 1315 posse,
1042 1288 1125 1315 quam
1155 1279 1295 1315 ejusmodi
1325 1286 1386 1308 art.
1409 1288 1471 1316 ¹39·
1501 1281 1615 1309 nimiam
1645 1281 1802 1310 restrictio-

288 1336 368 1356 nem.
405 1328 512 1357 Omnia
535 1335 622 1362 vero,
650 1337 722 1363 quae
740 1329 798 1357 huc
821 1330 983 1364 pertinent,
1011 1330 1130 1365 copiose
1155 1330 1295 1366 explicuit
1324 1330 1564 1366 Delvincurtius‚
1591 1330 1614 1358 l.
1631 1331 1654 1360 Ι.
1681 1331 1709 1359 in
1735 1337 1800 1360 not.

290 1387 322 1415 p.
343 1380 428 1415 360,
459 1387 505 1414 sq.
525 1378 622 1407 adnot.
645 1387 695 1415 7.:
724 1379 771 1408 liic
795 1379 901 1416 igitur,
932 1388 967 1408 ne
994 1380 1140 1416 longiores
1167 1381 1279 1414 simus,
1304 1379 1460 1409 subsistere
1486 1380 1586 1415 liceat,
1617 1387 1649 1408 ut
1670 1389 1802 1417 propere-

291 1438 357 1458 mus
381 1430 415 1458 ad
436 1429 563 1458 ultimam
584 1429 738 1458 Absentiae
750 1431 926 1467 periodum,
955 1436 984 1459 et
1005 1430 1151 1461 videamus
1176 1431 1209 1460 de
1235 1429 1409 1468 proprietate
1433 1431 1575 1462 bonorum
1604 1432 1716 1461 tandem
1740 1431 1803 1461 Ab·

286 1479 383 1509 -sentis
406 1479 557 1509 heredibus
580 1488 728 1509 concessa.

318 1589 371 1618 (a)
390 1589 444 1615 vld.
457 1590 629 1619 Spatfgenlterg,
649 1591 676 1614 ad
699 1594 745 1615 art.
765 1595 815 1618 ιε’.
836 1595 886 1614 not.
897 1594 921 1616 Ω,

1735 2038 1812 2090 (ΞΛ.
