1913 2417
260 192 296 217 η
517 176 1433 220 ·P.J.UYLENBROEK

312 266 477 296 Pressiones
516 266 673 295 fluidorum
709 264 738 293 in
768 264 855 300 plana
883 262 1126 300 perpendiculatia
1158 263 1282 299 pendent
1317 262 1352 290 de
1387 260 1589 291 altitudinibus
1621 257 1783 292 fluidorum'

278 318 468 355 prementium
481 338 492 353 ,
513 324 540 346 et
563 318 597 345 de
618 315 799 352 longitudine
819 315 970 350 planorum
995 322 1171 351 pressorum.
1207 313 1268 350 Jam
1293 321 1360 341 vero
1375 312 1527 348 longitudo
1542 313 1636 342 lateris
1653 314 1729 342 vasis
1749 315 1785 342 ih

275 375 319 397 est
345 370 457 405 eadem,
487 377 518 397 ac
549 368 577 396 in
610 375 679 396 casu
702 365 877 402 praecedenti
909 367 936 402 ἕ.
961 364 1002 394 1⁰.
1032 371 1163 395 tractato.
1211 365 1345 393 Altitudo
1372 370 1466 392 autem
1485 372 1575 399 aquae
1591 372 1649 392 non
1673 370 1716 392 est
1736 372 1784 392 ea»—

277 418 353 448 dem.
393 420 436 448 Ibi
464 425 521 448 erat
548 418 669 454 altitudo
692 424 799 452 aquae,
822 416 869 453 if,
889 424 965 445 nunc
987 425 1054 444 vero
1080 424 1124 445 est
1148 416 1182 452 if
1194 416 1231 453 -Ι-
1244 415 1285 452 fn
1304 425 1342 443 =
1360 416 1412 450 in,
1432 422 1499 450 ergo
1524 420 1567 442 est
1588 415 1694 452 major,
1715 416 1783 445 hine

275 477 304 498 et
327 470 436 505 pressio
462 470 551 506 major
573 469 643 503 erit,
666 475 693 496 et
711 467 824 503 quidem
842 467 970 502 aequalis
992 467 1112 502 ponderi
1128 475 1217 502 aquae
1235 473 1386 495 contentae
1403 465 1430 494 in
1447 465 1583 501 prismate
1597 467 1789 504 triangulari,²

275 521 360 558 cujus
384 520 507 548 altitudo
528 525 572 550 est
596 521 647 556 in,
668 519 746 547 basis
770 526 837 547 vero
861 524 904 546 est
931 517 1230 554 parallelogrammus,
1258 517 1343 554 cujus
1370 517 1490 545 alterum
1515 517 1590 545 latus
1616 523 1658 546 est
1677 528 1712 545 Ξ
1730 519 1761 547 ih
1772 539 1791 555 „

276 572 395 600 alterum
416 581 452 598 Ξ
471 573 514 599 in.

313 623 447 658 Denique
472 622 582 650 fundus
605 621 682 650 vasis
705 620 771 649 bikl
782 619 924 649 incumbit
941 628 1050 656 aquae,
1073 627 1100 648 et
1123 621 1153 649 in
1178 628 1211 648 ea
1231 618 1334 655 premit
1360 619 1486 654 spatium
1510 626 1578 648 suae
1596 619 1791 656 magnitudini

275 675 401 711 aequale.
449 673 608 703 Particulae
638 672 710 701 illud
742 671 866 708 spatium
903 678 1077 708 occupantes
1109 677 1280 708 premuntur
1310 669 1416 698 laterali
1447 670 1616 706 pressione,
1647 679 1719 706 quae
1743 677 1791 700 est

277 725 405 761 aequalis
430 724 574 761 pressioni
596 725 747 752 columnae
772 722 1012 759 perpendicularis
1038 731 1126 758 aquae
1148 724 1189 751 in.
1231 720 1306 749 Huic
1333 720 1478 756 pressioni
1503 721 1600 749 cedere
1623 729 1794 759 nequeunt,

277 777 413 812 quoniam
439 776 474 805 ab
502 784 577 811 aqua
600 773 809 808 circumdanti,
838 779 866 801 et
887 781 902 801 a
927 782 992 802 vase
1015 773 1192 802 incumbenti
1213 772 1414 809 prohibentur.
1456 770 1533 800 Hinc
1560 781 1623 800 non,
1644 780 1792 809 possunt,

277 828 350 863 quin
374 828 508 861 eandem,
539 834 624 861 quam
645 825 816 861 patiuntur,
846 825 1021 860 pressionem
1048 832 1275 860 quaquaversum
1309 829 1461 859 exserant3
1494 823 1589 858 itaque
1621 823 1703 852 etiam
1726 832 1789 852 sur-

278 886 342 907 sum
366 878 396 906 in
421 877 543 905 fundum
572 875 649 904 vasis
676 876 764 913 (1),
794 875 843 911 qui
869 875 957 911 igitur
975 876 1111 912 premitur
1141 876 1265 912 pondere
1287 874 1441 903 columnae
1467 883 1574 909 aquae,
1602 875 1686 911 cujus
1712 873 1795 903 basis*

279 935 323 957 est
342 928 468 964 aequalis
491 927 552 956 basi
572 927 667 961 vasis,
689 927 812 954 altitudo
833 935 901 955 vero
926 927 1052 962 aequalis
1073 926 1218 955 altitudini
1233 933 1321 961 aquae
1340 926 1390 960 ms,
1410 925 1429 955 i,
1444 933 1470 953 e.
1488 925 1624 953 columna
1644 925 1795 963 lbqupon-

318 980 365 1008 Sic
392 979 488 1008 omnia
520 978 615 1006 eodem
642 978 728 1005 modo
754 983 781 1005 et
806 977 919 1014 quidem
950 977 1087 1006 facillime
1110 977 1282 1014 procedunt.
1331 976 1412 1004 Patet
1446 982 1537 1004 autem
1570 985 1629 1004 uuo
1658 977 1766 1004 intuitu
1779 996 1796 1010 „

279 1031 456 1068 pressionem
478 1036 567 1063 aquae
591 1027 796 1057 circumdantis
820 1028 850 1056 in
871 1028 993 1064 parietes
1017 1035 1146 1056 externos
1173 1028 1249 1055 vasis
1276 1027 1388 1055 vincere
1410 1027 1585 1062 pressionem
1610 1035 1700 1061 aquae
1720 1027 1792 1055 inte-

279 1082 364 1110 rioris
385 1081 414 1111 in
438 1079 559 1117 parietes
586 1078 728 1106 internos.
770 1077 864 1106 Simul
880 1086 951 1110 ,vero
981 1079 1046 1107 luce
1069 1078 1174 1106 clarius
1199 1084 1261 1111 est,
1291 1083 1379 1106 totam
1412 1077 1597 1106 differentiam
1625 1077 1699 1106 inter
1721 1078 1797 1107 duas·

281 1134 333 1162 has
358 1132 523 1169 pressiones
548 1129 615 1158 oriri
639 1129 724 1157 unice
740 1129 775 1158 ab
801 1137 874 1165 aqua
891 1130 1024 1166 superius
1049 1130 1109 1159 vasi
1132 1128 1322 1158 incumbenti.
1363 1128 1477 1157 Etenim
1503 1129 1689 1166 operculum,
1713 1129 1807 1180 quod¹

280 1185 312 1212 in
338 1184 430 1221 primo
454 1190 524 1211 casu
545 1181 651 1210 nullam
667 1180 864 1217 experiebatur
877 1181 1072 1218 pressionem,
1092 1189 1170 1210 nunc
1188 1180 1327 1217 premitur
1349 1180 1383 1209 ab
1406 1189 1481 1217 aqua
1500 1181 1555 1217 ipsi
1572 1180 1702 1211 instanti.
1742 1181 1797 1210 Pa-

282 1235 368 1263 rietes
393 1233 640 1269 perpendiculares
665 1239 835 1268 premuntur
853 1234 979 1268 pondere
999 1241 1110 1268 aquae,
1136 1239 1286 1261 contentae
1301 1232 1331 1261 in
1346 1231 1482 1268 prismate
1499 1233 1687 1270 trIangulari,
1709 1233 1794 1269 cujus

284 1286 387 1314 baseos
412 1293 500 1313 unum
523 1285 599 1312 latus
623 1283 774 1319 equidem,
805 1290 837 1311 ut
862 1289 946 1319 ante,
974 1285 1089 1319 aequale
1117 1290 1162 1312 est
1192 1283 1336 1312 latitudini
1358 1283 1456 1318 vasis,
1486 1285 1535 1312 secl
1571 1285 1654 1322 cujus
1677 1285 1799 1313 alterum

284 1337 383 1370 latus,
403 1344 455 1364 nec
478 1343 537 1364 non
565 1334 708 1369 altitudo,
729 1342 805 1362 nunc
828 1340 927 1362 auctae
949 1340 1016 1363 sunt
1040 1335 1191 1363 altitudine
1216 1342 1305 1369 aquae
1326 1334 1388 1362 vasi
1413 1334 1606 1363 incumbentis
1620 1335 1673 1370 sn.

326 1387 374 1415 Sic
393 1386 476 1415 etiarn
501 1386 609 1414 fundus
634 1386 766 1422 majorem
798 1385 907 1421 patitur
929 1386 1126 1421 pressionem,
1157 1393 1247 1414 ortam
1276 1393 1308 1413 ex
1336 1392 1418 1413 aucta
1453 1385 1603 1414 altitudine
1630 1394 1719 1421 aquae
1749 1393 1799 1420 pet

286 1438 422 1474 adjectam
446 1437 558 1472 copiam
585 1438 724 1472 operculo
754 1436 978 1465 incumbentem.
1027 1438 1146 1471 ltaque,
1176 1444 1235 1471 quo
1259 1435 1434 1471 profundius
1465 1436 1641 1469 immergitur
1664 1442 1731 1469 vas,
1761 1443 1801 1464 eo*

288 1489 379 1525 major
413 1487 505 1516 oritur
538 1487 721 1523 differentia,
753 1493 781 1515 et
812 1496 869 1522 quo
895 1487 991 1514 minus
1015 1486 1180 1522 profunde,
1209 1492 1243 1512 eo
1273 1480 1487 1519 mitior3⁴adco
1519 1490 1550 1512 ut
1580 1485 1604 1512 si
1636 1493 1685 1514 vas
1716 1487 1799 1514 tolla-

291 1547 355 1576 tur,
376 1540 466 1568 donec
495 1539 556 1575 ejus
580 1539 746 1574 operculum
773 1545 838 1566 cum
865 1537 1017 1573 superficie
1037 1544 1126 1571 aquae
1153 1534 1355 1563 circumdantis
1380 1534 1449 1570 ΑΒ,
1480 1543 1564 1563 unam
1591 1536 1748 1565 constituat
1766 1536 1802 1566 li-

292 1599 371 1619 neam
394 1589 601 1620 horisontalem
622 1609 632 1624 ,
662 1588 777 1624 pressio
806 1588 932 1616 exterior
963 1594 1084 1623 prorsus
1114 1586 1240 1621 aequalis
1271 1586 1308 1614 sit
1341 1593 1458 1614 evasura
1492 1586 1634 1622 prcssioni
1665 1587 1802 1616 inter-nae.

294 1641 371 1669 ilinc
395 1648 442 1674 ct,
464 1641 569 1675 (quod
595 1640 624 1668 in
649 1640 771 1668 transitu
795 1647 909 1667 monere
939 1639 1046 1675 liceat)
1072 1637 1208 1673 colligere
1228 1643 1292 1671 est,
1320 1645 1417 1664 verum
1443 1645 1523 1672 csse,
1547 1638 1626 1672 quod
1651 1638 1804 1674 perhibent

292 1691 514 1729 Hydrostatici‚
535 1690 666 1724 scilicet,
688 1698 798 1726 corpus
821 1699 855 1718 eo
877 1689 966 1726 magis
988 1689 1098 1725 premi,
1121 1697 1181 1723 quo
1206 1687 1381 1723 profundius
1406 1688 1494 1716 fluido
1514 1687 1693 1724 immergatur
1714 1689 1802 1725 (2);

297 1750 322 1770 et
347 1743 372 1771 si
395 1749 503 1778 corpus
533 1742 568 1769 ad
591 1748 719 1777 magnam
753 1739 978 1776 profunditatem
1007 1739 1097 1768 ssuido
1130 1742 1333 1775 immergatur,
1363 1739 1536 1774 pressionem
1564 1739 1592 1766 in
1618 1738 1803 1774 superficiem,

300 1794 470 1828 superiorem
493 1799 521 1820 et
541 1790 704 1820 inferiorem
729 1790 786 1819 fere
810 1800 874 1820 esse
903 1792 1046 1826 aequalem
1076 1791 1151 1827 (3).
1194 1790 1307 1819 Etenim
1337 1789 1493 1818 differentia
1526 1789 1598 1817 inter
1631 1790 1701 1819 duas
1726 1799 1805 1826 pres-

298 1845 412 1878 simus,
442 1852 512 1879 quac
540 1850 651 1879 semper
676 1842 802 1878 aequalis
828 1847 872 1870 est
903 1841 1048 1870 altitudini
1074 1841 1299 1878 perpendiculari
1329 1840 1459 1877 corporis
1482 1840 1606 1868 immersi
1638 1840 1731 1869 minor
1750 1841 1803 1870 erit

1761 1900 1807 1921 m.-

323 1973 374 2000 (ι)
394 1971 445 1992 Vid-
470 1975 514 1992 van
528 1970 634 1992 &minden
653 1970 711 1993 ibid.
731 1971 752 1995 S.
766 1972 785 1993 6.
807 1977 830 1993 et
849 1970 924 1993 Auctt.
942 1971 968 1992 ab
985 1976 1012 1993 co
1028 1969 1101 1993 laudd.
1253 1970 1304 1999 (a)
1323 1972 1371 1994 Van
1389 1969 1496 1993 swinden
1517 1967 1571 1991 ibid.
1595 1968 1612 1993 S.
1627 1968 1667 1994 58.

321 2014 371 2040 (3)
395 2012 446 2035 vid.
467 2013 485 2034 's
499 2012 636 2034 cni-esaim.
658 2012 724 2037 Phys.
742 2013 813 2034 Elem.
831 2013 904 2034 Math.
927 2013 951 2034 Ι,-
966 2012 1004 2035 111.
1028 2019 1048 2034 c.
1063 2012 1101 2034 lu.
1123 2012 1142 2036 ς.
1159 2016 1222 2038 1⁴2:-
