1913 2417
279 193 668 227 COMMENTATIO
696 203 748 226 AD
777 192 1149 233 QUAESTIONEM
1173 200 1464 237 JURIDICAM.
1579 209 1614 239 81

107 288 203 311 mento
226 289 284 309 non
309 280 460 315 insistere,
482 286 513 307 ur
535 286 630 308 eorum
652 277 912 314 administrationi,
940 287 1024 316 quam
1046 289 1122 311 unus
1145 291 1178 312 ex
1201 285 1289 314 sociis
1318 288 1467 324 suscepit,
1494 288 1558 326 jure
1584 297 1614 317 se

101 339 282 362 rnmrseeant.

813 394 844 431 §-
885 394 912 425 8.

138 487 217 515 Haec
242 486 275 515 de
302 485 469 515 continuata
494 484 696 514 communione
726 485 886 514 sufficiant:
918 485 944 514 si
970 494 1038 515 vero
1063 488 1170 524 conjux
1197 495 1345 525 superstes
1375 499 1432 520 earn
1457 489 1615 521 tiIssoivere

98 539 197 572 maiis,
217 538 279 574 jure
302 545 355 565 suo
382 543 458 572 petet
483 536 577 565 omnia
604 536 671 572 iila,
694 544 765 572 quae
792 539 996 567 communione
1017 547 1110 567 revera
1133 540 1273 569 dissoluta
1298 550 1394 570 secum
1414 542 1522 571 auferre
1544 552 1612 579 pos-

97 598 140 620 set
159 592 224 628 (ses
238 590 407 628 repriser),
425 596 452 618 et
469 589 567 618 omnia
582 590 661 626 jura,
681 598 753 625 quae
772 598 806 617 ex
822 589 1024 618 communione
1038 590 1162 626 legitima
1180 592 1335 620 secundum
1357 598 1420 621 art.
1441 601 1534 630 1400,
1550 602 1611 631 sqq.

97 643 133 671 ad
157 651 187 670 se
209 642 401 678 pertinerent,
423 647 471 669 aut
494 649 509 668 e
530 647 682 669 contractu
704 641 828 677 nuptiali
849 640 914 676 (ses
937 640 1030 669 droits
1056 641 1163 678 legaux
1186 648 1213 669 ct
1228 644 1495 678 conventionnels):
1523 645 1608 673 adeo-

98 702 156 730 que
180 693 209 722 in
233 693 307 722 bona
329 692 446 729 conjugi
471 690 613 720 deficienti
637 700 716 721 cessa
738 692 896 720 vmittuntur
918 692 1053 727 hercch,
1083 693 1258 728 quibuscum
1286 694 1324 722 ita
1349 695 1384 723 de
1407 696 1610 724 communione

95 749 160 781 aget
178 745 285 781 conjux
309 750 473 779 superstes,
496 751 528 771 ac
545 742 647 778 reliqui
673 751 795 779 omnes,
817 744 866 780 qui
891 744 940 780 jus
961 743 1080 779 aliquod
1103 745 1304 773 vindicandum
1322 746 1426 774 habent
1448 747 1476 774 in
1499 747 1610 775 Absen-

93 797 132 825 tis
156 797 250 830 bona,
272 795 350 831 quod
375 803 408 823 eo
432 801 547 822 mortuo
572 794 684 822 demum
706 794 762 822 sibi
779 794 999 829 comperiisset,
1018 799 1088 824 art.
1113 803 1197 831 123.;
1220 796 1348 831 adeoque
1372 797 1455 826 etiam
1479 805 1510 825 ea
1534 797 1612 825 acci-

94 848 173 885 piet,
204 854 277 883 quae
304 845 453 882 superstiti
480 853 620 874 concessa
648 844 760 873 fuerant
789 845 897 882 (gains
922 844 957 873 dc
983 848 1101 881 sarvie,
1125 849 1261 884 prdslpuc
1283 849 1541 886 conventionnel):
1573 849 1608 878 de

93 908 152 937 qua
174 904 267 928 tamen
290 897 493 935 praeceptione
512 897 573 926 vid.
599 904 660 926 art.
689 904 772 934 1515.

134 951 175 979 At
199 958 265 978 cum
291 949 417 978 Absente
442 956 555 977 reverso
579 946 674 976 omnia
699 947 729 976 in
752 947 906 983 pristinum
931 954 1038 977 statum
1055 949 1248 979 restituantur
1271 956 1333 981 art.
1354 959 1439 989 131.,
1463 951 1504 980 sic
1526 951 1610 981 etiam

91 1000 275 1035 communio,
297 1000 382 1036 cujus
410 998 565 1027 dissolutio
590 997 699 1028 incerta
721 1004 832 1027 tantum
858 1000 1069 1035 praesumtione
1092 1002 1255 1038 nitebatur,
1284 1003 1454 1038 reviviscet3
1477 1003 1606 1038 adeoque

91 1052 123 1082 in
147 1051 324 1087 securitatem
349 1058 442 1078 rerum
469 1049 644 1077 restitutioni
667 1048 856 1078 obnoxiarum
877 1051 975 1078 cauti0
999 1057 1043 1078 est
1061 1052 1246 1086 praestanda,
1274 1059 1336 1081 art.
1357 1060 1423 1089 124.
1451 1053 1548 1089 (pour
1569 1052 1609 1080 les

93 1105 187 1134 choses
211 1102 388 1140 susceptiblcs
412 1101 447 1130 de
472 1101 672 1137 restitutiva).
714 1099 822 1128 Cautio
843 1100 931 1136 igitur
952 1101 1018 1128 haec
1039 1107 1150 1129 tantum
1173 1102 1316 1138 exigitur,
1339 1103 1474 1139 quoniam
1498 1104 1606 1132 reditus

94 1154 231 1192 conjugis
253 1152 390 1182 Absentis
418 1152 512 1180 adhuc
537 1159 684 1187 speratur:
706 1158 769 1179 nam
784 1172 794 1186 ‚
816 1151 841 1180 si
865 1160 923 1180 non
947 1159 1151 1189 reverteretur,
1173 1155 1306 1184 cautione
1328 1164 1387 1184 non
1412 1164 1488 1191 opus
1510 1162 1605 1192 esset,

90 1213 160 1235 cum
187 1206 295 1242 conjux
318 1210 483 1241 superstes,
503 1211 531 1232 et
547 1203 662 1232 heredes
684 1203 822 1232 Absentis
844 1212 896 1232 sua
910 1204 1060 1232 retinerent
1079 1211 1107 1233 et
1125 1205 1235 1233 tandem
1259 1206 1297 1234 ob
1317 1206 1484 1235 missionem
1508 1206 1609 1242 defini-

95 1258 187 1286 tivam
206 1264 295 1284 rerum
313 1255 517 1291 proprietatem
534 1254 776 1282 nanciscerentur.
819 1253 916 1290 Quum
934 1254 1042 1290 igitur,
1062 1255 1087 1282 si
1105 1256 1222 1283 maritus
1239 1257 1369 1291 redierit,
1391 1259 1505 1293 omnia,
1533 1267 1607 1293 quae

89 1313 226 1344 tanquam
248 1307 322 1336 bona
340 1307 485 1336 fiduciaria
507 1305 564 1334 sibi
584 1314 599 1334 e
619 1305 821 1334 communione
838 1311 1004 1342 cesserant,
1025 1314 1125 1334 rursus
1144 1306 1245 1334 marito
1264 1307 1371 1335 tradere
1390 1308 1491 1338 debeat
1516 1317 1609 1345 uxor,

90 1360 216 1397 ejusque
239 1357 480 1388 administrationi
502 1357 702 1392 committere,
724 1364 782 1385 non
804 1357 898 1385 solum
920 1357 1029 1386 ratione
1049 1357 1176 1394 jurium,
1199 1365 1273 1393 quae
1296 1360 1450 1394 superstiti
1465 1368 1604 1389 concessa

92 1416 192 1446 erant,
210 1417 342 1446 quaeque
358 1409 426 1437 haec
442 1409 499 1446 jam
516 1407 719 1443 acquisivisset
741 1408 851 1444 (gains
874 1407 908 1435 de
930 1409 1072 1445 sarvie),
1094 1408 1253 1437 cautionem
1274 1415 1414 1444 praestare
1430 1410 1533 1445 debet,
1552 1410 1604 1439 sed

93 1468 124 1490 et
140 1461 247 1489 ratione
264 1461 391 1489 omnium
412 1460 553 1488 bonorum
566 1479 576 1494 ,
596 1467 667 1494 quae
681 1466 778 1487 secum
800 1460 924 1495 sumsit;
941 1460 999 1489 vid.
1019 1460 1202 1498 Spangenb.‚
1219 1460 1260 1488 ad
1273 1466 1334 1490 art.
1351 1469 1410 1498 124.
1432 1467 1529 1496 namt.
1556 1460 1608 1489 Li-

99 1519 144 1541 cet
161 1519 254 1541 autem
271 1512 322 1540 hac
338 1512 367 1540 in
384 1519 413 1539 re
429 1510 536 1538 dubius
552 1510 662 1538 haereat
678 1509 883 1545 Proudsmnus,
900 1519 930 1546 p.
953 1518 1018 1547 175.
1029 1531 1040 1546 ,
1060 1518 1087 1539 et
1100 1513 1164 1549 jure
1179 1511 1280 1540 merito
1293 1511 1377 1539 etiam
1395 1511 1518 1540 dubitari
1537 1520 1607 1548 pos·

96 1569 162 1598 set,
183 1570 218 1591 an
244 1571 337 1591 revera
355 1560 499 1598 eiusmodi
521 1559 654 1589 cautione
673 1561 794 1596 generali
809 1568 884 1595 opus
898 1567 972 1589 esset
994 1564 1091 1598 (orat.
1108 1562 1162 1589 viri
1182 1562 1272 1597 ampl.
1290 1561 1601 1598 Bigot—Prdamcneu‚

97 1614 202 1650 Mosiss
227 1613 314 1641 Tom.
336 1613 372 1640 Η.
395 1621 426 1648 p.
448 1612 513 1640 182.
548 1611 583 1639 ad
605 1617 661 1639 art.
683 1619 744 1648 124.
766 1611 795 1639 in
819 1610 886 1648 fi),
907 1619 972 1640 cum
994 1611 1090 1648 negari
1112 1620 1171 1640 non
1191 1612 1303 1648 possit,
1326 1611 1400 1640 bona
1430 1612 1496 1640 haec
1521 1613 1607 1640 resti-

96 1664 203 1694 tutioni
227 1672 289 1692 esse
315 1663 464 1697 obnoxia,
492 1662 561 1690 satis
585 1667 646 1690 art.
665 1669 731 1698 124.
752 1662 881 1690 evincere
901 1662 1033 1698 videtur,
1061 1663 1095 1690 de
1119 1663 1199 1691 hisce
1222 1663 1359 1691 omnibus
1382 1663 1542 1692 cautionem
1567 1663 1602 1691 ab

97 1723 186 1745 uxore
211 1723 273 1743 esse
294 1715 507 1751 praestandam.
549 1716 631 1749 imo,
655 1722 743 1750 quum
766 1713 933 1742 communio
956 1721 1070 1742 reverso
1090 1714 1213 1750 conjuge
1233 1712 1361 1741 Absente
1381 1721 1439 1741 non
1459 1713 1603 1742 dissoluta

99 1773 269 1802 censeatur,
302 1764 396 1794 omnia
422 1773 540 1800 quoque
564 1764 677 1793 interim
707 1765 862 1801 acquisita,
890 1774 962 1800 quae
989 1765 1018 1794 in
1038 1765 1270 1794 communionem
1298 1765 1396 1793 cadere
1419 1771 1560 1800 possent,
1581 1764 1607 1793 ei

97 1817 346 1852 accensebuntuu
376 1816 444 1844 licet
467 1823 557 1844 tamen
581 1816 695 1851 omnia,
717 1824 789 1852 quae
807 1816 918 1845 interim
940 1815 1060 1852 gesserit
1085 1824 1175 1850 uxor,
1197 1822 1225 1844 et
1248 1824 1278 1844 1n
1304 1815 1410 1850 quibus
1434 1823 1464 1843 se
1489 1816 1524 1844 ad
1547 1816 1608 1844 dis.

101 1868 275 1904 positionem
303 1873 366 1895 art.
392 1875 475 1904 1449.
506 1867 747 1903 conformaverit,
774 1867 877 1896 effectu
900 1875 960 1896 non
985 1866 1199 1902 destituantur,
1226 1875 1293 1904 arg.
1318 1873 1380 1896 art.
1403 1875 1508 1904 1451.;
1538 1868 1605 1896 add.

99 1918 310 1953 Delvincourt‚
331 1918 352 1947 l.
377 1918 397 1948 l.
422 1927 452 1954 p.
470 1927 533 1955 349.
558 1918 622 1948 init.

137 1969 191 1998 Sed
215 1977 273 1997 non
299 1975 406 1997 tantum
433 1977 524 2004 uxor,
553 1977 649 1998 verum
676 1976 703 1998 et
728 1971 847 1999 maritus
871 1971 1031 2000 cautionem
1056 1971 1129 1999 hanc
1157 1976 1297 2007 praestare
1322 1969 1455 2006 debebit,
1485 1971 1549 1999 licet
1572 1971 1606 1998 de

84 2020 236 2048 'omnibus
271 2019 376 2055 bonis,
405 2029 477 2056 quae
507 2028 540 2050 cx
570 2021 772 2051 communione
801 2020 858 2059 ipsi
889 2022 1053 2058 cesserint,
1087 2022 1160 2051 idem
1190 2022 1340 2052 dicendum
1371 2029 1430 2051 non
1466 2021 1605 2050 videatur.

883 2072 911 2103 L
1512 2071 1586 2101 Nam
1596 2090 1607 2106 ‚
