1913 2417
777 136 1311 171 onArto·‚.-
1677 145 1700 177 ς

217 235 304 272 bore
333 247 369 268 ac
402 233 572 278 dispendio
604 232 684 265 illud
721 231 887 269 efficiunt,
919 231 1007 274 quod
1045 230 1149 262 multo
1185 227 1308 261 facilius
1341 233 1636 272 consequerentur,
1667 230 1695 262 si

226 296 380 335 majorem
408 291 594 335 disciplinae
623 289 760 321 naturali
781 298 908 332 operam
934 287 1105 319 dedissent.
1640 341 1647 348 .

270 352 380 389 Quum
407 348 514 390 itaque
541 347 737 378 Oeconomia
759 344 876 376 ruralis
903 350 1014 375 natura
1039 353 1096 374 sua
1121 343 1160 374 ad
1182 343 1328 385 physicas
1351 341 1536 384 disciplinas
1560 352 1696 374 ommno

214 406 400 448 pertineat,
423 405 579 436 sermonis
606 403 768 434 materiem
791 401 950 432 invenisse
971 400 1050 431 mihi
1075 399 1185 432 videor
1209 411 1268 433 nec
1293 400 1405 432 vestris
1430 398 1562 430 auribus
1588 399 1694 441 indig-

223 472 318 498 nam,
343 471 446 503 neque
470 471 486 490 a
512 460 668 503 praesenti
690 457 904 501 Oeeonomiae
929 456 1042 487 ruralis
1070 456 1257 489 conditione
1289 457 1445 502 alienam,
1473 455 1501 485 si
1528 457 1695 489 ostendere

222 528 337 553 coner,
363 517 445 547 hanc
472 516 673 559 disciplinam
702 515 743 545 ita
762 513 930 551 traditam,
960 520 997 543 ut
1022 513 1244 556 Philosophiae
1268 511 1428 544 Naturalis
1451 517 1570 553 partem
1589 512 1698 553 decet,

224 573 324 604 multa
354 579 503 615 'repetere
536 576 554 602 ai
577 572 721 614 cognatis
744 570 885 613 Physicis
912 568 1106 612 disciplinis,
1133 576 1164 600 et
1183 570 1321 601 vicissim
1352 567 1508 599 nonnulla
1527 569 1565 600 iis
1588 569 1703 605 redde2

221 639 279 667 re,
306 628 431 670 quibus
446 634 477 658 et
507 627 566 658 hae
586 627 732 670 adjuvari
752 633 783 658 et
803 626 884 658 laete
905 637 1043 657 crescere
1067 628 1200 668 possint.

266 685 379 715 Dicam
405 684 503 725 igitur
528 684 567 715 de
590 690 673 715 recta
692 681 878 715 Academica
902 684 1116 713 Oeconomiae
1141 682 1254 713 ruralis
1275 683 1478 714 institutione
1499 694 1577 715 cum
1597 692 1698 717 caete.

219 742 265 773 ris
289 741 467 783 disciplinis
491 739 632 782 Physicis
658 747 725 771 tam
747 746 830 770 arcte
854 739 1044 780 conjuncta,
1080 745 1116 770 ut
1136 745 1284 771 mutuam
1307 746 1340 770 et
1364 741 1573 772 necessariam
1598 752 1694 784 opem

221 796 281 828 sibi
307 796 419 828 serant.

263 855 376 884 Favete
413 852 552 895 linguis,
583 853 754 886 Auditores
770 851 1023 890 Humanissimi‚
1046 857 1215 894 vestroque
1244 851 1352 884 favore
1378 864 1429 885 me
1456 852 1582 885 dicendi
1609 854 1695 885 inso-

218 908 336 940 lentem
372 910 622 952 prosequimini,
656 920 725 941 non
759 908 867 940 habita
903 909 1027 940 ratione
1065 918 1152 939 meae
1173 907 1347 950 facultatis,
1375 910 1433 942 sed
1457 910 1630 943 voluntatis
1658 921 1697 944 ac

217 975 350 997 morum
363 965 596 998 observantiae.

261 1122 413 1155 Dicebam
434 1122 533 1155 modo
549 1113 686 1155 naturae·
703 1122 865 1162 studium,
893 1123 1106 1155 Oeconomfae
1129 1125 1242 1157 ruralis
1263 1125 1524 1169 fundamentum,
1548 1131 1582 1161 in
1604 1136 1695 1163 comi

216 1168 350 1210 'munem
384 1181 466 1211 vitae
504 1191 598 1211 usum
635 1179 714 1211 esse⁴
738 1180 1000 1212 convertendum.
1046 1181 1162 1212 Absint
1197 1185 1303 1225 itaque
1340 1195 1359 1215 a
1392 1192 1499 1216 nostra
1525 1187 1695 1230 discipli-na

218 1245 430 1277 quaecunque
458 1234 623 1277 ingeniosa
649 1237 748 1278 magis
768 1247 865 1279 quam
892 1248 965 1273 vera
991 1239 1163 1280 propositis
1178 1238 1227 1271 his
1246 1238 1367 1271 finibus
1384 1252 1450 1273 non
1468 1244 1694 1284 conti-nentur,

217 1279 300 1321 absit
339 1301 421 1322 vana
449 1291 577 1322 il‘lorum
616 1290 773 1333 gloriola,
813 1294 870 1335 qui
894 1291 1014 1324 'intima
1043 1295 1151 1324 rimari
1177 1295 1255 1326 dum
1289 1298 1350 1328 sibi
1372 1297 1521 1330 videntur
1548 1301 1699 1334 scientiae
1742 1302 1743 1305 ’

220 1345 413 1389 penetralia,
429 1347 573 1394 ¹simplex
598 1339 708 1379 verum
735 1359 801 1380 non
831 1339 1025 1393 percipiant,
1050 1351 1191 1393 speciosa
1212 1352 1290 1384 d'urn
1309 1361 1488 1395 sectantur,
1513 1357 1604 1388 utilia
1628 1369 1698 1390 non

215 1395 338 1435 curent.
384 1405 450 1435 Nec
473 1404 590 1434 minus'
605 1403 750 1447 displicet
778 1405 906 1437 illorum
933 1407 1035 1445 ratio,
1057 1409 1114 1449 qui
1143 1408 1265 1440 nullam
1291 1410 1460 1442 admittant
1501 1412 1583 1444 ultra
1611 1414 1694 1456 ligo·

213 1469 289 1490 nem
316 1448 421 1503 atquev
448 1448 826 1503 aratrum³agricolarum
847 1462 1072 1506 disciplinam,
1108 1467 1199 1507 quasi
1226 1465 1276 1497 his
1303 1466 1384 1499 levis
1410 1467 1570 1501 sufficeret
1600 1478 1693 1503 natu-

214 1525 267 1546 rae
291 1517 447 1558 cognitio.
521 1551 524 1556 ,

220 1568 223 1571 “
258 1571 321 1602 Sed
346 1579 420 1604 ante
451 1574 560 1604 omnia
583 1580 700 1605 certam
725 1585 793 1607 esse
822 1584 949 1620 oportet
977 1584 1119 1610 nostram
1146 1586 1277 1612 naturae
1315 1582 1553 1625 cognitionem:
1574 1591 1697 1616 certum

220 1633 328 1658 autem
359 1629 392 1659 in
414 1626 555 1672 Physicis
576 1623 753 1673 disciplinis
768 1632 851 1663 nihil
867 1644 934 1665 esse
954 1641 1073 1677 potest,
1097 1637 1124 1666 si
1150 1636 1189 1667 ab
1207 1638 1401 1680 experientia
1421 1650 1458 1670 ac
1474 1640 1698 1674 Mathematica

213 1682 485 1716 demonstratione
510 1685 698 1719 discesseris.
745 1688 800 1720 Ab
826 1689 876 1721 his
900 1690 1065 1735 principiis
1099 1693 1236 1724 Historia
1259 1695 1418 1726 Naturalis
1435 1696 1647 1739 proficiscitur
1663 1702 1697 1731 in

212 1740 445 1781 cognoscendis
470 1740 744 1786 disponendisque
771 1746 939 1778 universae
971 1755 1103 1779 naturae
1131 1750 1342 1793 corporibus,
1375 1759 1446 1783 tum
1465 1764 1593 1797 quoque
1610 1756 1696 1798 Phy-

214 1796 280 1825 sica
309 1795 342 1826 'rn
371 1795 488 1827 horum
515 1808 686 1840 corporum
715 1802 978 1844 proprietatibus,
1010 1804 1134 1837 viribus
1157 1814 1252 1849 atque
1278 1808 1459 1840 actionibus
1484 1811 1693 1853 exponendis,

211 1851 286 1882 Non
311 1849 371 1881 alia
397 1854 540 1894 agnoscit
563 1854 694 1894 Chemia
721 1858 870 1890 scientiae
901 1861 1077 1904 principia,
1101 1861 1180 1893 dum
1205 1863 1361 1906 analytice
1381 1871 1448 1910 aut*
1465 1867 1641 1907 synthetice
1660 1870 1694 1901 in

212 1901 462 1951 particularum,
485 1910 604 1955 quibus
630 1906 764 1957 corpora
793 1921 968 1957 constent,
1001 1924 1149 1950 naturam
1173 1921 1319 1964 inquirit.
1374 1920 1541 1967 Quidquid
1564 1935 1693 1964 verum,

1044 1974 1080 2006 Δ
1103 1975 1126 2008 3
1601 1981 1694 2024 quid-
