1913 2417
640 185 1031 219 ORATIO.
1535 191 1574 227 17

96 289 241 333 periant,
264 289 412 321 admirari
441 288 570 333 quidem
597 294 721 332 potest,
743 286 841 317 fidem
866 292 973 318 autem
1002 286 1065 316 illis
1092 283 1270 316 habendam
1297 283 1409 326 jubere
1436 281 1556 326 nequit.

96 346 192 378 Aliud
216 357 292 389 ergo
316 347 408 378 altius
431 347 592 378 criterium
613 355 680 376 esse
704 343 814 381 debet,
836 343 876 374 ad
897 342 986 385 quod
1004 342 1163 385 judicium
1187 341 1358 384 dirigatur,
1381 340 1436 371 sed
1456 340 1560 383 quod·

95 403 195 433 nam?
238 405 334 434 Estne
366 403 445 435 fides
478 410 660 446 temporum
693 400 927 443 antiquorum?
973 401 1068 430 Estne
1101 398 1248 429 ecclesiae
1271 403 1396 439 recepta
1422 407 1457 427 ac
1482 391 1560 427 con'-

95 465 228 497 secrata,
252 470 292 490 an
317 470 446 498 eorum,
468 461 526 502 qui
543 453 751 496 dissentiunt,
776 457 910 499 opinio?
954 455 1098 486 Minime.
1143 456 1254 486 Unum
1281 460 1406 485 tantum
1429 459 1476 483 est
1499 453 1558 483 cri-

97 514 229 552 terium,
253 515 360 557 quod,
385 522 422 547 ut
449 516 570 559 legem,
593 518 682 558 sequi
704 524 764 545 nos
790 519 916 556 oportet
936 514 970 544 in
995 510 1184 542 adhibendis
1208 521 1369 541 sacrarum
1394 510 1558 541 literarum

95 568 205 608 dictis,
236 571 275 602 ad
308 574 485 614 systematis
516 572 805 615 compositionem,
837 568 1011 612 petendum
1047 578 1066 598 a
1100 567 1222 598 ratione
1252 567 1409 610 practica,
1442 565 1562 598 scilicet

95 624 240 657 doctrina
261 639 399 661 morum.

141 682 200 713 Sed
224 695 264 715 ne
285 696 447 728 perperam
473 686 643 729 intelligas,
668 697 735 717 non
763 686 854 717 istam
881 682 1050 715 defendere
1066 680 1141 713 volo
1156 681 1431 724 propositionem,
1453 689 1566 722 quam-z

98 749 196 780 quam
225 751 317 784 saepe
339 742 472 782 factam,
495 754 576 786 quae
601 745 709 774 omnia
737 745 771 773 in
797 742 959 783 Scriptura
992 749 1078 769 sacra
1107 737 1268 768 moraliter
1299 735 1368 768 vult
1397 735 1564 778 explicari,

96 801 129 825 et
160 801 320 845 tamquam
343 798 510 841 probitatis
542 809 689 830 normam
721 797 908 829 hominibus
935 794 1177 827 accommodari.
1226 795 1293 824 Hoc
1320 792 1407 823 enim
1437 791 1566 834 proprie

97 850 183 882 nihil
210 851 291 885 foret
321 854 424 891 aliud,
458 855 521 886 nisi
550 865 678 886 morum
706 853 884 885 doctrinam
919 855 1099 895 Scripturae
1147 860 1251 881 sacrae
1282 848 1475 886 obtrudere3
1508 858 1567 878 nec

97 907 206 939 minus
228 911 408 942 auctoritati
428 913 497 954 ejus
525 919 606 944 esset
637 911 791 947 noxium,
823 920 920 953 quam
945 910 973 940 si
999 909 1073 951 quis
1100 917 1173 939 suas
1202 906 1372 949 opiniones
1401 904 1440 936 de
1472 903 1567 935 rebus

99 963 140 994 ad
165 964 261 997 fidem
290 968 544 1010 pertinentibus,
570 980 628 1011 pro
651 968 805 999 arbitratu
835 966 944 1004 fictas,
976 966 1006 997 ei
1033 965 1178 1007 ingerere
1203 962 1309 994 vellet.
1354 963 1424 993 Mea
1439 967 1569 992 senten·

98 1019 142 1051 tia
164 1023 271 1063 potius
300 1023 377 1056 haec
400 1031 468 1056 est:
493 1036 621 1056 morum
654 1024 834 1055 doctrinam
866 1023 982 1055 debere
1014 1021 1208 1056 decernere,
1235 1029 1395 1061 quaenam
1427 1017 1496 1048 loca
1524 1016 1564 1047 ab

98 1074 270 1120 interprete
287 1079 428 1123 legitima
451 1082 574 1112 ratione
597 1080 752 1111 illustrata
774 1086 937 1122 tamquam
967 1077 1154 1119 dogmatum
1177 1074 1385 1106 fundamenta
1406 1073 1471 1104 sint
1489 1083 1570 1103 con-

97 1131 275 1167 sideranda.
320 1136 542 1180 Philosophiae
573 1137 784 1180 speculativae
816 1135 1055 1167 enuntiationes
1083 1133 1256 1164 mutationi
1283 1138 1359 1163 sunt
1389 1129 1567 1168 obnoxiae,

97 1194 130 1219 et
154 1191 223 1232 pari
257 1192 356 1224 modo
379 1205 447 1226 non
477 1194 600 1233 solum,
629 1204 710 1237 quas
735 1192 876 1235 origines
908 1191 1098 1229 habuerint,
1127 1189 1182 1221 sed
1213 1189 1329 1225 etiam,
1360 1197 1440 1230 quas
1463 1192 1569 1217 muta-

96 1243 202 1277 tiones
227 1249 525 1293 vicissitudinesque
553 1256 682 1293 experta
709 1250 775 1280 sint
803 1247 997 1291 Theologiae
1023 1246 1212 1278 theoreticae
1237 1244 1405 1287 dogmata,
1435 1242 1567 1274 eviden-

99 1305 149 1332 ter
170 1310 277 1346 potest
301 1307 531 1346 demonstrari,
555 1317 685 1338 morum
713 1312 819 1337 autem
849 1292 994 1335 doctrina
1017 1309 1132 1334 manet.
1180 1304 1385 1344 Quamquam
1409 1298 1448 1330 de
1476 1300 1566 1342 prin-

93 1357 189 1400 ‘cipiis
221 1362 290 1403 ejus
323 1362 472 1394 differant
508 1364 705 1400 sententiae,
737 1362 805 1403 ejus
836 1360 923 1404 leges
939 1385 949 1398 ,
980 1360 1104 1391 ratione
1136 1359 1274 1402 practica
1304 1360 1413 1394 nixae,
1445 1365 1569 1398 semper

99 1421 177 1445 sunt
202 1417 347 1458 eaedem,
378 1418 419 1450 ab
444 1419 627 1450 aeternitate
651 1417 776 1450 ducunt
804 1417 962 1460 originem
977 1440 987 1456 ‚
1020 1423 1051 1448 et
1077 1417 1111 1447 in
1137 1422 1302 1447 aeternum
1332 1424 1433 1456 usque
1459 1421 1567 1442 mane-

101 1467 203 1510 bunt;
231 1484 272 1504 ue
301 1476 387 1505 Deus
413 1475 545 1518 quidem
574 1485 626 1506 eas
657 1481 781 1506 mutare
809 1473 913 1511 valet,
949 1484 1017 1505 non
1046 1472 1234 1504 mortalibus
1261 1476 1387 1502 tantum
1416 1467 1568 1499 omnibus

99 1535 138 1556 ac
160 1527 312 1569 singulis,
341 1530 396 1562 sed
422 1531 481 1574 ipsi
508 1542 638 1574 quoque
670 1532 740 1561 Deo
772 1529 1005 1561 immutabilem
1031 1528 1207 1560 voluntatis
1239 1538 1274 1558 ac
1304 1527 1460 1557 tactorum
1490 1534 1568 1554 nor·

103 1591 190 1613 mam
226 1592 387 1627 praestant
419 1587 490 1617 illae
518 1587 626 1629 leges,
655 1587 775 1629 quippe
796 1586 1019 1617 sanctissimae.
1063 1583 1280 1615 Consulantur
1304 1583 1410 1625 itaque
1439 1580 1510 1612 illae
1536 1580 1571 1610 in

101 1640 288 1682 Scripturae
311 1653 417 1674 sacrae
440 1643 533 1675 dictis
555 1642 759 1674 aestimandis
786 1652 822 1673 ac
852 1640 1108 1684 perpendendis;
1139 1641 1173 1672 in
1201 1639 1382 1671 subsidium
1411 1637 1569 1668 advocen-

106 1701 162 1727 tur
194 1697 229 1727 in
262 1697 458 1731 deducendis
487 1711 526 1731 ex
555 1699 609 1730 illa
637 1697 862 1741 dogmatibus,
895 1697 1072 1740 iisdemque
1106 1696 1280 1740 probandis
1310 1706 1346 1726 ac
1382 1693 1569 1730 firmandis,

106 1758 176 1785 tum
201 1752 392 1797 Theologiae
421 1755 609 1787 theoreticae
632 1754 814 1786 aedificium
840 1754 959 1785 nitetur
981 1753 1070 1785 bono
1099 1752 1331 1791 fundamento,
1350 1757 1382 1782 et
1410 1750 1483 1781 licet
1511 1748 1571 1780 ob-

107 1817 200 1839 scura
222 1816 317 1852 atque
345 1811 576 1855 inexplicabilis
600 1811 744 1843 humano
770 1811 900 1853 ingenio
931 1810 1036 1853 aliqua
1059 1811 1100 1841 sit
1127 1811 1306 1852 Scripturae
1338 1818 1443 1839 sacrae
1467 1817 1571 1839 enun-
1591 1795 1597 1803 ¹

110 1864 216 1902 tiatio,
239 1865 309 1897 licet
335 1877 371 1898 ea
391 1868 610 1899 rationalismo
630 1868 742 1906 lateat,
767 1878 869 1910 quum
891 1877 1020 1898 morum
1045 1867 1190 1898 doctrina
1215 1866 1262 1896 illi
1289 1864 1373 1897 haud
1395 1868 1571 1907 repugnat,

113 1919 149 1950 in
177 1927 311 1963 systema
338 1922 528 1967 Theologiae
553 1932 600 1956 est
623 1923 824 1967 recipiendar,
845 1922 973 1965 praebet
997 1924 1084 1954 enim
1110 1922 1260 1965 theologo
1286 1921 1423 1964 dignum
1446 1919 1579 1961 indaga·

118 1976 205 2009 tione
245 1986 468 2022 argumentum
482 2004 491 2019 ‚
528 1981 746 2014 concionatori
787 1980 912 2024 largum
951 1979 1127 2013 salubrium
1166 1984 1408 2023 praeceptorum
1439 1975 1580 2011 fontem,

915 2037 940 2068 C
1109 2036 1136 2038 ’”
1510 2028 1582 2072 qui-
