1913 2417
277 178 315 207 62
619 176 653 207 P.
727 173 1455 213 J.UYLENBROEK

286 260 444 291 secundum
473 259 613 290 saniorem
648 260 784 288 rationem
808 258 1070 295 explicationibus,
1098 268 1178 289 suam
1204 259 1363 290 defenderet
1395 259 1575 290 sententiam.
1616 259 1693 292 Inter
1717 259 1792 297 hos,

288 312 401 350 quippe
431 312 538 347 quibus
572 311 699 340 nondum
733 310 918 339 innotuerant
950 317 1098 340 accuratae
1129 311 1275 348 gravitatis
1295 318 1323 341 et
1347 312 1482 348 ponderis
1505 310 1706 347 definitiones,
1734 318 1795 346 tan-

286 370 347 392 tum
374 363 528 400 agebatur,
554 371 593 391 an
616 370 680 398 pars
715 362 796 390 ssuidi
828 362 863 390 ab
894 362 991 391 eodem
1023 362 1112 392 fluido
1139 363 1318 400 homogeneo
1341 363 1455 398 cincta,
1486 362 1527 391 ibi
1549 362 1579 391 in
1601 363 1687 399 loco,
1708 371 1794 400 quem

287 414 470 451 occupabat,
492 413 661 450 gravitatem
687 418 831 448 servaret,
852 421 887 441 an
909 413 949 441 ibi
967 415 1082 449 pondus
1105 421 1258 444 exsereretz
1282 415 1311 443 hi
1336 415 1492 449 affirmant,
1511 413 1560 443 alii
1581 421 1696 451 negant.
1734 414 1795 452 Qui

285 467 442 500 affirmant,
464 473 516 494 sua
538 464 642 493 habent
664 471 849 500 argumenta3
871 464 941 492 alter
963 464 1045 494 affert
1068 472 1155 494 suum
1184 472 1274 495 utrem
1301 467 1361 495 aete
1381 466 1552 502 impletum,
1580 471 1609 495 et
1630 474 1664 494 co
1687 466 1800 503 gravio·

287 526 364 552 rem,
385 525 471 553 quam
491 524 627 545 vacuum.
667 516 749 544 Alter
773 523 841 544 vero
860 515 993 544 ostendit
1019 515 1076 544 duo
1101 517 1231 546 diversae
1253 518 1402 547 densitatis
1431 517 1518 546 fluida
1539 525 1600 546 esse
1623 518 1653 545 in
1677 516 1796 552 aequili-

288 569 375 604 brio,
405 567 562 596 dummodo
587 566 678 595 levius
699 567 801 596 efficiat
820 567 922 605 majori
947 567 1116 603 altitudine,
1146 569 1226 604 quod
1253 569 1367 605 gravius
1401 568 1484 597 efficit
1510 568 1610 605 majori
1636 569 1792 605 gravitate,

281 626 315 649 vet
337 628 370 648 ex
393 619 444 648 illo
465 617 638 654 aequilibrio
652 619 853 654 pressionem,
877 619 919 647 uti
935 627 970 647 ex
992 619 1140 655 pressione
1159 619 1322 656 gravitatem
1341 620 1467 650 deducit.
1508 619 1569 656 Qui
1591 626 1713 655 negant,
1734 619 1796 649 suis

286 669 468 707 argumentis
488 678 553 700 mon
577 675 646 698 sunt
669 670 817 699 destituti,
853 670 900 699 Ex
924 669 1162 706 definitionibus,
1191 678 1262 706 quas
1285 676 1419 707 ponunt,
1447 671 1481 699 de
1510 669 1624 698 levitate
1651 676 1679 698 et
1707 670 1800 706 gravi-

291 728 351 751 tate
375 722 514 759 judicant.
551 721 686 750 Fluidum
717 721 746 751 in
766 722 833 750 loco
856 722 979 750 naturali
997 722 1113 758 corpori
1136 720 1260 758 graviori
1280 720 1430 757 innatans,
1450 721 1482 749 in
1500 720 1555 749 hoc
1578 729 1638 750 non
1654 722 1796 757 gravitat,

287 773 340 802 sed
367 773 480 802 ‘levitae
530 772 666 801 fluidum
697 780 757 801 non
789 773 962 801 descendens
987 773 1016 801 in
1038 772 1160 808 aliq-uo,
1193 779 1243 800 aut
1273 772 1309 800 ab
1336 773 1438 808 aliquo
1467 772 1524 800 alio
1556 780 1707 808 pressum,
1735 780 1796 801 non

283 823 412 860 premit,
434 832 493 852 nou
518 823 658 860 gravitat,
687 824 737 852 sed
765 829 877 852 tantum
904 822 990 852 habet
1011 823 1201 859 aptitudinem
1233 824 1268 852 ad
1299 823 1503 859 premendum,
1533 822 1594 851 sive
1622 823 1800 859 pressionem

288 875 526 911 aptit-udinalem,
557 883 629 911 quae
652 875 764 910 pressio
785 874 984 911 aptitudinaiis
1009 874 1044 902 fit
1070 874 1210 910 actualis,
1243 874 1454 911 quamprimum
1486 873 1518 902 fit
1542 873 1660 903 fluidum
1682 874 1799 903 descen-

279 926 356 955 ‹dens
381 926 411 954 in
434 926 553 962 aliquo,
574 931 624 954 aut
647 925 681 953 ab
703 925 806 961 aliquo
831 931 875 954 est
899 926 957 954 alio
982 933 1124 961 pressum.

324 977 405 1005 Patet
429 985 464 1005 ex
495 976 541 1004 his
571 975 717 1012 diversis,
742 984 816 1011 quas
838 976 964 1011 quisque
989 984 1041 1012 pro
1065 984 1116 1005 sua
1142 984 1228 1005 causa
1249 976 1347 1011 affert,
1377 976 1556 1011 rationibus,
1583 983 1644 1005 non
1671 975 1706 1004 ab
1738 983 1796 1004 uno

285 1028 413 1064 quodam
435 1026 584 1063 «principio
609 1027 639 1055 in
660 1026 698 1054 rei
725 1033 826 1054 natura
853 1026 974 1055 fundato
994 1026 1189 1062 philosophos
1213 1026 1281 1055 illos
1304 1027 1397 1055 fuisse
1417 1035 1607 1063 progressos,
1627 1033 1712 1062 atque
1732 1027 1800 1055 hine

282 1086 422 1115 magnum
449 1078 532 1106 illum
559 1077 722 1106 dissensum
737 1077 881 1114 originem
903 1085 995 1106 suam.
1009 1077 1127 1106 dixisse.
1167 1076 1260 1105 Simul
1281 1085 1350 1106 vero
1372 1077 1594 1107 animadvertere
1612 1084 1676 1112 est,
1696 1077 1802 1106 Schot-

282 1135 367 1166 tum,
390 1128 440 1165 qui
464 1128 569 1157 summi
592 1127 772 1158 Archimedis
798 1128 973 1165 principium
999 1127 1210 1164 hydrostatices
1234 1130 1264 1158 in
1279 1128 1442 1157 subsidium
1464 1127 1629 1163 vocaverit,
1649 1136 1684 1156 eo
1706 1134 1801 1157 tamen

284 1182 443 1211 adductum
469 1179 566 1210 fuisse
591 1181 628 1210 acl
656 1179 799 1216 duplicem
831 1179 1030 1216 gravitationis
1061 1179 1184 1215 speciem
1217 1180 1419 1209 admittandam
1438 1200 1449 1215 ‚
1475 1179 1575 1216 potius
1601 1178 1690 1208 verbo
1713 1186 1800 1215 quam

272 1235 318 1261 're
339 1232 493 1262 diversam.
530 1231 616 1269 Quid
638 1231 712 1261 enim
737 1232 816 1260 aliud
839 1237 883 1260 est
902 1231 951 1260 illa
966 1230 1121 1268 gravitatio
1143 1231 1344 1267 aptitudinalis
1364 1231 1422 1260 nisi
1444 1238 1514 1260 vuera
1535 1229 1707 1267 gravitatio,
1727 1237 1800 1266 quae

282 1289 399 1313 tantum
426 1283 602 1320 impeditur,
623 1283 782 1320 quominus
809 1281 846 1312 ab
871 1282 963 1311 oculis
987 1282 1177 1317 observetur,
1198 1288 1226 1310 et
1248 1290 1341 1318 quae,
1361 1288 1396 1310 ut
1418 1281 1480 1316 ait,
1505 1280 1537 1309 fit
1556 1280 1699 1316 actualis,
1729 1280 1750 1310 i.
1773 1289 1801 1310 e.

283 1334 484 1371 observanda,
513 1342 598 1371 quam
630 1335 756 1371 primum
780 1333 902 1362 fluidum
928 1332 1110 1362 extrinsecus
1140 1339 1312 1369 prematur,
1342 1333 1388 1361 vel
1413 1331 1606 1363 descendendi
1636 1331 1803 1362 facultatem

282 1386 428 1415 obtineat.
1349 1412 1353 1417 ,
1395 1411 1399 1413 Α
1519 1411 1525 1413 .
1579 1411 1584 1414 ⁴
1649 1411 1651 1413 .

325 1436 399 1466 Non
422 1443 517 1466 autem
539 1442 650 1465 tantum
671 1443 767 1465 revera
792 1436 865 1466 inter
893 1435 1064 1465 recentiores
1092 1435 1184 1465 fuisse
1207 1436 1390 1470 dissensum,
1418 1443 1450 1464 ac
1471 1435 1594 1471 primum
1620 1434 1735 1470 quidem
1758 1435 1802 1464 vi-

293 1488 395 1522 detur,
415 1488 470 1524 jam
496 1487 582 1516 nobis
607 1487 857 1516 demonstrandum
882 1486 1033 1516 incumbit.
1073 1487 1188 1515 Etenim
1211 1493 1280 1522 post
1310 1486 1450 1522 Boyleum
1473 1494 1606 1522 magnum
1633 1486 1712 1514 illum
1738 1485 1802 1523 Hy-

286 1538 510 1567 drostaticorum
538 1538 771 1574 reformatorem,
800 1537 942 1574 principia
966 1546 1000 1566 ex
1024 1538 1087 1573 ipsa
1109 1537 1190 1566 fluidi
1214 1544 1313 1566 natura
1335 1537 1441 1573 petita,
1473 1545 1596 1573 posuere
1622 1536 1689 1566 VV.
1712 1537 1801 1573 DD.,

283 1590 446 1618 secundum
475 1598 546 1626 quae
569 1589 599 1618 in
624 1590 675 1618 hac
702 1589 752 1617 lite
770 1589 852 1618 etiam
879 1588 960 1617 fuere
984 1589 1155 1618 ratiocinari.
1201 1588 1357 1627 Quomodo
1382 1587 1491 1617 fuerint
1518 1588 1699 1623 ratiocinati,
1729 1589 1800 1617 satis

284 1649 430 1677 superque
454 1641 483 1670 in
509 1639 688 1677 praecedenti
719 1639 812 1675 capite
835 1639 1025 1670 ostendimus.
1066 1639 1154 1668 Nunc
1183 1645 1295 1668 tantum
1317 1639 1470 1676 praecipua
1493 1639 1608 1676 capita,
1637 1639 1671 1668 de
1694 1639 1801 1676 quibus

266 1692 456 1721 'dissensisse
482 1692 634 1727 videntur,
655 1697 724 1720 sunt
746 1691 909 1720 indicanda.
1146 1698 1149 1702 ⁴
1414 1694 1417 1698 “

327 1743 423 1778 Cum,
454 1744 496 1772 uti
521 1743 668 1778 vidimus,
700 1742 824 1779 gravitas
849 1748 876 1770 et
901 1742 1018 1778 pondus
1049 1742 1163 1778 saepius
1189 1741 1422 1777 confundantur,
1452 1740 1653 1777 inquirendum
1677 1746 1739 1777 est,
1760 1749 1802 1783 van

286 1791 364 1821 forte
388 1794 416 1821 in
439 1800 538 1823 nostra
560 1795 611 1823 lite
637 1793 780 1831 ejusmodi
804 1793 979 1830 permutatio
1004 1793 1101 1822 locum
1129 1792 1270 1822 habuerit.
1315 1793 1397 1821 Hanc
1426 1792 1463 1820 ob
1488 1800 1602 1821 causam
1630 1792 1799 1828 videamus,

288 1850 431 1879 quantum
457 1845 516 1874 fieri
550 1845 647 1882 possit
673 1850 821 1881 accurate,
854 1844 964 1880 qualem
988 1844 1113 1881 quisque
1135 1844 1352 1881 gravitatIOnem
1374 1843 1555 1872 intellexerit.

329 1892 529 1931 Hesselingius
561 1897 590 1925 in
620 1895 745 1924 Praefat.
776 1896 930 1925 Dissertat.
965 1903 1031 1924 suae
1065 1895 1196 1932 Belgicae
1222 1903 1253 1931 p.
1286 1895 1320 1924 16
1350 1894 1620 1923 animadversionem
1642 1894 1721 1924 doct.
1746 1901 1802 1923 van

288 1944 406 1974 Marum
424 1945 582 1982 refellens,
605 1955 684 1982 „van
703 1946 816 1975 Marum
826 1946 859 1981 ξ’
880 1946 995 1982 inquit,
1020 1955 1136 1983 „meam
1151 1952 1273 1974 evertere
1292 1944 1458 1974 sententiam
1473 1951 1609 1981 conatur,
1631 1946 1681 1975 sed
1701 1952 1804 1982 quam-

284 1996 374 2027 nam?
401 2006 483 2033 earn,
507 2005 562 2034 qua
586 2005 759 2033 statuerem,
789 2004 898 2034 partem
921 1997 1005 2028 fluidi
1036 1998 1067 2028 in
1091 1997 1181 2026 fluido
1206 1996 1312 2026 nullam
1336 1996 1526 2033 gravitatem,
1553 1997 1664 2027 nullum
1691 1996 1806 2033 pondus

1757 2046 1807 2076 ab·
