1913 2417
359 170 635 202 RESPONSIO
663 179 710 200 AD
737 166 1109 209 QUAESTIONEM
1133 165 1469 198 LITERARIAM.
1639 171 1673 203 ¹3

165 255 225 284 fieri
240 254 355 292 potuit,
383 256 574 286 Athenienses
594 261 730 292 putamus
751 256 887 290 curasse,
912 262 948 282 ne
975 253 1006 282 in
1029 252 1065 282 iis
1083 252 1196 288 ξυνόδοις
1212 251 1247 279 de
1270 250 1354 279 rebus
1380 250 1504 287 alicujus
1530 247 1668 278 momenti

161 313 300 343 ageretur.

203 358 341 387 Pecuniae
366 357 454 394 igitur
476 358 655 393 naviumque
678 365 836 390 numerus,
858 356 922 384 item
950 361 1109 384 conventus
1132 354 1162 383 in
1184 353 1278 382 insula
1301 352 1375 381 Delo
1400 351 1434 380 ab
1453 351 1579 380 Aristide
1605 358 1676 386 pau-

167 409 197 436 10
224 416 292 444 post
314 410 434 437 delatam
457 410 491 437 ad
514 409 705 437 Athenienses
730 411 876 443 ἡγεμονίαν
901 407 1056 435 constituti
1079 412 1158 434 sunt.
1198 404 1286 441 Quod
1310 411 1400 439 quum
1426 401 1563 436 fecisset,
1587 400 1678 429 Grae-

165 467 216 487 cos
236 460 421 496 jurejurando
445 460 621 493 obstrinxit,
653 458 754 487 massis
788 458 885 486 ferreis
916 458 944 486 in
973 465 1047 485 mare
1079 456 1237 493 conjectis,
1267 462 1298 483 se
1329 453 1475 482 societatis
1509 454 1583 488 leges
1618 459 1677 479 non

166 518 229 538 esse
256 512 437 547 neglecturos
457 511 534 547 (Ι).
575 510 671 547 Quum
703 516 794 537 autem
824 516 923 544 postea
959 508 1145 545 jurisjurandi
1185 507 1264 535 illius
1295 505 1447 534 sanctitate
1480 501 1674 531 Athenienses

168 560 393 596 impedirentur,
416 562 572 596 quominus
597 561 742 589 societatis
770 559 950 588 conditiones
985 560 1142 593 violarent,
1180 558 1242 594 ipse
1271 556 1389 593 perjurii
1420 562 1538 591 poenam
1576 560 1675 580 susce-

168 612 237 648 pit,
257 612 428 647 civibusque
446 612 557 646 suasit,
579 619 631 646 ut,
654 612 801 647 quomodo
816 611 956 646 optimum
983 610 1055 646 ipsis
1080 610 1239 644 videretur,
1278 607 1479 642 rempublicam
1503 604 1682 633 administra-

169 669 232 691 rent
255 663 344 700 (2);
369 663 447 698 quod
469 663 581 691 facinus
599 664 745 698 quomodo
763 663 917 690 celebratae
934 661 986 689 viri
1009 660 1137 697 justitiae
1159 666 1379 688 consentaneum
1404 657 1464 692 sit,
1492 665 1546 685 nos
1565 655 1680 691 quidem

171 722 232 742 non
254 714 463 750 intelligimus3
487 722 545 742 non
567 715 641 743 enim
667 713 797 742 excusari
819 721 905 748 posse
929 713 1060 748 videtur,
1093 711 1171 747 quod
1199 710 1306 746 patriae
1329 717 1424 737 amore
1447 708 1602 744 abreptus,
1631 706 1680 734 da-

170 772 226 794 tam
251 764 333 794 fidem
362 765 506 794 fefellerit.

213 816 386 851 Caeterum,
416 816 551 851 quoniam
582 825 617 844 ex
641 816 703 852 ipsa
725 825 797 845 voce
820 816 964 850 αὐτόνομος
986 821 1083 851 patet,
1115 814 1220 842 liberos
1253 812 1351 841 socios
1383 810 1495 846 legibus
1523 809 1583 837 suis
1613 815 1686 836 usos

173 867 287 902 fuisse,
308 868 415 896 nullam
439 867 636 895 existimamus
659 867 750 895 fuisse
770 866 989 894 Atheniensium
1011 865 1040 893 in
1062 865 1171 892 interna
1191 871 1290 892 eorum
1315 861 1560 890 administratione
1584 865 1683 887 aucto-

172 919 294 947 ritatem.
334 917 526 956 Quamobrem
553 918 587 946 de
608 919 785 953 privatorum
807 917 907 945 litibus
928 916 1001 945 nihil
1020 915 1170 944 dicendum
1189 915 1344 948 habemus,
1366 913 1412 940 sin
1436 920 1504 940 vero
1524 911 1594 939 duas
1612 910 1685 937 inter

134 990 137 993 .
173 976 307 998 civitates
329 969 477 996 contentio
499 969 637 1002 oriretur,
670 968 842 1002 verisimile,
872 975 904 995 ut
927 974 1010 995 antea
1033 967 1177 1000 diximus,
1207 964 1293 992 nobis
1319 964 1449 998 videtur,
1478 970 1536 990 eam
1565 969 1620 1000 rem
1645 959 1681 989 ad

177 1027 372 1053 conventum,
394 1020 444 1053 qui
473 1019 535 1046 Deli
569 1018 746 1053 habebatur,
775 1019 896 1046 delatam
919 1017 1022 1046 fuisse.
1063 1016 1184 1051 saepius
1208 1014 1291 1043 etiam
1322 1013 1422 1041 tertius
1455 1012 1584 1049 populus
1613 1010 1689 1039 arbi<

176 1077 219 1099 ter
238 1070 419 1105 eligebatur,
450 1077 533 1105 quem
565 1070 701 1098 honorem
733 1069 958 1097 Atheniensibus
988 1067 1154 1104 saepissime
1185 1066 1307 1094 delatum
1337 1073 1399 1093 esse
1437 1062 1579 1099 suspicari
1609 1061 1685 1090 licet.

175 1120 277 1149 Postea
300 1128 389 1155 quum
414 1121 469 1156 J'am
493 1120 548 1154 ipsi
577 1122 715 1155 αὐτόνομοι
746 1120 862 1148 nomine
891 1120 982 1156 magis
1007 1127 1091 1154 quam
1117 1126 1145 1146 re
1170 1117 1252 1145 liberi
1276 1122 1391 1150 essent,
1417 1114 1607 1143 Athenienses
1634 1112 1692 1140 hoc

179 1172 237 1200 sibi
256 1171 350 1200 deberi
371 1171 594 1206 existimarunt3
624 1172 709 1208 cujus
735 1171 773 1199 rei
794 1171 955 1206 exemplum
988 1169 1027 1197 sit
1058 1169 1201 1198 dissensio
1235 1167 1369 1196 Milesios
1403 1166 1475 1194 inter
1499 1170 1527 1193 et
1558 1163 1692 1198 Samios,

178 1231 244 1252 nam
272 1222 301 1250 hi
332 1228 407 1250 certe
440 1223 566 1250 nondum
599 1229 676 1250 erant
706 1222 855 1259 subJ'ecti3
885 1222 1035 1253 jusserunt
1059 1227 1152 1248 tamen
1183 1228 1233 1249 eos
1265 1218 1454 1247 Athenienses
1488 1217 1564 1249 δίκαις
1591 1215 1692 1250 λαβεῖν

178 1275 226 1304 καὶ
251 1275 339 1303 δοῦναι
363 1273 429 1309 παρ’
452 1276 565 1308 αὐτοῖς,
596 1280 627 1300 ut
649 1280 692 1302 est
716 1274 792 1309 apud
821 1272 1008 1300 Plutarchum
1042 1271 1072 1299 in
1103 1271 1234 1304 Pericle,
1256 1279 1283 1299 c.
1302 1277 1349 1305 25.
1688 1270 1690 1272 '

220 1325 353 1360 Denique
377 1325 432 1352 hoc
458 1331 664 1359 observemus,
696 1324 935 1359 quemadmodum
964 1321 1180 1350 Lacedaemonii
1208 1320 1425 1356 OIigarchiam,
1451 1319 1514 1355 (3)
1542 1318 1582 1346 ita
1605 1316 1695 1345 Athe-

181 1375 295 1404 nienses
326 1375 555 1410 Democratiam‚
586 1375 616 1404 id
635 1381 696 1409 est,
734 1382 812 1402 suam
844 1373 1018 1408 reipublicae
1047 1371 1166 1400 formam
1198 1371 1308 1406 ublque
1337 1370 1516 1398 introducere
1546 1368 1693 1396 voluisse:

181 1426 231 1453 cui
252 1424 311 1460 rei,
340 1424 412 1459 quin
436 1425 492 1461 jam
523 1425 599 1460 apud
629 1427 791 1461 αὐτονόμους
815 1432 927 1460 operam
959 1422 1104 1456 dederint,
1132 1421 1256 1450 dubitari
1290 1420 1418 1456 nequit3
1449 1427 1538 1456 quum
1566 1427 1597 1446 ea
1628 1425 1696 1453 τες,

183 1484 289 1513 quam,
310 1475 449 1512 subjectis
474 1476 530 1511 jam
559 1476 669 1510 sociis,
691 1476 771 1504 cordi
796 1474 882 1504 fuerit
908 1473 999 1510 ipsis,
1020 1473 1133 1500 abunde
1155 1477 1280 1500 constet.

221 1527 309 1555 Nunc
347 1527 381 1554 de
404 1527 528 1555 coloniis
560 1529 734 1563 αὐτονόμοις,
762 1533 795 1555 ut
830 1531 910 1554 antea
942 1523 1168 1558 constituimus,
1197 1523 1331 1558 quaedam
1365 1522 1520 1559 adjicienda
1546 1521 1691 1550 videntur.

180 1577 252 1607 Non
266 1583 376 1606 tantum
394 1578 467 1605 enim
479 1597 490 1612 ,
512 1586 583 1613 quae
600 1579 634 1606 de
647 1578 764 1607 caeteris
779 1577 933 1613 αὐτονόμοις
951 1575 1098 1610 diximus,
1119 1582 1184 1602 cum
1203 1573 1275 1610 ipsis
1292 1572 1474 1607 communia,
1496 1580 1595 1602 verum
1611 1571 1694 1600 etiam

180 1629 301 1667 propria
325 1628 382 1656 sibi
406 1629 497 1656 multa
526 1629 698 1658 habuerunt.

224 1680 394 1715 Praecipuae
416 1680 635 1708 Atheniensium
657 1679 788 1709 coloniae
808 1685 956 1714 tempore,
979 1686 1039 1713 quo
1065 1678 1199 1713 ἡγεμονίαι
1221 1677 1254 1706 ad
1279 1677 1360 1713 ipsos
1386 1674 1534 1712 pervenit,
1563 1679 1642 1703 erant
1664 1673 1694 1702 in

187 1730 289 1766 Ionia,
310 1730 410 1759 Aeolia
432 1736 459 1757 et
476 1730 504 1759 in
522 1731 668 1767 plerisque
686 1730 768 1759 maris
791 1730 894 1766 Aegaei
913 1728 1034 1757 insulis:
1059 1737 1123 1756 nam
1145 1729 1297 1763 coloniae,
1320 1736 1391 1764 quas
1416 1727 1445 1756 in
1465 1726 1591 1754 Siciliam
1615 1724 1699 1752 mise«

188 1788 276 1817 runt,
304 1780 566 1818 praetermittendae
586 1788 672 1818 sunt,
698 1782 833 1818 quoniam
868 1780 975 1809 nullam
999 1780 1192 1816 metropoleos
1225 1779 1363 1809 rationem
1390 1778 1563 1808 habuerunt.
1612 1775 1699 1803 Certe

1613 1825 1707 1857 Athe·

213 1922 264 1951 (ι)
287 1923 321 1945 De
341 1925 385 1946 hoc
403 1931 485 1952 genere
503 1926 647 1953 jurisjurandi
676 1925 724 1948 vid.
744 1922 826 1946 Herod.
842 1924 860 1947 1.
884 1930 905 1945 c.
924 1921 962 1946 165
974 1936 981 1947 ,
1004 1921 1080 1948 ibique
1100 1922 1267 1949 Wumltngr'm.

214 1964 266 1992 (2)
290 1964 343 1988 vta.
364 1966 428 1992 etur,
448 1969 472 1991 in
492 1968 598 1990 Artm'aa
621 1975 642 1992 c.
656 1973 684 1992 25
700 1967 732 1989 tn·
897 1964 951 1993 (s)
975 1962 1072 1988 Ttaucyd,
1094 1963 1120 1990 ¹.
1143 1968 1177 1991 ¹9·

952 2003 1013 2040 Ba
