1913 2417
315 159 330 189 s
656 154 1482 198 r.J.UYLENBROEK

359 239 487 270 Tandem
512 241 693 271 manifestum
717 246 778 276 est,
808 240 961 269 fluidorum
989 240 1152 276 pressiones
1173 239 1203 268 in
1230 241 1312 270 bases
1333 249 1366 269 eo
1390 240 1453 269 fore
1480 240 1622 277 maiores,
1650 247 1708 275 quo
1734 239 1821 278 majo-

326 300 369 320 res
393 292 472 328 ipsae
494 293 575 320 bases
600 292 715 320 suerint.
756 291 901 320 Ponamus
924 299 954 320 v.
979 299 1008 327 g.
1031 291 1112 320 basin
1137 291 1283 328 cujusdam
1309 291 1385 320 vasis
1406 291 1496 320 dividi
1522 291 1551 319 in
1576 297 1670 326 partes
1688 291 1821 327 aliquot,

325 351 355 371 v.
387 352 415 372 c.
440 343 556 377 decem,
578 343 730 377 aequales,
751 347 813 369 tum
838 341 868 370 in
890 349 1120 377 unamquamque
1143 342 1245 370 baseos
1265 349 1371 378 partem
1391 343 1492 378 premit
1516 343 1649 371 columna
1671 341 1752 370 fluidi
1773 349 1823 377 pet

320 402 367 429 se3
390 394 490 430 itaque
511 394 541 422 iu
564 398 652 421 totam
679 391 762 420 basin
784 392 928 428 quantitas
949 393 1029 421 fluidi
1053 393 1146 421 decies
1171 393 1261 430 maJ'or
1289 392 1372 421 etiam
1392 393 1484 422 decies
1505 393 1639 430 majorem
1665 392 1727 421 edet
1743 400 1824 429 pres-

315 444 434 473 sionem.

356 494 402 522 Ex
425 494 469 522 his
493 494 589 529 itaque
611 500 746 530 apparet,
773 494 859 523 fluida
882 494 1151 530 perpendiculariter
1170 493 1282 531 agentia
1303 502 1427 530 premere
1454 493 1484 523 in
1506 494 1616 523 fundos
1640 502 1774 523 vasorum
1793 495 1822 524 in

318 545 428 573 ratione
449 544 610 580 composita
636 545 820 574 altitudinum
834 567 843 581 ,
870 545 980 573 basium
1006 552 1033 573 et
1054 545 1239 574 densitatum.

357 595 435 631 Ergo
461 602 488 623 et
510 595 538 624 in
564 601 667 624 nostro
689 604 757 624 casu
784 596 898 632 pressio
929 596 957 624 in
981 595 1102 624 fundum
1135 596 1211 625 vasis
1241 596 1337 625 cubici
1365 595 1499 632 pendebit
1529 603 1564 624 ex
1594 596 1679 630 basi,
1707 601 1735 623 et
1759 594 1825 623 alti-

320 646 422 674 tudine
456 645 559 681 vasis,
594 653 621 674 et
655 654 688 674 ex
716 647 854 675 densitate
888 646 981 675 ssuidi.
1027 646 1109 675 Basis
1139 654 1232 675 autem
1260 647 1308 675 hle
1336 653 1378 674 est
1414 646 1521 675 fundus
1553 647 1616 674 bikl
1645 646 1739 682 ipsius
1770 654 1820 675 va.-

318 697 379 731 sis,
409 697 531 725 altitudo
564 697 658 725 itidem
695 705 738 726 est
771 698 894 725 altitudo
932 697 1008 726 vasis
1038 698 1089 733 if,
1120 698 1243 726 densitas
1278 704 1324 726 est
1352 698 1415 732 ipsa
1446 697 1573 726 densitas
1601 705 1714 733 aquae,
1751 704 1824 732 quae

316 755 382 775 cum
407 748 446 775 sit
469 748 503 776 ab
531 748 610 776 omni
627 754 724 784 parte,
752 754 783 775 ut
811 748 986 784 posuimus,
1013 749 1128 786 eadem,
1156 755 1183 777 et
1212 757 1279 777 cum
1307 756 1418 784 semper
1448 749 1483 776 de
1510 756 1559 783 ea,
1583 756 1674 783 neque
1703 748 1737 776 de
1766 748 1823 776 alio

321 798 410 827 fluido
437 799 467 826 h.
491 799 513 827 l.
534 805 655 834 agatur,
682 798 787 834 negligi
805 804 913 834 potest.
957 798 1038 827 Basis
1064 788 1130 828 vero
1155 799 1221 827 haec
1248 799 1328 835 hikl,
1358 808 1424 828 cum
1454 799 1605 828 altitudine
1627 798 1661 834 if
1683 795 1825 834 multipli-

315 856 396 885 cata,
424 857 483 877 eam
514 855 609 877 exacte
639 849 791 878 constituit
819 850 982 878 columnam
1012 850 1169 887 efglzt'klm,
1197 859 1283 886 supra
1313 859 1328 879 a
1353 850 1439 879 nobis
1471 849 1515 880 η’).
1537 849 1578 880 1⁰.
1606 850 1793 878 enunciatam.

353 900 394 929 2⁰.
425 900 526 928 Altero
550 900 617 928 loco
641 899 766 927 diximus
796 900 959 937 operculum
983 901 1060 929 vasis
1084 901 1158 938 efgm
1184 902 1263 930 nulla
1286 901 1315 929 vi
1337 901 1437 937 premi.
1478 902 1525 930 Sic
1550 906 1612 936 est,
1641 908 1706 928 cum
1730 898 1825 928 nullae

322 959 412 987 aquae
436 951 590 986 particulae
612 950 668 985 ipsi
694 950 881 985 incumbant,
902 951 1009 979 nullam
1034 952 1105 980 illud
1127 952 1160 980 ab
1181 952 1217 979 iis
1235 952 1411 987 pressionem
1438 952 1557 988 experiri
1582 958 1692 987 potest.
1732 950 1825 986 Equi-

315 1002 377 1029 dem
402 1002 492 1037 tangit
513 1001 653 1035 fluidum,
683 1002 786 1037 (quod
810 1001 891 1029 etiam
918 1002 1094 1037 requiritur,
1123 1002 1192 1030 alias
1214 1011 1263 1030 vas
1287 1010 1346 1030 non
1375 1002 1450 1031 foret
1474 1002 1660 1038 repletum),
1689 1001 1740 1029 sed
1759 1010 1827 1037 pn·-

314 1051 421 1079 ticulae
444 1051 605 1086 superiores
632 1059 722 1086 aquae
757 1052 863 1079 nullam
888 1053 1074 1087 experiuntur
1101 1053 1301 1087 pressionem,
1329 1053 1452 1087 ideoque
1476 1052 1582 1080 nullam
1613 1052 1826 1080 communicare

314 1108 440 1137 possunt
463 1101 579 1137 corpori
606 1101 684 1137 ipsas
703 1101 836 1137 superius
860 1102 998 1138 tangenti.
1038 1102 1115 1131 Hinc
1135 1111 1185 1139 per
1207 1111 1236 1132 se
1260 1109 1357 1139 patet,
1381 1103 1547 1139 operculum
1563 1102 1672 1131 nullam
1692 1102 1727 1131 ab
1751 1110 1825 1139 aqua

313 1161 467 1188 passurum
493 1152 685 1189 pressionem.

355 1203 550 1240 Monuimus,
580 1204 756 1240 pressionem
780 1204 810 1233 in
835 1204 913 1234 latus
936 1205 1113 1235 horisontale
1134 1207 1211 1235 vasis
1234 1215 1296 1236 esse
1322 1207 1468 1244 aequalem
1492 1206 1611 1243 ponderi
1640 1213 1730 1241 aquae
1755 1213 1825 1234 con-

312 1259 407 1282 tentae
428 1254 457 1282 in
483 1255 618 1291 prismate
643 1256 829 1292 triangulari,
858 1257 943 1292 cujus
968 1257 1090 1286 altitudo
1117 1265 1160 1286 est
1185 1258 1308 1287 altitudo
1331 1259 1411 1287 fluidi
1434 1260 1487 1293 ek,
1518 1258 1595 1286 basis
1620 1265 1688 1285 vero
1707 1256 1826 1285 confici·

314 1311 364 1333 tur
385 1313 417 1332 ex
442 1306 725 1342 parallelogrammo,
747 1307 831 1342 cujus
854 1307 971 1335 alterum
994 1309 1068 1337 latus
1093 1316 1136 1337 est
1156 1310 1301 1337 altitudini
1322 1310 1401 1338 ssuidi
1429 1310 1482 1344 ek,
1509 1309 1627 1338 alterum
1659 1315 1725 1335 vero
1747 1306 1825 1335 vasis

313 1355 491 1392 longitudini
517 1356 548 1384 kl
568 1358 683 1391 aequale
706 1357 788 1394 (1).
829 1357 906 1385 Haec
930 1358 1043 1394 pressio
1063 1359 1121 1395 jam
1147 1366 1191 1387 est
1214 1361 1442 1388 demonstranda.
1486 1359 1574 1396 Quod
1601 1365 1633 1386 ut
1651 1358 1703 1385 rite
1726 1363 1825 1392 proce·

311 1407 381 1441 dat,
405 1407 432 1435 in
453 1413 631 1436 antecessum
660 1407 839 1443 probandum
859 1408 930 1443 erit,
953 1408 1085 1436 universe
1103 1410 1189 1437 fluida
1205 1410 1380 1446 pressionem
1398 1410 1537 1438 lateralem
1553 1417 1699 1441 exserere;
1723 1407 1822 1441 quod,

312 1457 354 1484 uri
378 1464 501 1491 notum,
530 1457 559 1486 in
581 1458 753 1494 corporibus
781 1459 884 1486 solidis
910 1467 970 1487 non
998 1460 1130 1494 obtinet,
1158 1461 1186 1488 in
1213 1461 1310 1487 fluidis
1333 1468 1400 1486 vero
1429 1460 1557 1486 obtinere
1586 1457 1687 1491 debet,
1715 1457 1825 1493 quippe

318 1517 390 1543 quae
414 1514 548 1537 constant
573 1508 756 1543 corpusculis
782 1509 908 1536 minimis
935 1509 972 1538 ita
995 1510 1056 1538 laxe
1072 1511 1143 1538 inzer
1169 1518 1198 1538 se
1213 1508 1449 1542 cohaerentibus,
1472 1514 1503 1536 ut
1520 1507 1654 1536 facillime
1672 1516 1688 1535 a
1707 1516 1737 1536 se
1753 1507 1828 1536 invi·

310 1568 371 1587 cem
406 1559 529 1595 separari
557 1558 683 1594 possint.
724 1559 866 1588 Ponamus
902 1559 999 1595 itaque
1031 1561 1060 1588 in
1087 1560 1137 1596 lig.
1163 1569 1192 1589 2.
1218 1560 1324 1587 ABCD
1356 1567 1406 1588 vas
1434 1559 1524 1587 fluido
1559 1566 1760 1594 quocunque,
1787 1558 1827 1587 sit

312 1617 408 1644 aqua,
428 1618 521 1644 usque
545 1610 580 1637 ad
609 1609 657 1637 ΑΒ
682 1609 846 1645 impletum.
897 1610 1031 1638 Fluidum
1059 1611 1114 1639 hoc
1148 1611 1298 1647 particulis
1331 1610 1456 1638 minimis
1483 1609 1616 1646 globosis
1639 1616 1771 1644 constat,
1798 1614 1827 1638 et

313 1660 344 1688 in
368 1659 459 1687 varias
487 1660 637 1688 columnas
672 1669 736 1688 cum
761 1662 1029 1697 perpendiculares,
1056 1669 1117 1690 tum
1144 1662 1356 1695 horisontales,
1387 1661 1564 1697 cogitatione
1596 1661 1685 1689 dividi
1720 1666 1826 1695 potest.

313 1709 470 1745 Ejusmodi
497 1711 659 1738 columnam
687 1719 770 1739 unam
808 1713 1089 1747 perpendicularem,
1121 1712 1201 1748 EM,
1230 1713 1301 1741 duas
1331 1712 1551 1746 liorisontalcs,
1578 1711 1655 1745 NG,
1685 1710 1765 1745 Mn,
1796 1711 1826 1739 in
1856 1745 1859 1748 v

319 1761 408 1789 ficura
438 1761 641 1795 exhibuimus,
667 1763 784 1790 cacteris
811 1764 940 1792 omissis.
980 1768 1040 1799 jam
1067 1772 1134 1791 vero
1162 1763 1308 1791 videamus
1337 1763 1370 1790 de
1396 1763 1492 1791 harum
1524 1762 1725 1797 particularum
1751 1769 1829 1797 pres-

314 1820 406 1841 sione.
447 1812 588 1841 Particula
614 1813 649 1841 M
681 1814 820 1849 premitur
850 1820 909 1843 tota
938 1815 1074 1844 columna
1106 1814 1376 1851 superincumbente
1405 1813 1486 1848 Mu,
1514 1813 1533 1843 i.
1568 1820 1594 1840 e.
1624 1812 1653 1841 in
1684 1813 1738 1841 hoc
1757 1820 1826 1841 casu

1798 1862 1834 1895 16

345 1938 398 1965 (ι)
418 1937 482 1960 soni.
507 1944 546 1959 van
563 1939 667 1961 §swinden
689 1940 703 1961 l.
719 1941 734 1962 l.
757 1942 776 1966 S.
790 1945 828 1966 35-

1906 1688 1913 1819 3

1899 1822 1909 2034 ἱ

1896 2037 1901 2117 ι

1890 2120 1898 2292 ἶ

1885 2298 1892 2417 Ι
