1913 2417
724 175 1117 210 ORATIO.
1616 182 1659 214 ἰτ

167 284 251 319 quae
273 268 483 305 Archimedes
506 270 545 302 de
563 269 655 302 lineis
683 271 853 314 spiralibus
883 270 961 302 adeo
988 270 1147 303 subtiliter
1170 270 1337 308 disseruit,
1366 277 1403 302 ut
1431 281 1449 301 a
1474 272 1647 313 geometris

166 330 365 374 peritissimis
396 340 463 361 non
495 329 564 359 sine
597 337 715 370 magno
747 328 856 359 labore
892 326 1165 370 intelligerentur,
1200 338 1236 359 ea
1272 338 1361 359 nuuc
1386 326 1476 359 brevi
1515 326 1649 359 demon-

165 387 318 419 stratione
349 386 452 418 cnivis
476 391 698 428 exponuntur3
721 395 866 428 quaeque
897 385 1075 416 Newtonus
1097 384 1176 415 olim
1210 383 1445 415 involutissima
1489 384 1647 426 singulari

167 445 316 475 acumine
344 443 486 486 aperuit,
526 452 585 472 nec
620 441 682 472 nisi
714 442 848 473 summis
879 440 966 472 itlius
993 441 1066 473 aevi
1091 440 1292 484 philosophis
1319 440 1492 483 probavit,
1527 451 1563 472 ea
1590 441 1656 477 hoe

162 506 304 543 tempore
335 500 401 543 jam
430 501 465 530 in
498 497 680 529 rudimenta
714 498 912 530 devenerunt
942 498 1154 530 institutionis
1190 497 1362 541 physicae3
1407 497 1452 528 sic
1483 496 1650 529 elaborati·

167 556 246 589 dum
276 562 324 588 est
347 563 384 587 ut
413 566 516 598 nuper
545 553 700 598 perfectae
728 557 866 587 rationes
890 554 1132 586 mathematicae
1161 555 1195 585 in
1222 552 1358 584 mediam
1388 552 1569 584 doctrinam
1593 564 1648 584 na-

168 619 257 645 turae
279 612 390 644 sedulo
415 611 617 650 deserantur,
650 623 717 655 quo
742 624 809 644 nou
834 619 898 643 tam
927 612 1112 643 auctoritate
1136 610 1296 642 clarorum
1322 609 1516 648 nominum,
1547 620 1648 653 quam

166 675 330 713 perspecta
360 680 470 700 earum
505 668 644 700 efficacia
672 669 804 712 posthac
836 668 1016 712 judicatum
1047 669 1111 705 sit,
1144 665 1224 710 quid
1251 665 1291 697 ad
1320 665 1487 697 certiorem
1516 672 1648 698 naturae

167 726 386 769 cognitionem
422 724 597 757 attulerint.

211 783 273 814 Sed
308 782 439 825 physica
477 780 698 812 mathematica
734 781 871 813 mullum
909 782 998 814 abest
1033 787 1069 812 ut
1102 789 1214 810 omnes
1249 784 1355 821 partes
1387 784 1523 810 naturae
1559 789 1646 810 com-

168 839 334 883 plectatur.
397 838 486 878 Quin
517 837 627 869 nescio
648 848 758 869 annon
791 840 939 882 proximo
967 837 1094 870 saecuto
1122 836 1184 867 hoc
1212 833 1411 866 incommodi
1435 833 1562 865 tandem
1592 836 1644 868 hfi-

168 895 311 935 buisset,
349 902 386 927 ut
420 894 593 938 physicos,
632 894 798 926 severioris
831 896 994 927 doctrinae
1029 894 1127 926 nimis
1162 897 1326 929 amantes,
1362 889 1403 921 ab
1436 890 1502 933 ipsa
1537 902 1645 923 rerum

167 951 438 995 contemplatione
471 951 590 982 sensim
622 950 814 991 abduceret,
843 959 874 983 et
897 963 915 983 a
942 950 1120 984 scrutandis
1143 959 1253 980 earum
1275 945 1504 978 occultioribus
1523 948 1648 979 naturis

144 997 359 1045 'deterrerem
399 1008 433 1038 in
467 1007 586 1050 quibus
620 1007 739 1039 incerta
778 1008 916 1040 multum
952 1018 988 1040 ac
1020 1007 1078 1038 diu
1113 1004 1330 1049 periclitemur
1358 1012 1487 1034 necesse
1512 1010 1560 1035 est
1589 1014 1645 1035 an·

167 1072 298 1109 tequam
321 1064 364 1095 ad
390 1070 490 1095 certas
517 1064 656 1094 rationes
679 1065 847 1106 pervenire
874 1065 1044 1107 possimus.
1107 1061 1167 1092 Sed
1191 1060 1314 1091 chemia
1339 1069 1379 1090 ex
1405 1057 1544 1089 officinis
1570 1071 1645 1102 pro-

166 1121 247 1155 fecta
263 1145 272 1160 ‚
301 1127 334 1152 et
359 1119 551 1163 jamdudum
580 1119 844 1163 appropinquans
866 1126 903 1151 ut
929 1131 970 1151 ex
996 1118 1189 1151 obscuritate
1217 1115 1444 1159 mysteriorum
1469 1114 1644 1158 aliquando

165 1179 202 1211 in
228 1178 333 1210 lucem
359 1176 563 1209 scientiarum
589 1183 788 1219 emergeret,
818 1183 949 1220 repente
977 1176 1083 1208 extitit
1096 1197 1107 1214 ‚
1142 1184 1224 1218 quae
1247 1172 1288 1205 ad
1312 1177 1459 1203 naturam
1482 1179 1646 1205 revocaret

141 1224 302 1274 =omnes,
340 1232 460 1278 quibus
491 1238 547 1264 aut
578 1231 722 1263 studium
758 1232 997 1275 investigandi,
1037 1237 1092 1263 aut
1125 1230 1233 1274 aliqua
1265 1239 1337 1272 spes
1364 1227 1552 1261 inveniendi
1577 1236 1644 1262 erat

163 1291 338 1335 proposita.
400 1290 557 1321 Omnium
592 1288 764 1321 hominum
797 1289 908 1321 oculos
938 1289 1029 1321 brevi
1062 1289 1098 1320 in
1131 1298 1165 1319 se
1199 1285 1369 1319 convertit.
1432 1285 1550 1317 Partim
1583 1297 1644 1318 no.

164 1349 264 1380 vitate
292 1347 338 1379 rei
364 1346 519 1384 adducti,
558 1346 685 1389 partim·
702 1345 792 1389 quod
818 1341 937 1378 artium
960 1347 1112 1378 interesse
1138 1343 1330 1381 videbatur,
1362 1342 1479 1386 partim
1502 1341 1643 1386 denique

164 1404 241 1449 quia
273 1404 308 1435 in
343 1414 460 1436 novam
492 1402 657 1445 regionem
689 1403 837 1447 quisquis
871 1403 1014 1447 primum
1036 1402 1186 1440 advenit,
1217 1397 1406 1444 explorandi
1430 1397 1556 1430 laudem
1583 1399 1641 1430 ali·

165 1471 265 1504 quam
296 1460 359 1492 sibi
392 1460 482 1492 facile
509 1460 692 1502 promittit,
727 1460 822 1491 multi
851 1470 940 1491 suam
968 1469 1098 1503 operam
1125 1458 1295 1500 diligenter
1320 1455 1360 1487 ad
1385 1455 1472 1486 illam
1495 1456 1640 1487 contule·

166 1524 269 1556 runt,
299 1518 483 1560 praesertim
512 1515 600 1559 quod
629 1527 697 1547 non
724 1516 846 1559 ubique
873 1527 956 1559 opus
982 1523 1048 1548 erat
1073 1525 1201 1546 summo
1228 1514 1358 1556 ingenio
1375 1535 1386 1552 ‚
1415 1512 1471 1543 sed
1499 1511 1549 1544 vel
1571 1523 1639 1543 ma·

164 1584 227 1606 nus
258 1583 495 1616 nonnunquam
530 1575 608 1603 novi
639 1571 761 1615 aliquid
785 1572 985 1615 detegebant.
1044 1574 1133 1612 Quae
1162 1577 1267 1602 autem
1300 1581 1340 1601 ex
1365 1575 1411 1600 tot
1434 1579 1469 1599 ac
1498 1574 1562 1598 tam
1586 1579 1641 1599 va·

166 1631 223 1662 riis
255 1629 440 1666 laboribus,
476 1628 612 1659 consilio
648 1628 699 1660 vel
733 1630 974 1671 opportunitate
1017 1629 1194 1671 susceptis,
1232 1637 1315 1657 nova
1348 1624 1471 1669 prolata
1500 1624 1638 1664 fuerint,

165 1686 288 1726 nolite,
334 1696 474 1730 quaeso,
524 1696 542 1716 a
578 1696 629 1716 me
667 1692 871 1729 exspectare,
919 1692 956 1716 ut
991 1695 1104 1717 eorum
1142 1684 1244 1726 capita
1281 1683 1342 1713 hoc
1377 1682 1449 1713 loco
1485 1688 1637 1725 repetam.

167 1745 249 1774 Sunt
273 1744 338 1785 jam
364 1744 398 1774 in
426 1752 573 1774 sermone
600 1743 769 1780 omnium,
798 1752 976 1785 eorumque
1001 1740 1109 1772 laudes
1135 1739 1214 1770 adeo
1242 1740 1393 1778 usitatae,
1425 1745 1462 1770 ut
1485 1739 1560 1769 satis
1588 1749 1638 1769 es·

167 1810 201 1831 se
229 1799 362 1831 arbitrer
392 1799 429 1830 ad
456 1800 537 1831 hane
563 1799 795 1842 expositionem
817 1810 853 1831 ea
877 1800 1038 1842 attigisse,
1074 1796 1160 1829 unde
1185 1795 1330 1839 reliqua,
1359 1806 1440 1839 quae
1468 1801 1638 1826 consecuta

164 1862 266 1895 sunt,
303 1856 469 1888 ostendere
497 1858 628 1899 pmsim.

208 1914 253 1943 Ex
294 1923 332 1944 eo
371 1914 457 1945 enim
495 1920 638 1957 tempore
670 1924 737 1944 non
771 1912 868 1945 modo
899 1913 1029 1944 scientia
1059 1910 1202 1944 chemiae
1237 1910 1359 1943 extitit,
1395 1908 1450 1941 sed
1483 1907 1638 1939 omnibus

163 1967 319 2001 doctrinis
351 1976 481 2002 naturae
511 1977 587 2002 sunt
620 1970 775 2014 quaedam
806 1981 890 2003 nova
917 1980 1050 2001 munera
1079 1969 1238 2012 imposita.
1301 1967 1441 1998 Bolanici
1466 1975 1582 2007 nempe
1603 1970 1633 1994 et

948 2028 973 2057 B
996 2037 1014 2058 2
1577 2029 1636 2052 me·
