1913 2417
248 186 285 223 58
589 178 623 208 p.
698 170 1418 215 J.UYLEN13ROEK

255 267 290 295 ab
306 263 510 300 Hessetingio‚
528 261 637 291 Aeneae
648 281 658 296 ,
678 266 731 287 van
745 256 912 293 Coppenaal
923 276 934 290 ,
951 262 978 284 et
995 264 1028 285 ex
1044 262 1200 284 ceterorum
1217 253 1500 285 ratiocinationibus.
1531 254 1579 285 Sic
1601 262 1630 285 et
1652 255 1770 288 Aeneae-

254 316 360 346 alicubi
385 317 451 352 (ι)
487 312 601 342 disertis
631 309 724 338 verbis
756 308 844 344 dicit,
872 316 1002 344 aquam,
1033 307 1170 343 quoniam
1195 315 1254 335 non
1288 307 1346 342 agit
1380 306 1410 334 in
1441 306 1591 337 brachium
1620 307 1769 344 bilancis,

255 369 339 403 idco,
363 375 427 395 cum
451 364 489 393 sit
509 369 686 396 sustentata,
707 368 787 397 agere
807 360 836 388 in
857 367 957 394 aquam
980 358 1194 394 subjacentem,
1217 358 1245 387 in
1270 359 1336 388 loco
1355 365 1411 386 suo
1431 358 1564 388 naturali.

295 419 341 448 Ex
363 418 408 445 liis
428 415 564 445 omnibus
589 413 686 448 itaque
709 409 842 448 apparet,
872 409 1090 446 philosophos,
1113 410 1161 437 ubi
1185 409 1306 438 dixerint
1329 409 1416 437 fluida
1441 409 1603 445 gravitate,
1634 411 1680 440 vel
1706 418 1769 440 non.

263 469 401 508 gravitate
425 469 454 496 in
477 468 549 495 locis
573 464 769 497 naturalibus,
791 461 983 496 intellexisse,
1005 470 1070 489 cum
1095 468 1125 489 ea
1143 461 1226 495 loca,
1247 469 1318 496 quae
1334 460 1422 490 fluida
1439 468 1605 497 occupant,
1625 467 1686 490 tum
1703 463 1768 492 loca

256 523 318 557 ipsa
343 520 374 548 in
396 519 512 553 fluidis,
535 517 608 545 unde
631 522 657 544 et
681 514 815 543 nonnulli
833 514 987 547 dixerunt,
1015 512 1102 540 fluida
1122 511 1261 547 gravitate
1282 512 1352 547 (vel
1373 513 1481 549 secus)
1505 512 1535 542 in
1559 512 1629 548 ipsis
1658 513 1768 542 fluidi-s.

296 571 356 609 Qui
387 578 456 599 vero
489 568 524 597 ab
551 568 636 596 altera
661 572 738 602 parte
760 571 835 600 stat,
856 564 931 595 Rev.
954 564 1063 592 scilicet
1085 563 1117 592 P.
1139 562 1297 598 Senonas,
1325 572 1384 593 non
1414 563 1453 592 ita
1474 564 1568 593 latiori
1595 572 1682 593 sensu
1703 565 1769 593 loca

258 622 399 652 naturalia
422 620 574 649 fluidorum
600 617 739 647 definivit.
786 615 929 645 Concedit
954 615 1083 650 equidem
1117 615 1212 642 locum
1243 616 1398 644 naturalem
1429 614 1512 643 fluidi
1540 615 1689 652 cujusdam
1711 614 1770 644 dici

257 681 367 710 posse,
385 672 447 700 sive
471 672 586 705 locum,
609 677 692 705 quem
716 668 744 697 vi
768 676 836 709 suae
859 675 975 696 naturae
997 672 1143 702 occupat,
1161 667 1224 694 sive
1247 664 1328 694 etiarn
1345 666 1424 694 illum
1440 686 1451 701 ,
1474 666 1503 694 in
1520 674 1577 701 quo
1594 666 1711 695 fluidum
1730 665 1770 695 ab

258 725 355 753 eodem
378 723 467 752 fluido
491 721 706 755 circumdatur,
734 719 784 748 sed
804 725 903 756 negat,
924 719 1004 747 illum
1021 724 1130 746 statum
1154 717 1247 745 adhuc
1269 725 1330 746 esse
1345 717 1519 752 naturalem,
1543 724 1628 752 quam
1645 716 1769 753 primum

258 775 377 804 fluidum
401 774 445 802 vel
468 773 514 802 alii
536 771 635 801 leviori
658 771 826 806 incumbat,
846 771 891 799 vel
912 769 1051 806 gravioris
1066 767 1147 797 fluidi
1171 769 1338 804 corporisve
1359 768 1570 804 qualiscunque
1592 768 1770 804 pressionem

258 825 436 862 experiatur:
460 824 503 852 sic
519 824 548 853 in
565 823 639 852 locis
656 831 743 859 supra
759 831 774 850 a
788 822 875 851 nobis
889 821 1011 856 citatis,
1030 820 1171 856 „quando
1190 820 1339 849 humidum
1350 841 1360 856 ,
1372 819 1396 832 '²‘
1412 820 1472 855 ait,
1497 827 1581 855 „non
1596 824 1640 848 est
1653 819 1770 848 descen·

258 878 330 906 dens
349 876 379 904 in
401 875 519 910 aliquo,
549 880 598 903 aut
624 881 683 902 non
707 880 749 901 est
773 872 808 901 ab
832 873 931 909 aliquo
953 872 1011 900 alio
1042 880 1193 908 pressum,
1220 872 1269 899 scd
1301 871 1437 901 consistit
1460 871 1489 900 in
1514 871 1582 899 loco
1608 878 1663 898 suo
1686 876 1778 898 natum

256 928 329 962 tali,
360 935 416 956 una
436 934 500 962 pars
529 933 589 953 non
613 924 716 960 premit
737 923 895 952 alteram.”
935 924 1036 952 Itidem
1062 922 1193 951 refellens
1226 923 1450 958 experimentum
1479 921 1638 958 Magnani,
1667 926 1770 956 aquam

256 986 384 1015 premere
407 976 500 1011 dicit,
530 975 598 1011 quia
619 975 720 1010 premit
741 975 829 1003 aerem
850 974 879 1003 in
899 974 994 1009 tubo,
1022 982 1094 1009 aqua
1121 973 1208 1008 igitur
1227 980 1286 1001 non
1309 981 1353 1001 est
1377 974 1562 1008 consistens,
1593 980 1651 1002 non
1674 978 1718 1000 est
1741 972 1772 1000 in

256 1028 316 1057 situ
341 1036 397 1056 suo
423 1026 557 1056 naturali.
597 1025 734 1054 Similiter
754 1025 783 1053 in
809 1025 924 1053 alterius
943 1024 1126 1060 experimenti
1148 1023 1272 1059 ejusdem
1297 1023 1434 1059 Magnani
1450 1022 1642 1057 refutatione,
1669 1029 1771 1057 aquarn

252 1087 381 1116 premere
406 1077 494 1113 dicit,
515 1075 620 1113 partim
642 1076 681 1105 oh
706 1076 791 1105 aliam
812 1083 948 1111 causam,
968 1075 1073 1112 partim
1096 1075 1164 1110 quia
1187 1082 1263 1111 aqua
1287 1073 1402 1104 fistulae
1424 1073 1612 1109 continuata,
1644 1079 1706 1102 non
1729 1076 1777 1100 est.

254 1129 286 1160 in
311 1136 390 1159 statu
411 1135 437 1158 et
457 1128 516 1157 situ
540 1127 674 1157 naturali.

295 1180 342 1209 Ex
367 1180 413 1209 his
437 1180 508 1208 inter
533 1188 563 1208 se
588 1177 702 1207 collatis
729 1178 787 1215 iam
820 1185 909 1207 unum
940 1178 970 1206 in
990 1176 1160 1213 quaestione
1188 1176 1222 1205 de
1241 1176 1430 1213 gravitatione
1461 1175 1615 1205 fluidorum
1641 1175 1670 1204 in
1699 1174 1780 1204 locis-

257 1231 321 1261 suis
343 1231 525 1260 naturalibus
562 1229 714 1259 discrimen
748 1229 820 1257 inter
846 1231 884 1259 V.
913 1229 949 1258 V.
976 1229 1012 1259 D.
1031 1229 1068 1258 D.
1092 1229 1190 1257 adesse
1211 1228 1344 1262 videtur,
1370 1227 1436 1255 dum
1451 1247 1461 1262 ,
1482 1233 1514 1255 ut
1534 1226 1658 1256 breviter
1681 1226 1782 1262 adhue

258 1282 371 1318 dicam,
392 1282 439 1310 alii
460 1283 556 1310 locum
577 1280 656 1310 fluidi
678 1281 832 1308 naturalem
857 1279 984 1308 dixerint
1010 1281 1106 1309 locum
1132 1279 1282 1315 proprium
1307 1286 1508 1314 quemcunque
1525 1277 1554 1307 in
1580 1276 1782 1312 fluido,11bi-

258 1341 382 1369 cumque
408 1333 523 1369 posito:
546 1331 619 1359 alius
647 1339 713 1359 vero
744 1331 862 1358 eundem
893 1330 1021 1358 habuerit
1047 1331 1144 1359 locum
1168 1329 1317 1365 proprium
1345 1328 1374 1356 in
1399 1328 1490 1357 ssuido
1518 1329 1677 1357 secundum
1708 1335 1779 1364 pro·

262 1384 398 1418 prietates
424 1391 492 1412 suas
516 1381 704 1418 particulares
732 1381 761 1408 in
783 1388 875 1408 rerum
898 1386 996 1409 natura
1020 1380 1185 1416 disposito,
1206 1388 1298 1415 neque
1319 1379 1347 1408 vi
1372 1380 1437 1408 inde
1457 1379 1586 1408 divulso.

297 1435 337 1462 At
359 1442 425 1462 vero
444 1434 550 1469 majora
576 1433 648 1461 iuter
672 1433 775 1460 doctos
801 1438 971 1460 memoratos
995 1432 1161 1460 discrimina
1188 1432 1221 1459 de
1244 1432 1330 1459 altera
1354 1429 1497 1458 enunciati
1524 1436 1633 1465 parte„
1650 1430 1684 1458 de
1704 1437 1780 1467 gra·

261 1486 402 1514 vitatione
424 1484 579 1513 fluidorum
614 1483 709 1511 cuivis
740 1483 908 1517 praecedens
933 1488 1019 1517 caput
1051 1482 1230 1518 perlegenti,
1259 1481 1354 1510 statim
1385 1480 1499 1509 obviam
1524 1480 1607 1510 fiunt.
1649 1480 1713 1509 Has
1735 1479 1778 1509 di·

263 1535 414 1564 versitates
436 1535 493 1572 jam
518 1540 647 1563 accurate
672 1534 796 1561 indicare
819 1532 1005 1568 conabimur,
1034 1533 1209 1568 fontesque,
1237 1540 1252 1560 e
1276 1533 1382 1568 quibus
1418 1539 1512 1561 ortum
1540 1540 1627 1560 suum
1651 1532 1782 1568 duxere,

266 1594 431 1615 memorare.
480 1585 568 1623 Quod
590 1593 652 1620 quo
677 1584 778 1612 melius
808 1583 876 1619 fiat,
906 1584 937 1612 in
970 1591 1150 1612 antecessum
1184 1584 1320 1619 quaedam
1359 1591 1540 1620 praemonere
1572 1583 1648 1612 haud
1681 1583 1785 1612 inutile

267 1639 421 1673 duximus,
449 1636 483 1665 de
508 1635 624 1670 verbis,
652 1635 796 1670 gravitas,
825 1634 981 1671 gravitate,
1011 1634 1182 1671 gravitatio,
1220 1634 1356 1670 pondus,
1385 1635 1561 1670 ponderare,
1590 1635 1624 1663 de
1657 1633 1780 1663 diversis

266 1689 361 1717 modis
388 1687 554 1724 explorandi
584 1694 738 1722 corporum
775 1685 891 1723 pondus
912 1705 923 1721 ,
949 1692 977 1714 et
1007 1686 1041 1714 de
1074 1686 1109 1714 iis
1128 1706 1139 1721 ,
1169 1693 1240 1721 qnae
1268 1693 1357 1722 porro
1387 1686 1443 1714 huc
1470 1685 1501 1715 in
1533 1693 1651 1715 censum
1682 1683 1779 1714 venire

265 1746 402 1777 possunt.

307 1789 444 1819 Gravitas
474 1795 517 1817 est
544 1788 627 1817 nisus
658 1795 813 1823 corporum
844 1796 943 1816 versus
969 1794 1098 1816 centrum
1129 1787 1260 1823 telluris,
1289 1796 1351 1823 quo
1375 1787 1431 1817 sibi
1457 1788 1574 1822 relicta,
1604 1793 1632 1815 et
1654 1795 1669 1815 a
1696 1786 1781 1816 nullo

269 1848 394 1877 torpore
409 1840 464 1868 alio
490 1845 667 1874 sustentata,
696 1847 807 1875 semper
828 1840 863 1867 ad
894 1845 1023 1867 centrum
1051 1839 1122 1867 illud
1153 1840 1344 1875 pervenirent.
1393 1838 1449 1867 Hic
1478 1838 1559 1866 nisus
1589 1838 1619 1866 in
1646 1839 1783 1868 omnibus

268 1890 463 1928 corporibus,
483 1890 544 1919 sive
565 1888 745 1926 majoribus²
771 1889 832 1919 sive
859 1890 1042 1928 minoribus,
1062 1891 1137 1921 idem
1158 1896 1222 1926 est,
1252 1890 1274 1922 i.
1292 1898 1319 1920 e.
1335 1889 1432 1920 omnia
1447 1897 1570 1928 corpora
1598 1895 1668 1920 sunt
1691 1895 1786 1926 aeque

299 2016 351 2046 (ι)
375 2017 438 2041 conf.
456 2018 502 2041 leis
524 2021 580 2041 over
599 2017 628 2040 de
646 2016 816 2044 Wnierweegk.
843 2023 868 2046 p.
880 2017 923 2051 38,
