1913 2417
303 142 684 174 COMMENTATIO
711 150 760 172 DE
791 142 1111 174 AFFINITATE
1134 143 1378 175 CHEMICA.
1569 153 1604 183 13

99 226 246 256 acidulum
263 233 420 263 potassae,
444 234 472 256 et
496 227 604 257 invenit
618 233 686 263 post
709 226 821 256 iteratas
844 226 1102 264 crystallisationes
1124 227 1221 264 plures
1242 235 1307 256 esse
1329 227 1416 263 hujus
1437 227 1506 256 salis
1530 236 1602 264 pro·

96 278 247 315 portiones
270 279 335 307 inde
356 288 371 307 a
394 285 474 308 statu
496 279 580 308 acido
605 286 697 313 usque
724 278 759 306 ad
782 286 925 308 neutrum.
968 278 1089 307 Dubitat
1111 286 1179 308 vero
1201 279 1321 315 Davyus
1344 279 1412 316 (5)
1445 287 1514 307 num
1539 287 1603 308 veta

95 330 220 358 cliemica
244 330 438 366 combinatio,
466 339 501 359 an
536 330 651 358 miscela
678 330 725 358 hic
760 330 794 357 ad
824 338 906 358 usum
939 337 1040 359 vocata
1071 329 1171 359 fueriti
1223 330 1299 359 Haec
1332 330 1456 358 breviter
1474 330 1549 359 dicta
1570 339 1601 359 ea

94 387 180 416 sunt,
211 389 282 417 quae
302 382 459 417 proposuit
488 381 699 415 Bettholletus,
729 386 761 408 ut
793 381 938 410 rationem>
966 381 1091 410 redderet
1124 381 1203 410 illius
1227 381 1439 418 phaenomeni,
1470 382 1548 416 quod
1573 382 1602 410 in

94 432 338 469 crystallisatione
368 432 512 461 nonnulla.
529 432 598 460 salia
621 439 744 467 neutra,
779 432 833 460 alia
864 440 928 460 curn
957 440 1077 461 excessu
1098 432 1171 461 acidi
1197 434 1242 462 vel
1271 433 1354 462 alcali
1379 441 1440 461 sese
1468 434 1601 468 prodant.

94 484 189 514 Habet
210 491 290 512 certo
310 483 416 519 quibus
439 492 469 511 se
491 484 669 512 commendet
691 484 759 511 haec
783 483 938 519 explicatio
969 491 996 512 et
1030 484 1264 513 condensationis
1291 485 1365 514 ratio
1395 484 1492 513 forsan
1516 485 1601 514 nimis

95 534 154 563 fuit
176 536 324 571 neglecta:
346 543 439 571 neque
461 542 555 564 tamen
581 536 661 565 omni
685 535 857 564 difficultate
873 540 969 570 caret,
998 543 1065 563 cum
1095 533 1279 564 offendantur
1310 537 1447 572 quaedam
1471 537 1600 566 nondum

94 586 164 616 satis
189 587 318 622 probata.

131 638 176 667 De
197 637 316 673 reliquis
340 639 486 667 elementis
512 639 720 668 insolubilibus
747 645 774 667 et
791 638 1094 675 gasformibussimili
1124 640 1210 668 modo
1234 639 1291 676 egit
1313 640 1470 668 Chetnicus
1489 646 1606 676 noster,

96 698 128 718 ac
151 697 228 718 nunc
253 689 287 717 de
310 689 742 720 solubilibus·memoravimus.
782 690 929 726 Exemplo
951 690 1007 726 ipsi
1032 697 1075 718 est
1091 690 1237 726 sulphur,
1260 692 1338 726 quod
1361 692 1390 719 in
1416 698 1607 727 temperatura

93 749 195 778 parum
219 741 325 769 elevata
347 741 425 769 omni
451 741 640 777 proportione
658 750 723 769 cum
748 742 892 779 oxygenio
915 741 1160 777 conjungeretur,
1193 741 1241 770 ubi
1267 748 1361 771 status
1385 743 1521 771 elastieus
1548 752 1607 772 non

99 798 292 828 superetur-a
314 792 400 820 solidi
426 792 556 828 actione3
585 799 671 820 aucta
692 801 760 821 vero
784 799 992 828 temperatura,
1024 792 1063 819 ita
1084 799 1115 820 ut
1145 792 1271 828 sulphur
1296 792 1387 822 forma
1417 801 1466 829 gas
1490 802 1520 822 se
1543 803 1628 832 pro-y

98 842 163 878 dat,
185 850 252 870 mox
277 842 313 870 ad
333 842 414 870 illum
439 849 546 871 statum
564 843 812 879 perveniret,.qui
834 842 945 871 acidum
970 843 1181 879 sulphurosum
1202 844 1377 879 constituit,
1397 844 1439 872 in·
1454 853 1513 879 quo
1536 846 1603 874 bina

46 888 53 892 ’
92 894 236 931 principia
256 893 362 930 juncta.
381 894 635 923 condensationem
660 900 704 922 sat
730 902 858 930 magnam
892 893 1078 929 experiuntur
1101 901 1127 922 et
1157 894 1311 922 mutationi
1343 903 1406 923 sese
1437 903 1612 932 opponunt:

93 951 123 974 at
143 950 230 974 aucto
251 944 346 973 denuo
372 946 472 974 calore·
489 945 608 974 effectus
631 945 865 975 condensationis
893 945 1055 981 evanescit3
1090 945 1158 973 hinc
1183 946 1509 981 compositumnovam
1533 957 1611 985 oxy-

96 995 172 1033 genii
196 995 310 1031 copiam
331 996 456 1033 suscipit
478 1003 506 1025 et
537 997 658 1026 vertitur
679 997 716 1025 in-
731 996 843 1026 acidum
870 996 1093 1032 sulphuricurn:
1116 1004 1194 1024 nunc
1220 997 1295 1025 actio
1326 998 1472 1034 reciproca
1495 1005 1521 1027 et
1540 1008 1611 1029 con-

95 1046 227 1077 densatio
252 1046 373 1075 maxima
399 1053 443 1076 est
464 1054 550 1083 atque
574 1050 747 1085 oxygenium
774 1047 934 1076 arctissime
954 1047 1096 1075 adhaeret.
1139 1048 1300 1076 Concludit
1322 1057 1389 1085 ergo
1414 1049 1608 1080 Barthollems

94 1097 323 1127 combinationes
346 1097 435 1126 fluidi.
451 1099 562 1128 elastici
586 1099 631 1127 vel
655 1099 685 1127 in
708 1099 787 1127 omni
808 1098 998 1134 proportione
1028 1097 1090 1126 fieri
1123 1106 1228 1134 posse,
1256 1099 1301 1127 vel
1335 1099 1498 1128 obstaculis
1527 1101 1619 1137 impe·

97 1149 153 1180 diri
176 1148 265 1178 simili
288 1149 398 1177 ratione
427 1157 458 1178 ac
483 1150 517 1178 de
539 1150 636 1179 fluidis
663 1150 774 1178 dietum
803 1149 869 1179 fuit.
910 1148 1033 1185 Quando
1060 1149 1142 1185 plura
1178 1151 1289 1179 metalla
1322 1157 1511 1187 temperatura
1542 1161 1614 1188 qua-

97 1200 161 1231 dam
181 1199 216 1228 ad
237 1205 347 1227 certum
380 1201 496 1236 gradum
530 1201 712 1238 oxydationis
744 1201 936 1237 perveniunt,
966 1200 995 1228 in
1022 1201 1130 1235 quibus
1160 1201 1385 1237 oxydationibus
1417 1203 1510 1232 variae
1541 1212 1611 1239 pro·

95 1251 247 1288 portiones
268 1249 340 1279 fixae
365 1258 520 1288 apparent,
551 1253 607 1281 hoc
637 1261 696 1281 non
721 1258 765 1280 est
793 1252 851 1280 nisi
877 1260 910 1279 ex
933 1259 986 1285 ee,
1014 1252 1093 1286 quod
1123 1252 1306 1281 conditiones
1341 1255 1375 1282 ad
1410 1254 1614 1290 oxydationem

94 1301 156 1342 sint
180 1301 312 1336 eaedem.;
332 1307 372 1333 ,et
394 1303 501 1331 nullam
525 1304 615 1332 videt?
636 1303 838 1332 rationem-vir
858 1302 926 1336 lll.,
955 1310 1007 1329 cnr
1035 1310 1094 1330 non
1125 1309 1152 1330 et
1184 1303 1230 1331 hic
1265 1304 1342 1332 varia
1374 1304 1447 1332 foret
1478 1305 1616 1342 oxygenii

94 1351 247 1388 proportio
272 1359 326 1387 pro
350 1351 470 1382 diversis
496 1354 734 1390 conditionibu53
763 1360 789 1382 et
815 1353 948 1388 quamvis
972 1352 1001 1380 in
1032 1353 1091 1381 illis
1122 1353 1262 1388 metallis,
1295 1363 1366 1389 quae
1392 1355 1482 1385 forma
1502 1365 1613 1392 gazoza

93 1402 314 1439 conjunguntur
334 1409 426 1431 certas
453 1406 656 1440 proportiones
682 1410 843 1441 agnoscat,
877 1404 1000 1432 assumit
1028 1404 1127 1437 tamen·
1143 1404 1198 1432 hoc
1223 1412 1282 1433 non
1308 1405 1346 1433 ita
1377 1406 1435 1434 fieri
1468 1407 1497 1435 in
1523 1407 1610 1443 aliis,

98 1460 172 1489 quae
195 1452 291 1481 soluta
314 1460 342 1481 et
365 1454 452 1482 fluida
477 1456 658 1491 oxydantur‚
686 1463 752 1484 cum
780 1455 847 1483 haec
873 1454 938 1482 inde
961 1463 976 1482 a
999 1455 1115 1483 minima
1141 1455 1314 1491 oxydatione
1343 1464 1436 1491 usque
1460 1458 1496 1485 ad
1519 1459 1614 1486 termi-

97 1511 167 1533 num
191 1503 314 1539 aliquem
339 1507 418 1534 omni
434 1506 623 1542 proportione
641 1505 814 1543 oxygenium
840 1505 1014 1541 suscipiant.
1055 1505 1187 1541 Denique
1219 1514 1252 1533 ex
1276 1507 1517 1541 contemplatione
1531 1509 1618 1544 phae-

94 1561 284 1584 nomenorum
309 1555 376 1585 haec
397 1557 562 1586 concludit:
592 1557 633 1587 1⁰.
656 1558 770 1586 eandem
798 1557 854 1586 vim
881 1565 953 1592 quae
986 1556 1100 1585 intenso
1124 1556 1230 1593 frigore
1257 1558 1484 1594 congelationem
1511 1565 1538 1587 et
1557 1560 1616 1595 gla-

97 1604 152 1635 ciei
175 1605 209 1634 de
233 1614 306 1642 aqua
336 1608 526 1637 secessionem
557 1608 717 1645 producat,
749 1608 950 1644 crystallorum
985 1607 1185 1636 formationem
1218 1608 1403 1644 determinet,
1434 1610 1532 1638 etiamv
1553 1619 1616 1640 esse

96 1663 213 1685 causam
238 1658 461 1693 proportionum
493 1657 630 1688 fixarum:
662 1659 703 1688 20.
722 1667 836 1688 causam
868 1658 1036 1687 mutationis
1061 1667 1199 1694 vaporum
1229 1659 1258 1688 in
1290 1660 1376 1689 fluida
1408 1667 1435 1689 et
1458 1661 1559 1690 horum
1583 1662 1615 1692 in

93 1706 305 1744 solida‚.illam
331 1717 411 1745 esse,
434 1718 507 1745 quae
528 1710 780 1739 condensationem
804 1709 957 1739 fluidorum
982 1709 1171 1746 gasformium
1200 1710 1231 1740 in
1258 1710 1525 1741 combinationibus
1549 1711 1609 1741 effi-

92 1758 151 1788 ciat
174 1765 201 1787 et
220 1760 443 1796 proportionum
466 1763 581 1790 modum
607 1768 696 1799 regat.

134 1810 288 1846 Ingeniose
312 1817 338 1838 et
363 1812 474 1848 egregie
494 1814 562 1841 haec
587 1813 702 1842 inventa
720 1819 747 1841 et
773 1811 933 1849 excogitata
959 1820 1042 1847 esse,
1062 1821 1146 1842 nemo
1167 1813 1253 1842 facile
1275 1815 1438 1851 negaverit:
1463 1814 1529 1842 licet
1545 1822 1614 1844 vero

95 1861 218 1899 plurima
241 1870 275 1891 ex
295 1862 347 1890 hac
371 1863 480 1892 theoria
504 1864 702 1900 explicentur,
729 1864 828 1901 plures
853 1870 946 1893 tamen
972 1871 1118 1895 remanent
1150 1865 1330 1896 difficultates
1357 1866 1433 1896 haud
1457 1865 1612 1895 solvendae

1541 1923 1614 1952 quae

121 1977 175 2007 (s)
197 1978 250 2002 vm.
273 1979 330 2004 nn.
352 1980 425 2004 cmm.
445 1981 504 2005 «ιι.
526 1986 599 2011 r-u·

852 2022 875 2053 B
896 2031 915 2060 3
