1913 2417
721 170 1118 208 ORATIO.
1633 178 1658 210 Ὠ

215 274 287 308 Hoc
319 274 420 318 probe
447 272 662 318 expendentes
684 272 878 305 cordatiores
906 283 1017 304 omnes
1050 274 1085 305 in
1121 261 1215 305 coetu
1244 272 1516 312 Christianorum,
1554 275 1648 305 mini.

171 343 225 364 me
249 333 283 370 in
305 331 359 362 illa
380 332 503 362 externi
528 331 621 374 pretii
646 329 864 361 aestimatione
894 330 1141 372 acquieverunt,
1171 329 1227 361 sed
1249 329 1398 360 Codicem
1427 341 1552 361 sacrum
1576 331 1647 374 qui.

172 387 283 419 busvis
301 388 519 419 monumentis
544 388 676 419 vetustis
702 396 770 417 uuo
795 385 857 417 hoc
887 387 1019 417 nomine
1051 393 1208 430 praestare
1234 385 1458 425 crediderunt,
1483 387 1571 431 quod
1596 399 1650 419 νει

170 454 223 475 rae
245 445 416 487 sapientiae
446 444 567 476 fontem
595 454 671 475 eum
696 452 830 484 magnae
862 442 996 472 humani
1029 444 1153 485 generis
1189 444 1271 486 parti
1295 444 1450 475 exstitisse
1477 451 1647 487 putarent;

171 506 203 531 et
226 500 322 543 longe
348 502 505 532 maximae
532 502 742 545 imposterum
766 509 896 542 quoque
921 499 1106 530 exstituram
1134 506 1308 542 sperarent.
1364 500 1648 540 Quemadmodum

170 557 256 587 enim
278 557 494 589 inhumanum
516 557 786 600 omnesjudicant
801 578 810 594 ‚
832 555 858 586 si
885 555 959 598 quis
984 555 1083 587 homo
1107 556 1272 587 hominem
1298 556 1408 587 lumen
1436 556 1476 588 de
1505 568 1565 589 suo
1597 557 1646 589 lu·

168 615 256 645 mine
278 615 465 650 accendere.
475 622 577 651 vetet,
604 616 646 645 ita
674 614 740 656 jam
766 612 902 655 impium
929 612 1012 643 inter
1037 612 1239 644 Christianos
1261 613 1424 644 doctrinae
1448 625 1521 645 vere
1544 616 1645 648 Euan.

167 670 284 712 gelicae
317 679 469 715 putatur,
503 670 585 702 nihil
613 670 695 702 velle
725 668 895 708 conferre,
927 675 963 699 ut
996 668 1124 700 divinae
1159 669 1230 700 illae
1260 681 1337 713 opes
1371 670 1466 701 latius
1494 677 1644 714 pateant,

168 726 364 770 tandemque
388 728 428 758 ad
452 738 566 759 omnes
584 734 740 759 terrarum
756 725 843 757 orbis
860 725 980 757 incolas
995 732 1223 768 propagentur.
1275 727 1349 765 Quo
1364 737 1482 770 quaeso
1501 734 1646 770 spectant

165 782 297 825 collegia
319 784 372 814 illa
395 784 566 816 hominum
591 783 771 816 liberalium
801 789 832 813 et
863 783 1145 824 magnanimorum
1182 792 1240 824 per
1265 788 1364 813 totam
1389 781 1454 813 fere
1481 785 1644 827 Europam

164 838 299 877 diffusa,
324 852 403 884 quas
433 842 597 874 societates
622 839 755 871 biblieas
783 838 997 882 appellamus,
1027 849 1095 881 quo
1121 838 1259 869 tendunt
1285 845 1332 869 tot
1356 838 1578 872 translationes
1605 840 1646 872 li-

163 901 304 927 terarum
329 908 489 930 sacrarum
522 899 557 930 in
582 898 709 940 linguas
741 896 971 928 diversissimas
1003 895 1064 926 hoc
1097 896 1168 938 ipso
1209 901 1353 938 tempore
1379 895 1551 929 adornatae
1587 906 1643 932 aut

160 951 382 994 adornandae,
407 967 475 998 quo
501 955 609 987 valent
641 961 689 986 tot
715 960 841 985 sumtus
875 952 1064 995 laboresque
1095 952 1232 996 impensi
1238 974 1252 989 2
1282 951 1344 982 nisi
1375 958 1414 983 ut:
1442 951 1505 985 hoe
1538 954 1645 987 divini.

163 1009 253 1040 verbi
280 1010 474 1044 beneficium
507 1013 566 1044 toti
596 1010 704 1055 generi
739 1011 883 1042 humano
916 1010 1094 1040 innotescat
1111 1032 1120 1047 ‚
1149 1015 1181 1039 et
1215 1009 1249 1039 in
1278 1020 1452 1041 commune
1484 1010 1642 1047 habeatur

160 1076 230 1096 non
258 1067 366 1099 minus
379 1092 389 1107 ,
415 1079 513 1112 quam
534 1069 583 1100 sol
602 1078 688 1100 unus
707 1067 856 1109 idemque
873 1065 1027 1097 omnibus
1050 1063 1237 1095 hominibus
1257 1065 1404 1107 splendet
1429 1072 1460 1096 et
1484 1068 1641 1101 mirificos

160 1119 294 1155 luminis
318 1125 369 1156 sui
394 1125 573 1169 calorisque
596 1124 727 1156 effectus
754 1133 890 1156 summis
915 1133 985 1156 non
1004 1121 1105 1166 magis
1127 1127 1222 1164 atque
1247 1120 1369 1153 infimis
1388 1121 1519 1166 praebet
1542 1123 1642 1167 largiq

160 1183 208 1208 ter
231 1190 267 1210 ac
295 1180 365 1212 sine
387 1182 509 1214 invidia
528 1183 681 1226 impertit.

205 1234 266 1266 Sed
296 1243 332 1268 ut
356 1237 438 1269 nihil
460 1245 507 1269 est
531 1239 565 1270 in
590 1238 717 1270 mundo
740 1244 806 1269 tam
829 1235 1044 1281 praeclarum,
1070 1242 1136 1267 tam
1154 1235 1334 1277 excellens,
1364 1239 1445 1280 quin
1470 1238 1642 1282 imperito-⁴

153 1300 232 1322 rum
251 1298 284 1323 et
309 1293 541 1327 malevolorum
569 1295 739 1327 calumniis
763 1300 909 1339 petatur3
940 1294 1023 1325 nihil
1048 1300 1113 1325 tam
1130 1293 1282 1337 pulcrum
1301 1300 1333 1324 et
1358 1293 1399 1325 ab
1430 1296 1521 1326 omni
1548 1303 1637 1339 parte

154 1347 332 1389 perfectum
351 1373 361 1388 ,
394 1353 476 1395 quin
512 1350 817 1396 reprehensionibus
851 1357 884 1382 et
922 1349 1203 1382 criminationibus
1231 1350 1372 1393 aliquem
1405 1349 1514 1383 locum
1540 1352 1637 1383 relin-

156 1411 254 1446 quat',
285 1406 367 1437 nihil
395 1415 460 1440 tarn
481 1416 629 1441 sanctum
655 1416 688 1440 et
715 1408 889 1449 divinum,
919 1408 1003 1450 quin
1030 1406 1206 1450 aliquando
1234 1407 1416 1449 neglectum
1437 1414 1470 1439 et
1492 1413 1634 1439 contem-

154 1465 226 1491 tum
250 1464 302 1493 sui
332 1471 500 1507 expertum
532 1467 592 1498 sit:
627 1467 671 1497 ita
696 1468 796 1497 etiam
821 1463 936 1498 Codex
964 1463 1017 1494 ille
1044 1474 1152 1500 sacer,
1184 1462 1223 1493 de
1255 1474 1322 1504 quo
1352 1462 1536 1504 loquimur,
1566 1475 1635 1496 non

154 1514 263 1546 solum
293 1519 499 1553 admiratores
523 1529 555 1553 et
580 1522 783 1559 laudatores,
815 1531 931 1552 verum
956 1522 1053 1549 etiam
1080 1519 1307 1548 obtrectatores
1336 1528 1547 1562 censoresque
1572 1521 1635 1552 ini·

155 1573 330 1614 quissimos
359 1575 393 1606 in
419 1576 490 1618 ipso
523 1576 672 1607 ecclesiae
706 1576 829 1618 gremio
863 1581 976 1606 nactus
1004 1580 1073 1612 est,
1099 1575 1158 1616 qui
1189 1573 1261 1604 data
1291 1585 1387 1617 opera
1418 1586 1536 1607 naevos
1563 1578 1634 1620 ejus

154 1630 402 1672 conquirerent,
434 1639 465 1663 et.
500 1642 584 1674 quos
622 1631 683 1662 sibi
715 1632 868 1674 reperisse
896 1630 1102 1668 viderentur,
1132 1629 1217 1660 ultra
1252 1641 1366 1662 verum
1394 1640 1548 1674 augerent
1576 1634 1632 1666 de·

151 1685 369 1730 ridendosque
394 1687 456 1720 sibi
485 1695 670 1726 sumeoent3
699 1689 834 1719 virtutes
876 1693 983 1719 autem
1023 1685 1288 1724 dissimularent,
1319 1693 1350 1718 et
1381 1689 1630 1730 praeclarissima

154 1751 299 1783 quaeque
324 1751 520 1788 spernerent.
568 1746 737 1775 Testantur
764 1744 845 1782 hoc,
879 1750 916 1774 ut
941 1743 1052 1774 omnia
1073 1743 1239 1785 superiora
1270 1749 1302 1774 et
1333 1745 1515 1788 antiquiora
1541 1758 1630 1778 nunc

153 1804 323 1835 omittam,
356 1801 550 1843 iniquissimi
578 1811 740 1832 sermones
756 1823 764 1839 ‚
791 1807 823 1832 et
845 1799 965 1842 judicia
993 1799 1182 1841 asperrima,
1212 1810 1294 1842 quae
1325 1803 1444 1843 passim
1469 1813 1628 1847 spargun-

153 1858 228 1892 tur,
252 1854 291 1886 de
309 1855 529 1888 sodalitatibus
553 1856 632 1894 iltis,
667 1857 700 1887 in
720 1868 799 1900 quas
818 1856 857 1888 ad
877 1855 1123 1900 propagandum
1136 1856 1266 1887 Codicis
1288 1858 1368 1888 sacri
1389 1869 1485 1890 usum
1507 1866 1553 1891 tot
1572 1872 1628 1901 ge-

153 1919 261 1941 nerosi
293 1911 438 1944 homines
464 1913 636 1944 liberaliter
658 1915 816 1946 coierunt.
872 1915 953 1945 Nam
976 1923 1052 1943 cum
1076 1923 1180 1955 nuper
1204 1913 1419 1955 percrebuerit
1446 1923 1478 1944 et
1499 1916 1626 1958 scriptis

152 1965 393 2009 promulgatum
417 1969 539 2010 fuerit,
571 1980 638 2002 esse
662 1971 698 2001 in
719 1969 913 2011 quibusdam
939 1967 1127 2009 regionibus
1151 1967 1299 1999 homines
1326 1969 1456 2002 insanos
1484 1977 1516 2002 et
1537 1970 1624 2002 fana-

941 2024 964 2055 Β
1587 2027 1624 2059 ti-
