1913 2417
318 147 595 179 RESPONSIO
623 155 672 176 AD
699 143 1067 185 QUAESTIONEM
1095 142 1505 176 PHILOSOPHICAM.
1625 149 1669 193 ξιτ

158 239 188 263 et
213 223 407 270 dijudicandi3
436 238 498 260 tum
529 231 611 259 etiam
644 230 740 266 regula
767 229 902 265 quaedam
935 227 1033 264 agendi
1056 227 1169 256 elicitur
1191 228 1225 256 ad
1258 228 1340 256 talem
1371 236 1498 257 normam
1527 229 1675 266 indagari„

150 285 214 314 dam
235 291 263 313 et
288 284 449 313 eruendam.

193 337 270 365 Haec
293 336 328 364 ad
350 340 482 364 nostrum
514 333 681 362 institutum
712 330 874 360 sufficiunt:
908 330 937 358 iu
959 330 1066 366 quibus
1093 338 1128 359 ne
1147 330 1212 366 quis
1239 331 1346 368 majora
1376 339 1429 359 nos
1459 331 1576 359 molitos
1599 338 1661 359 esse

156 388 342 423 suspicetur,
363 387 473 414 minora
496 385 693 421 praestitisse,
722 383 868 411 sciendum
897 388 961 417 est,
991 390 1044 418 nos
1068 388 1263 418 argumentum
1290 387 1421 411 nostrum
1447 382 1664 417 orationemque

154 439 202 467 his
225 438 360 466 cancellis
384 436 640 471 circumsepsisse‚
670 440 702 462 ut
728 442 761 461 ex
781 434 963 468 antiquarum
995 434 1195 462 observatione
1220 433 1415 461 doctrinarum
1438 433 1664 469 periclitaremur

153 488 329 518 discriminis
347 496 412 515 cum
434 486 576 515 indicandi
600 493 703 520 notas,
735 491 795 513 tum
816 484 962 520 judicandi
985 484 1096 512 criteria
1121 485 1254 519 quaedam
1282 484 1426 523 proferre:
1459 492 1581 519 quorum
1605 485 1663 512 sci-

155 540 223 568 licet
242 539 349 574 aliquis
373 546 445 566 usus
469 546 530 565 esse
557 543 660 573 posset
683 536 712 564 in
731 536 931 571 Scepticorum
954 541 980 562 et
1003 535 1241 564 Academicorum
1265 534 1421 564 differentia
1446 535 1656 572 investiganda.

155 590 202 620 Ex
224 587 284 619 hoc'
303 589 392 625 igitur
415 589 541 617 consilio
564 589 632 616 haec
654 586 779 615 instituti
804 586 875 614 ratio
903 592 930 613 et
958 587 1102 621 manavit,
1130 593 1157 615 et
1184 587 1252 615 adeo
1278 587 1451 615 aestimanda
1475 593 1529 615 est.
1570 586 1660 623 Quod

158 649 204 670 res
229 640 421 669 indicavimus
445 647 577 675 tantum,
597 647 651 668 nec
675 638 828 674 explitzatas
849 645 894 665 eas
916 636 1072 673 fusiusque
1091 638 1237 673 expositas
1260 638 1449 676 traditlimus,
1469 638 1499 668 id
1516 637 1658 676 fecimus,

149 698 186 721 ut
208 691 340 720 brevitati
361 691 574 720 consuleretur..

414 949 731 984 CAPUT
831 932 1453 982 SECUNDUM‘

239 1068 577 1093 ACADEMICORUM
606 1068 659 1089 ET
688 1057 994 1089 SCE'PTICORUM
1023 1067 1063 1087 IN
1093 1066 1384 1089 OPPUGNANDIS
1413 1067 1566 1091 DOGMA-

706 1118 822 1140 TICIS
851 1118 1097 1140 DlscRIMEM.

145 1204 426 1266 Academicorum
451 1237 478 1259 et
500 1230 699 1268 Scepticorum
723 1229 890 1267 disciplinae
923 1228 1054 1259 bifariam
1083 1233 1208 1264 possunt
1237 1228 1411 1264 comparari:
1442 1234 1512 1265 aut,
1542 1236 1575 1258 ut
1599 1230 1659 1259 sin-

148 1286 279 1322 gularum
305 1284 432 1318 singulae
461 1289 564 1310 aetates
595 1290 627 1310 ac
658 1282 894 1318 progressiones,
924 1288 951 1310 et
974 1281 1128 1310 universus
1158 1288 1260 1307 cursus
1294 1279 1496 1309 conferantur:
1529 1287 1597 1316 aut,
1625 1286 1659 1309 ut

141 1336 384 1371 ¹uniuscnjusque
407 1333 575 1368 disciplinae
601 1335 676 1367 οὶκμὴ
703 1339 729 1360 et
755 1333 904 1360 maturitas
926 1332 1007 1359 alteri
1029 1337 1203 1367 opponatur.
1245 1330 1378 1365 Utraque
1400 1331 1490 1364 ratio,
1511 1330 1540 1358 in
1561 1338 1661 1360 nostra

154 1385 353 1415 controversia
376 1384 576 1419 dijmlvcanda,
606 1383 806 1419 conjungenda
829 1388 892 1411 est:
924 1383 1088 1418 praesertim
1117 1381 1155 1409 ob
1182 1381 1354 1414 inaequalem
1383 1387 1410 1408 et
1440 1380 1580 1415 disparem
1600 1383 1660 1410 sin-

148 1438 283 1475 gulorum
306 1434 541 1462 Academicorum
566 1434 704 1461 rationem
730 1434 807 1469 (1).
849 1433 964 1461 Scilicet
980 1432 1032 1459 alia
1055 1432 1111 1460 fuit
1133 1431 1302 1467 disciplinae
1326 1431 1580 1467 Academicorum,
1603 1433 1657 1462 alia

152 1488 352 1523 Scepticornm
381 1484 554 1519 progressiO.
598 1484 710 1512 Etenim
730 1483 892 1512 Academici
916 1484 1049 1518 primitus
1074 1492 1089 1511 a
1115 1482 1257 1511 stabiliori
1279 1481 1427 1510 dubitandi
1450 1483 1574 1511 consilio
1588 1492 1657 1519 pro-

149 1538 238 1572 fecti,
267 1538 301 1564 ad
324 1536 553 1570 Dogmatismum
578 1535 681 1563 sensim
707 1535 871 1569 sensimque
887 1555 897 1569 ‚
928 1540 960 1562 ut
984 1534 1127 1569 vidimus,
1158 1539 1227 1561 sunt
1251 1533 1372 1568 relapsi:
1403 1533 1530 1568 Sceptici
1555 1534 1655 1571 majori

151 1587 316 1618 constantia
342 1585 500 1622 perfectum
528 1586 747 1620 scepticismum
773 1586 874 1614 sectati
903 1590 929 1613 et
959 1585 1083 1613 assecuti
1113 1591 1191 1613 sunt.
1233 1583 1375 1612 Praeterea
1406 1583 1587 1619 Scepticismi
1610 1594 1655 1615 ars

146 1646 176 1668 et
198 1645 323 1675 systema
345 1645 498 1672 progressu
519 1637 657 1670 temporis
681 1638 770 1672 magis
803 1643 999 1665 consummata
1024 1642 1052 1664 et
1082 1634 1253 1671 amplificata
1285 1641 1369 1663 sunt:
1398 1635 1449 1663 sed
1473 1637 1566 1664 omnis
1591 1639 1653 1674 eJ'us

151 1690 198 1719 vis
220 1697 248 1717 et
275 1688 449 1722 auctoritas,
472 1694 614 1722 tamquam
642 1687 794 1722 peculiaris
819 1687 934 1722 sibique
956 1686 1163 1715 consentientis
1184 1685 1370 1721 disciplinae,
1390 1685 1445 1722 jam
1469 1687 1583 1716 condita
1609 1695 1655 1717 est

143 1749 161 1770 a
180 1740 331 1775 Pyrrhone
355 1745 382 1766 ct
410 1738 543 1766 Timone:
573 1746 658 1771 quare
683 1739 776 1766 omnis
801 1738 1000 1774 Scepticorum
1037 1737 1158 1766 mutatio
1190 1736 1389 1773 profectioque
1421 1738 1522 1766 melius
1557 1745 1654 1774 potest

150 1799 208 1820 una
232 1789 426 1825 descriptione
451 1790 646 1825 ads-pectitque
671 1789 788 1825 colligi,
811 1798 894 1825 quam
918 1789 1165 1818 Academicorum.
1214 1787 1279 1817 Nos
1310 1789 1431 1825 primum
1463 1796 1653 1825 utrorumque

149 1841 363 1878 philosophiam
387 1840 420 1868 ad
442 1839 558 1876 perfecti
586 1840 767 1876 Scepticismi
787 1840 949 1877 exemplar,
970 1846 1002 1868 ut
1023 1847 1202 1869 communem
1230 1847 1410 1877 mensuram,
1431 1840 1650 1878 revocabimu53

150 1900 167 1920 a
188 1891 311 1928 singulis
332 1891 511 1920 Academicis
534 1891 618 1921 initio
640 1899 748 1920 sumto.

1593 1932 1657 1960 Aa

170 1993 226 2024 (¹)
245 1995 315 2020 conf.
335 1994 414 2018 Wu‘n.
432 1996 460 2019 V·
483 1997 519 2021 Cl.
540 1998 569 2020 de
587 1998 686 2027 sceptic.
705 1999 777 2022 causis
798 2004 865 2026 atque
886 2004 979 2026 natura,
1000 2004 1021 2021 c.
1036 1997 1064 2021 V.
1081 2003 1160 2027 9135,
1175 1999 1209 2025 36.

923 2039 950 2069 L
