1913 2417
193 186 242 219 30
422 178 513 212 'G.
577 180 798 212 GROEN
856 188 960 211 VAN
1016 182 1445 216 PRINSTERER

196 265 320 302 primum
350 265 379 294 in
402 265 483 302 ipsos
508 266 702 302 expeditiones
721 264 846 300 amplius
871 264 983 302 suscipi
1008 273 1068 295 non
1093 271 1270 304 potuerunt,
1297 268 1378 298 brevi
1401 275 1530 306 tempore
1545 276 1644 300 omnes
1666 270 1715 300 de-

194 316 327 345 fecerint.
369 315 462 346 Omne
485 317 558 346 enirn
587 316 760 352 imperium,
789 316 819 345 vi
841 321 958 353 partum
985 323 1012 346 et
1036 317 1147 355 armis,
1172 319 1229 349 nisi
1253 319 1450 351 benevolentia
1469 322 1644 358 accesserit,
1669 322 1719 352 fir-

193 376 272 397 mum
294 374 320 396 et
347 368 450 396 stabile
473 377 534 397 esse
557 368 671 404 nequit.

231 419 272 448 Et
295 419 338 448 sic
363 419 491 455 quidem,
523 425 661 454 quantum
686 419 716 447 in
741 426 786 447 me
808 418 884 456 fuit,
912 420 1134 450 Atheniensium
1158 429 1225 451 cum
1250 423 1339 453 sociis
1358 444 1370 459 ‚
1399 424 1465 453 inde
1485 432 1502 454 a
1526 433 1624 462 pugna
1655 425 1719 454 Pla-

190 470 297 498 taeEnsi
321 477 415 506 usque
447 471 483 498 ad
511 470 618 498 bellum
642 469 941 507 Peloponnesiacum,
965 473 1204 503 necessitudinem
1226 474 1379 511 explicavi.
1419 475 1505 505 Haud
1533 482 1628 506 tamen
1649 476 1719 505 alie*

192 528 262 549 num
291 529 306 549 a
327 529 356 549 re
378 521 519 557 praesenti
542 521 630 557 duxi,
657 522 796 551 nonnulla
819 523 854 551 de
878 523 1056 559 principatus
1085 526 1306 555 Atheniensium
1324 533 1424 556 natura
1447 527 1579 556 universe
1600 533 1717 562 specta-1

193 571 216 599 ti
240 571 377 608 adjicere:
411 578 473 600 tum
493 572 528 600 de
551 573 666 608 causis,
695 573 803 609 quibus
828 573 935 603 factum
962 575 1018 610 sit,
1047 582 1080 604 ut
1101 584 1165 605 eum
1187 583 1245 606 tam
1263 578 1313 607 diu
1335 578 1522 614 retinuerint3
1543 577 1665 612 denique
1680 576 1716 606 de

195 621 225 650 vi
251 630 334 658 quam
362 630 429 652 cum
451 623 482 652 in
503 623 585 659 ipsos
608 624 819 662 Athenienses,
844 631 906 655 tum
929 625 960 656 in
981 633 1110 658 caeteros
1126 627 1263 659 Graeciae
1284 629 1434 668 populoe,
1454 629 1517 660 sive
1540 629 1573 660 in
1588 629 1714 665 bonam,

192 673 254 703 sive
281 673 312 704 in
339 675 441 704 malam
464 680 573 711 partem
601 675 745 706 habuerit.

495 984 821 1031 CAPUT
930 989 1411 1033 TERTIUM

878 1095 1035 1118 'SIVE

671 1171 1232 1208 CONcLusl-o.

905 1296 1028 1312 ——-

545 1382 927 1420 SECTIO
1036 1387 1373 1423 PRIMA,

370 1497 421 1523 DE
448 1499 619 1524 NATURA
647 1501 940 1525 PRINCIPATUS
974 1502 1308 1525 ATHENOENSIUM
1336 1499 1546 1524 unxvzkst

848 1554 1069 1578 SPECTATI·

198 1627 274 1691 Ex
294 1659 351 1694 iis,
384 1666 456 1695 quae
477 1660 512 1690 de
542 1662 772 1693 Atheniensibus
794 1668 961 1700 eorumque
984 1663 1072 1693 sociis
1099 1663 1225 1693 vidimus
1252 1662 1311 1692 duo
1346 1660 1533 1700 potissimum
1558 1662 1722 1698 sequuntur

199 1719 272 1747 quae
293 1711 328 1739 ad
350 1711 496 1746 ἡγεμονίαις
522 1713 740 1751 intelligentiam
762 1715 835 1744 bene
853 1715 973 1744 tenenda
995 1721 1078 1744 sunt.

240 1762 366 1791 Primum
390 1768 452 1798 est,
479 1764 700 1794 Atheniensium
730 1766 887 1802 potentiam
911 1766 942 1795 in
973 1764 1075 1803 primis
1106 1765 1233 1801 positam
1260 1764 1352 1796 fuisse
1374 1765 1404 1794 in
1431 1764 1545 1794 viribus
1570 1763 1719 1793 maritimis

203 1813 311 1849 quibus
334 1813 420 1842 maris
442 1814 619 1845 dominatum
649 1818 930 1855 (oammupmlm)
960 1816 1017 1846 sibi
1043 1823 1292 1853 comparaverunt·
1340 1815 1429 1846 Terra
1457 1816 1532 1845 enirn
1557 1822 1640 1851 quam
1666 1823 1721 1851 pa-

203 1873 267 1894 rum
300 1865 464 1900 valuerint,
485 1874 524 1895 ex
556 1867 623 1895 belli
648 1867 884 1904 Peloponnesiaci
917 1868 1010 1898 initiis
1042 1867 1228 1898 manifestum
1254 1874 1299 1897 est
1316 1888 1326 1904 ,
1355 1875 1445 1904 quum
1474 1866 1717 1895 Lacedaemonios

202 1915 356 1953 ,prohibere
387 1924 446 1944 non
477 1917 644 1954 potuerint,
673 1920 829 1954 quominus
853 1920 980 1949 Atticam
1007 1925 1172 1955 vastarent,
1203 1925 1231 1948 et
1259 1918 1314 1948 sub
1342 1918 1423 1954 ipsos
1456 1917 1514 1946 fere
1543 1917 1722 1946 Athenarum

198 1975 306 1996 muros
329 1972 421 1995 castra
447 1974 595 2003 ponerent.
638 1969 738 2007 Quum
769 1978 864 2001 autern
896 1971 983 1999 litora
1005 1970 1089 1999 maris
1113 1969 1217 2006 Aegaei
1239 1970 1408 2006 insulasque
1428 1969 1635 2006 propemodum
1658 1975 1720 1996 om-

201 2026 257 2050 nes
281 2025 458 2055 occuparent
488 2021 665 2058 naviumque
693 2030 842 2053 numerum
874 2022 1010 2053 haberent
1039 2021 1213 2059 maximum3
1237 2028 1414 2052 caeterorum
1444 2029 1512 2054 vero
1541 2019 1720 2049 Graecorum

1652 2068 1728 2099 clas-
