1913 2417
270 211 308 242 30
607 203 640 235 P.
713 200 1437 241 j.UYLEN13ROEl<

325 284 368 322 30.
397 285 524 324 Quando
545 286 654 321 tubus,
677 286 740 314 oleo
762 291 789 313 et
813 293 886 321 aqua
908 285 937 313 in
960 285 1129 320 aequilibrio
1153 287 1345 323 constitutis,
1367 289 1405 327 in
1420 289 1508 317 altuni
1532 289 1662 325 tollitur,
1690 290 1784 322 oleum

281 336 389 366 decidit
409 345 442 366 ex
475 337 569 372 tubo,
600 342 627 365 ct
652 336 785 372 quidem,
814 344 874 371 quo
899 336 1004 371 altius,
1033 345 1066 365 eo
1088 337 1156 373 plus
1180 337 1236 366 olei
1263 339 1418 368 descendit.
1461 340 1584 376 Quando
1606 341 1720 370 sistitur
1738 349 1784 370 tu-

284 387 361 423 bus,
390 387 504 416 sistitur
527 388 610 416 etiam
635 388 753 415 effluxus
780 387 854 423 olei3
884 393 910 415 et
927 386 978 415 ubi
1002 387 1036 416 ad
1061 396 1202 416 summam
1227 390 1405 425 superficiem
1429 399 1518 426 aquae
1538 393 1695 427 pervenerit
1721 391 1783 420 tubi

281 444 437 467 extremum
462 438 601 473 inferius,
622 438 705 467 etiam
728 438 785 467 sere
803 437 876 467 nihil
896 438 952 467 olei
976 438 1006 467 in
1025 438 1096 467 tubo
1118 439 1263 468 remansit.

319 488 366 525 4⁰.
394 489 449 517 Sed
483 490 622 525 quando,
653 490 716 518 oleo
742 496 768 517 et
796 497 868 524 aqua
898 489 927 517 in
956 490 1127 524 aequilibrio
1156 490 1344 526 constitutis,
1373 492 1462 521 tubus
1492 491 1685 529 deprimatur,
1711 500 1784 529 aqua

274 547 340 569 non
365 540 452 568 modo
476 540 632 569 sustinebit
655 540 769 575 oleum,
799 540 849 568 sed
869 539 953 569 etiam
975 541 1050 569 illud
1075 541 1106 570 in
1127 541 1217 570 altum
1247 542 1352 578 pellet,
1381 543 1451 572 adeo
1476 544 1609 579 quidem,
1638 550 1670 572 ut
1694 543 1783 572 tubus

281 596 310 618 et
334 590 427 619 oleum
452 597 479 619 et
502 600 606 628 aquam
626 591 665 621 sit
686 597 886 621 contenturus.

311 640 439 670 Tandem

314 692 358 730 50.
386 693 457 722 Non
481 693 584 722 mirum
609 702 671 722 esse
693 693 732 722 ait
755 693 899 730 uomens,
918 694 1001 730 'quod
1018 694 1186 732 superficies
1203 695 1259 724 olei
1275 694 1304 723 in
1322 694 1395 723 tubo
1412 703 1470 724 non
1488 694 1517 724 in
1534 696 1627 725 eadem
1650 695 1688 724 sit
1709 693 1783 724 linea

277 743 451 773 horisontali
475 752 539 773 cum
563 753 659 780 aqua,
687 745 736 774 sed
759 745 909 781 paululum
938 746 982 774 sit⁴
1008 746 1114 782 altior,
1146 746 1282 782 quoniam
1313 748 1407 776 oleum
1438 746 1644 776 terebinthinae
1664 747 1694 775 in
1717 753 1785 783 spe-

272 795 335 830 cie,
358 796 379 824 i.
402 804 426 826 e.
451 796 507 825 sub
533 797 628 825 eadem
653 796 813 832 quantitate
835 797 939 832 molis,
962 797 1059 833 liquor
1082 805 1124 827 est
1150 806 1222 834 aqua
1241 798 1343 827 levior.

312 845 353 874 Hi
375 847 488 882 quidem
515 856 613 876 omnes
636 847 758 876 effectus
778 846 852 876 satis
874 857 1018 884 superque
1042 848 1151 885 Boylco
1175 849 1344 877 videbantur
1367 848 1504 885 originem
1529 856 1608 877 suam
1631 855 1724 885 petere
1745 849 1782 878 ab

272 897 443 932 aequilibrio
468 898 540 926 inter
562 899 654 927 oleum
679 899 709 928 in
736 899 808 928 tubo
829 906 858 927 et
881 908 982 935 aquam
1003 907 1080 928 extra
1103 900 1195 929 illum.
1235 899 1402 935 Nimirum,
1428 900 1477 927 ubi
1500 900 1647 936 cylindrus
1671 900 1727 929 olei
1750 906 1779 929 et

272 949 421 984 cylindrus
454 957 570 984 aquae,
601 950 655 978 sub
683 950 804 979 diversis
837 950 1036 979 voluminibus
1067 951 1180 978 eandem
1210 950 1315 979 liabent
1352 958 1460 979 massae
1495 951 1680 986 quantitatem
1700 972 1711 986 ‚
1748 951 1781 980 in

268 999 440 1034 aequilibrio
467 1007 550 1028 erunt
568 1000 597 1028 hi
624 1001 682 1029 duo
700 1001 864 1029 constituti.
898 1001 960 1038 Jam
978 1010 1045 1029 vero
1059 1008 1169 1030 mutato
1187 1001 1289 1030 horum
1313 1001 1470 1037 alterutro,
1490 1002 1575 1030 etiam
1601 1003 1671 1030 alter
1688 1008 1781 1031 mute·

270 1055 318 1077 tur
342 1058 458 1079 necesse
482 1057 543 1085 est,
566 1057 597 1078 ut
619 1051 815 1086 aequilibrium
830 1052 1015 1086 restituatur,
1037 1057 1064 1079 et
1081 1060 1191 1088 semper
1207 1052 1371 1087 quidem-in
1386 1053 1478 1081 eadem
1496 1052 1614 1081 ratione.
1653 1052 1782 1091 Quando

266 1107 295 1129 v.
323 1108 373 1136 g.‚
397 1103 449 1137 (et
475 1101 522 1129 hic
548 1108 591 1130 est
613 1102 725 1138 primus
747 1110 831 1131 casus
854 1111 869 1131 a
890 1102 998 1138 Boyleo
1031 1103 1197 1140 notatus),
1229 1102 1393 1140 superficies
1425 1103 1479 1132 olei
1504 1102 1534 1132 in
1559 1104 1631 1132 tubo
1658 1105 1782 1133 multum

265 1158 381 1188 superat
401 1152 582 1188 superficiem
605 1161 713 1189 aquae,
735 1153 833 1181 oleum
856 1153 1020 1182 descendit:
1044 1162 1136 1190 neque
1159 1155 1282 1191 mirum;
1315 1161 1376 1183 tum
1403 1154 1498 1190 enim,
1518 1155 1717 1194 computando
1745 1154 1782 1183 ab

266 1210 393 1232 extremo
414 1203 544 1232 inferiori
568 1204 630 1232 tubi
654 1205 788 1234 columna
821 1205 876 1234 olei
907 1205 1000 1234 multo
1025 1205 1117 1243 major
1139 1213 1200 1242 est,
1231 1214 1315 1242 quam
1349 1206 1485 1235 columna
1515 1214 1624 1242 aquae,
1653 1206 1719 1234 inde
1745 1204 1783 1235 ab

266 1260 395 1283 extremo
420 1253 548 1283 inferiori
572 1255 635 1283 tubi
653 1263 746 1291 usque
769 1256 806 1285 ad
827 1265 906 1285 suam
933 1264 1072 1285 summam
1098 1257 1290 1294 superficiem.
1332 1257 1410 1286 Hinc
1433 1257 1595 1286 necessario
1620 1258 1714 1285 oleum
1732 1255 1783 1285 ad·

266 1306 403 1334 scendere
425 1305 531 1341 debet,
553 1306 643 1334 donec
672 1306 723 1334 hae
750 1307 900 1335 columnae
916 1307 1017 1336 iterum
1036 1307 1091 1336 sub
1116 1307 1238 1336 diversis
1260 1309 1458 1336 voluminibus
1483 1309 1591 1334 eusdem
1613 1306 1783 1335 contineant

266 1363 395 1392 massas3
419 1356 495 1385 unde
520 1356 688 1385 habebimus
714 1357 832 1385 alterum
850 1357 950 1394 Boylei
963 1367 1075 1387 casum.
1117 1358 1164 1386 Sic
1181 1357 1262 1386 etiam
1280 1365 1364 1385 casus
1379 1356 1480 1384 tertius
1496 1356 1580 1385 facile
1597 1356 1780 1393 explicatur,

265 1405 296 1434 in
322 1415 402 1442 quo,
431 1407 588 1436 attollendo
615 1407 716 1435 tubum
735 1429 745 1443 ‚
782 1409 948 1444 superficies
980 1410 1036 1438 olei
1066 1409 1202 1444 requisita
1230 1415 1263 1436 ut
1293 1407 1494 1443 aequilibrium
1524 1407 1684 1436 constituat
1713 1415 1780 1437 cum

270 1464 364 1492 aqua,
387 1458 550 1493 attollitur,
576 1465 604 1486 et
632 1459 675 1487 sic
694 1459 766 1487 illud
787 1460 989 1495 aequilibrium
1015 1460 1194 1493 destruitur,
1223 1458 1302 1493 quod
1331 1465 1425 1486 tamen
1454 1459 1592 1486 descensu
1622 1458 1679 1486 olei
1702 1465 1783 1488 recu·

270 1514 402 1544 petatur.
444 1508 468 1534 E
494 1516 613 1544 contra,
636 1509 685 1537 ubi
706 1509 795 1538 tubus
819 1510 1008 1546 deprimitur,
1038 1511 1172 1539 columna
1192 1517 1282 1546 aquae
1305 1508 1370 1537 inde
1390 1517 1406 1537 a
1430 1517 1480 1537 sua
1503 1509 1657 1545 superficie
1678 1510 1714 1538 ad
1731 1518 1780 1539 ex·

267 1564 389 1586 tremum
415 1556 534 1585 inferius
562 1560 624 1586 tubi
648 1567 786 1597 augetur,
809 1561 876 1589 hinc
903 1561 1092 1597 aequilibrum
1115 1561 1290 1595 destruitur,
1323 1560 1421 1596 quod,
1441 1568 1508 1588 curn
1535 1560 1628 1588 oleum
1652 1561 1783 1590 accedere

269 1616 394 1645 nequeat
421 1609 457 1636 ad
486 1609 579 1636 oleum
604 1609 634 1637 in
658 1610 747 1644 tubo,
779 1612 838 1640 alio
863 1613 949 1641 modo
976 1612 1133 1648 recuperari
1156 1611 1261 1646 debet3
1283 1610 1354 1639 nihil
1377 1616 1471 1639 autem
1498 1611 1553 1639 hoc
1581 1611 1783 1647 aequilibrium

269 1660 421 1689 restituere
449 1665 566 1695 potest,
596 1659 653 1688 nisi
676 1660 740 1695 ipsa
765 1669 860 1696 aqua,
891 1669 963 1697 quae
992 1663 1088 1697 itaque
1117 1663 1201 1690 ctiam
1226 1662 1328 1690 tubum
1361 1661 1465 1698 intrat,
1493 1668 1520 1690 et
1551 1662 1595 1691 sic
1625 1670 1689 1688 cum
1719 1662 1784 1690 oleo

267 1711 441 1747 aequipollet
462 1718 551 1746 aquae
573 1711 717 1741 exteriori.

313 1761 359 1789 En
381 1761 499 1796 primam
525 1768 631 1797 partem
654 1762 883 1792 ratiocinationis
907 1763 1027 1800 Boylei,
1056 1764 1185 1792 effectum
1209 1762 1320 1792 scilicet
1345 1761 1533 1798 phaenomeni
1562 1761 1713 1790 memorati
1732 1762 1784 1791 tri·

277 1811 416 1839 buendam
442 1821 503 1840 esse
525 1812 720 1850 aequilibrio,
741 1815 822 1850 quod
845 1814 955 1843 obtinet
978 1815 1050 1845 inter
1073 1816 1221 1844 columnas
1240 1821 1330 1849 aquae
1351 1819 1379 1840 et
1402 1813 1467 1842 olei.
1506 1812 1568 1849 Jam
1598 1821 1665 1842 vero
1691 1818 1785 1851 pergit

269 1863 347 1891 hunc
371 1861 399 1890 in
424 1862 558 1891 modum:

318 1933 341 1949 ,‚
364 1913 408 1942 Ex
433 1913 571 1941 hactenus
595 1914 721 1943 ostensis
745 1915 848 1943 inferre
869 1922 933 1945 tuto
955 1917 1183 1953 propositionem
1208 1916 1284 1945 illam
1310 1915 1396 1951 licet,
1417 1915 1501 1952 cujus
1522 1915 1608 1952 gratia
1631 1916 1698 1945 haec
1722 1916 1784 1945 orn-

274 1964 321 1993 nia
345 1964 480 1992 diximus.
523 1964 598 1992 Cum
625 1964 697 1992 (nim
724 1966 816 1993 oleum
841 1966 869 1994 in
893 1966 1009 2002 fistula,
1031 1976 1154 2003 utroque
1177 1976 1231 1996 suo
1261 1974 1387 1995 extremo
1413 1972 1530 2001 aperta,
1551 1967 1636 1995 teneri
1661 1975 1783 2002 suspen·

272 2023 337 2044 sum
363 2016 456 2050 possit
484 2015 513 2043 in
536 2015 637 2050 quavis
664 2022 743 2051 parre
768 2017 823 2044 sub
845 2025 939 2054 aqua,
972 2017 1105 2054 quoniam
1132 2017 1170 2045 ibi
1201 2024 1244 2045 cst
1267 2015 1297 2045 in
1318 2015 1492 2054 aequilibrio
1512 2023 1577 2045 cum
1598 2025 1671 2053 aqua
1693 2024 1782 2046 exter-

1725 2076 1780 2106 na;
