1913 2417
309 158 696 196 COMMENTATIO
723 171 771 194 DE
797 156 1103 193 'AF'FI‘NITATE
1135 161 1377 193 CHEMtc-A.
1570 171 1599 201 -ς

85 256 174 289 'quam
196 258 261 280 cum
291 251 342 279 illo
370 250 450 278 alcali
487 250 571 278 habet
601 255 628 276 et
662 246 822 283 quantitate
849 247 993 284 cujusque
1023 246 1176 282 praesenti.
1223 246 1307 274 Plura
1335 246 1410 274 clrca
1436 245 1510 274 hanc
1534 253 1591 273 rem

89 303 184 332 afferri
206 308 342 338 possent3
375 310 439 330 cum
459 309 534 329 rvtro
563 306 694 329 nostrum
723 307 780 327 non
805 299 859 334 sit,
885 299 940 327 nisi
965 298 993 326 in
1018 297 1140 326 transitu
1169 297 1251 332 quasi
1277 298 1310 325 de
1335 297 1393 325 illis
1418 305 1593 332 memorare,

85 361 119 384 ut
143 360 257 383 constet
290 353 390 388 quanti
419 352 555 381 momenti
581 351 637 386 sit,
668 351 701 378 ad
725 350 910 385 quantitatem
943 350 997 378 rite
1022 349 1197 382 attendisse,
1226 348 1293 376 haec
1322 356 1411 384 pauca
1438 348 1591 378 sufficiant-

82 406 219 436 Ceterum
245 405 301 441 jam
331 412 364 432 ex
386 402 421 431 iis
447 410 518 438 qnae
541 402 588 430 hic
605 402 774 430 tradidimus
799 402 834 429 de
853 400 972 438 egregiis
997 399 1102 429 summi
1120 399 1292 428 Bertlmlleti
1311 399 1459 428 laboribus
1482 400 1595 428 abunde

83 456 217 491 'constan
240 453 308 483 hae'c
331 455 429 489 itaque
450 454 667 489 relinquamus,
696 453 951 482 animadvertentes
976 460 1030 480 nos
1052 457 1162 479 tantum
1186 451 1220 479 de
1245 451 1281 480 iis
1305 450 1428 486 dixisse,
1458 459 1532 486 quae
1559 449 1596 478 ad

86 507 261 545 quantitatis
287 504 406 533 effectus
429 504 563 532 absolute
576 510 733 540 spectant,
756 505 835 533 nulla
856 503 956 531 habita
977 503 1086 531 ratione
1108 502 1399 538 impedimentorum,
1422 510 1495 538 quae
1516 510 1597 530 com-

87 558 251 589 binationes
273 557 413 585 chemicas
438 557 637 585 determinant.
678 556 797 584 Summo
819 554 908 591 igitur
928 555 990 591 jure
1021 553 1152 583 Chemici
1181 554 1321 582 desudant
1343 554 1372 582 in
1386 553 1597 590 cognoscenda

84 616 114 641 et
132 609 285 639 indicanda
304 608 506 635 elementorum
538 607 746 644 proportioneg,
768 606 798 634 in
822 606 875 635 hac
898 611 992 634 autem
1021 604 1188 633 invenienda
1210 613 1269 634 non
1293 613 1392 633 omnes
1415 604 1528 633 eandem
1552 612 1598 632 se·

85 662 147 691 cuti
169 667 239 690 sunt
260 659 356 693 viam,
377 658 457 694 quod
485 659 523 686 rei
548 659 635 695 hujus
657 658 854 687 difficultatem
880 657 950 686 satis
973 656 1097 693 probat;
1120 665 1186 685 nam
1209 665 1268 685 non
1291 665 1358 685 mox
1380 657 1414 684 de
1437 656 1601 691 quantitate,

81 721 149 743 vera
168 711 244 741 certi
268 717 382 738 sumuS.
423 709 453 737 Si
475 718 564 745 aquae
591 718 656 738 vera
684 710 829 745 quantitas
855 709 1004 738 indicanda
1030 708 1089 743 sit,
1114 708 1181 736 haec
1203 707 1287 736 facile
1314 707 1455 743 detegitur
1472 707 1596 742 plerum-

79 771 158 800 que3
180 768 208 791 at
229 769 289 790 non
308 760 346 788 ita
368 761 402 789 de
424 760 533 795 acidis,
561 768 625 788 cum
651 760 718 788 haec
747 761 842 789 omnia
864 769 938 796 aqua
962 760 1052 788 mixta
1080 759 1159 793 sint,
1186 758 1225 785 ita
1249 765 1281 786 ut
1309 765 1439 787 auctores
1466 759 1596 787 nonduin

78 814 272 847 conveniant,
298 811 392 847 qualis
419 811 457 839 sit
480 811 568 848 hujus
591 819 680 846 aquae
704 811 737 839 in
753 811 843 839 acidis
857 810 1030 847 proportio.
1073 811 1115 838 Ita
1132 815 1287 845 postquam
1314 809 1408 845 primo
1430 809 1597 838 constiterit

81 856 205 901 sulphas
227 862 314 892 sodae
333 868 467 891 constare
489 870 523 890 ex
553 862 644 897 soda,
674 867 835 890 remanente
859 869 983 897 corpore
1012 860 1114 896 acido,
1142 860 1307 896 ignoramus
1326 880 1336 896 ‚
1364 869 1432 889 num
1462 861 1490 888 id
1515 860 1594 896 quod

67 920 241 949 .remaneat‚
265 919 384 948 verum,
415 912 510 941 solum
531 911 578 941 ·sit
599 912 728 948 acidum,
758 920 832 944 anne
853 921 924 941 vero
947 921 1021 948 aqua
1044 912 1190 946 mixtum3
1219 913 1293 940 unde
1315 913 1417 948 procul
1440 912 1530 941 dubio
1555 912 1598 940 ef-

79 966 175 996 fectus
202 964 343 993 habentur
369 963 450 993 varii.
491 964 604 992 Notum
633 964 710 992 enim
743 969 918 999 quantopere
944 963 1056 992 differat
1074 983 1085 998 ,
1113 971 1182 991 num
1209 964 1322 992 acidum
1353 970 1594 999 commutatum,

79 1018 103 1047 i.
127 1025 154 1046 e.
179 1023 291 1052 parcam
308 1021 406 1050 -aquae
428 1014 591 1050 portionem
613 1015 784 1049 continens,
806 1022 841 1042 an
864 1022 932 1043 vero
948 1014 1073 1043 dilutum
1096 1015 1130 1041 ad
1146 1014 1387 1049 compositionem
1412 1015 1591 1044 adhibeatur.

81 1069 226 1098 Praeterea
248 1074 308 1096 non
333 1065 503 1102 quaeritur,
523 1065 581 1095 nisi
601 1067 635 1094 de
658 1074 731 1095 vera
748 1065 906 1101 quantitate
920 1073 1096 1101 corporum,
1120 1070 1151 1092 ut
1175 1065 1210 1092 de
1232 1064 1382 1093 effectibus
1403 1065 1455 1093 rite
1475 1066 1597 1102 jtidicari

79 1124 202 1157 posset,
223 1125 296 1153 quae
320 1117 433 1154 quidem
456 1117 490 1145 de
512 1117 600 1146 acidis
617 1125 658 1147 co
682 1117 827 1146 difficilius
854 1117 1078 1151 determinatur,
1106 1124 1174 1144 cum
1204 1116 1340 1151 pleraque
1367 1115 1520 1153 gasformia
1543 1126 1594 1146 οε-

82 1175 219 1204 currant,
248 1168 305 1197 nisi
330 1174 403 1204 aqtta
421 1168 522 1197 soluta
544 1168 663 1198 fuerint.
706 1168 806 1197 Plures
831 1167 920 1204 igitur
940 1168 996 1205 jam
1021 1167 1187 1204 propositae
1214 1172 1283 1195 sunt
1305 1167 1452 1203 methodi,
1484 1168 1593 1204 quibus

78 1226 146 1250 vera
176 1220 243 1248 haec
275 1219 348 1248 acidi
376 1219 474 1256 portio
498 1219 528 1249 in
555 1219 823 1250 combinationibus
858 1218 1051 1254 definiretur3
1084 1226 1140 1254 qua
1165 1217 1302 1254 cognita,
1331 1227 1397 1246 cum
1433 1219 1512 1247 acida
1538 1218 1597 1248 fere

83 1270 180 1300 omnia
200 1270 364 1306 composita
386 1271 513 1306 intrent,
533 1271 625 1308 maior
644 1271 698 1299 lux
719 1270 866 1299 doctrinae
884 1270 1029 1299 chemicae
1047 1268 1207 1305 affingeret.
1249 1268 1326 1297 Intcr
1352 1269 1420 1298 illos
1445 1278 1495 1305 qui
1517 1279 1596 1307 egre-

81 1321 131 1359 gie
152 1321 206 1349 hac
226 1321 261 1349 de
282 1328 311 1349 re
336 1320 430 1349 meriti
459 1327 529 1349 sunt
553 1322 754 1350 memorandus
777 1327 821 1350 est
846 1321 1023 1350 Kirwannus
1046 1320 1203 1356 qui-plura
1224 1319 1353 1348 instituit
1378 1321 1596 1357 experimenta,

78 1377 118 1400 ‹ut
136 1370 264 1401 definiret
287 1380 382 1401 veram
411 1378 439 1401 et
461 1371 624 1401 absolutam
651 1372 724 1401 acidi
738 1371 985 1409 :pi-opertionem,
1006 1378 1062 1400 tam
1081 1371 1122 1400 ·in
1143 1371 1358 1399 combinatione
1372 1379 1445 1399 >cum
1472 1381 1546 1408 aqua
1564 1374 1595 1402 in

80 1422 173 1451 acidis
200 1423 485 1458 venalibussquam
508 1423 716 1452 cum‘basibus
741 1423 887 1452 alcalinis:
905 1429 942 1451 'et
966 1423 1044 1451 hunc
1059 1422 1100 1450 ·in
1127 1422 1211 1450 {inem
1236 1422 1350 1451 initium
1377 1423 1483 1451 sumsit
1506 1432 1521 1452 a
1546 1432 1595 1460 gas

80 1474 166 1502 acido
180 1472 338 1502 muriatico
360 1473 444 1511 (9);
473 1479 539 1502 curn
565 1482 633 1503 vero
657 1474 784 1502 nondum
809 1479 888 1502 certo
916 1479 1032 1503 constet
1057 1479 1153 1501 utrum
1178 1473 1234 1501 hoc
1261 1473 1372 1504 acidum
1397 1482 1499 1509 aquam
1522 1483 1593 1504 con-

78 1525 188 1559 tineat,
216 1532 268 1553 nec
292 1532 346 1560 ne,
373 1525 522 1560 sequitur,
553 1531 585 1553 ut
604 1525 630 1554 si
650 1524 745 1554 omnis
769 1533 843 1560 aqua
864 1524 964 1553 abesse
987 1530 1136 1553 censeatur
1157 1523 1254 1552 forsan
1281 1525 1479 1553 committatur
1496 1533 1591 1557 >error.

83 1576 118 1605 In
143 1575 358 1604 combinatione
382 1575 558 1610 reliquorum
582 1576 748 1612 acidorum,
770 1575 866 1612 primo
889 1575 1047 1610 assumsit,
1069 1575 1151 1602 bases
1171 1574 1307 1603 alcalinas
1335 1576 1477 1611 aequalem
1498 1578 1597 1614 cujus·

83 1635 140 1664 que
165 1626 240 1655 acidi
264 1635 364 1655 veram
392 1626 505 1662 copiam
530 1626 695 1662 suscipere,
725 1634 813 1662 quam
840 1626 1037 1663 hypothesin,
1067 1631 1170 1660 utpote
1199 1625 1393 1654 observationi
1421 1629 1592 1658 contrariam

79 1679 146 1715 ipse
167 1684 269 1713 postea
291 1677 394 1705 refellit
415 1683 442 1705 et
467 1677 586 1705 eundem
610 1685 731 1713 scopum
764 1677 904 1714 attingere
925 1682 1047 1705 conatus
1069 1683 1112 1705 est
1133 1684 1186 1711 ee,
1215 1677 1294 1712 quod
1323 1676 1442 1706 effectus
1469 1681 1595 1710 conden-

79 1728 201 1759 sationis
223 1736 289 1756 cum
313 1727 450 1764 gravitate
476 1727 612 1764 specifica
642 1728 849 1764 comparaverit
870 1735 899 1756 et
932 1727 996 1756 inde
1025 1727 1096 1756 hanc
1131 1727 1321 1762 quantitatem
1358 1728 1493 1766 deduxit,
1521 1740 1593 1761 con-

88 1781 206 1809 tendens
236 1779 309 1807 illud
330 1779 440 1806 acidum
454 1799 464 1814 ,
480 1780 559 1814 quod
580 1779 610 1807 in
631 1779 763 1815 sulphate
785 1786 813 1807 et
837 1778 957 1807 muriate
973 1785 1107 1815 potassae
1127 1784 1154 1806 et
1174 1778 1276 1806 nitrate
1301 1779 1387 1807 sodae
1404 1782 1570 1811 continetur
1583 1804 1592 1819 ,

82 1840 182 1861 verum
205 1838 268 1860 esse
292 1830 404 1859 acidum
431 1830 513 1867 (10)
538 1837 628 1866 quum
649 1836 741 1858 autem
763 1829 810 1857 hic
835 1830 919 1866 plura
934 1835 1138 1866 assumantur,
1160 1837 1231 1865 quae
1253 1830 1425 1866 experientia
1444 1840 1503 1862 non
1521 1835 1592 1863 satis

1527 1894 1597 1922 pro·

107 1959 159 1988 (9)
181 1959 232 1982 Vid.
253 1958 377 1986 Illam-ean,
399 1959 454 1981 iiber
475 1959 511 1982 die
532 1960 569 1982 aff.
592 1967 614 1988 p.
631 1962 680 1984 226.

102 2001 173 2029 (to)
195 2001 257 2025 Bibl.
272 2000 327 2023 Brit.
337 2002 372 2029 ,Τ,
386 2001 445 2024 MV.
475 2001 569 2022 Kirmn
586 2003 609 2025 ol
621 2004 658 2025 the
670 2004 771 2031 strength
785 2003 815 2026 of
823 2002 893 2026 Acids
910 2006 955 2024 etc.
971 2000 1044 2024 Lond·
1060 2005 1125 2029 179¹·
1156 2000 1294 2029 Btrthollet,
1310 2002 1361 2024 Stat.
1376 2000 1451 2026 Chim.
1466 2002 1483 2025 1.
1497 2009 1522 2030 p.
1534 2008 1582 2027 110.

886 2043 908 2073 B
