1913 2417
248 1929 270 1946 ’ί

283 121 321 150 16
638 123 869 153 G.C.B.
954 122 1423 154 SURINGAR

288 224 306 240 η
325 204 384 232 veri
403 203 623 240 acutissimum,
652 205 712 234 sive
735 204 950 242 imagIna‘tionis
971 204 1132 241 flammam,
1161 206 1220 235 sive
1244 207 1352 236 ordinis
1378 216 1523 243 amorem,
1549 214 1597 236 aut
1620 209 1711 245 ipsius
1733 218 1790 240 me·

290 275 308 290 „
328 255 432 284 moriae
456 255 534 290 vim,
566 262 640 284 certe
663 255 817 291 plerosque
841 257 975 285 mortales
1005 257 1090 294 longe
1112 258 1326 293 antecelluit‚'’
1356 265 1388 286 ut
1408 260 1471 296 jure
1494 259 1679 297 Sprcngelius
1702 262 1742 299 (3
1757 263 1790 299 )‚

290 304 320 334 in
334 314 416 335 aurea
442 314 493 335 sua
520 307 707 342 Philosophia
732 307 868 336 Botanica
889 314 1042 343 sequentes
1063 308 1201 337 foliorum
1226 309 1301 338 situs
1324 317 1459 338 memorat
1481 311 1559 347 (4).

327 377 352 392 ‚‚
373 357 489 386 Stellata
523 357 768 395 (Verticillata)‚
801 367 866 387 cum
893 358 964 388 solia
993 360 1073 395 plura
1101 368 1185 396 quam
1212 360 1269 388 duo
1298 361 1486 389 verticillatim
1515 362 1624 400 caulem
1655 362 1795 394 ambiunt.

290 427 313 442 ‚,
335 407 448 442 Tema,
470 408 635 445 Quaterna,
657 409 774 447 Quina,
795 410 867 439 Sena
889 417 946 440 etc.
976 416 1045 439 sunt
1067 411 1176 446 species
1200 412 1309 440 numeri
1326 412 1522 441 stellatorum.
1562 413 1702 448 Nerium,
1729 413 1795 442 Bra-

288 477 312 493 „
334 459 448 494 bejum,
471 459 622 495 Hippuris.

312 508 352 545 ',‚
375 508 538 546 Opposita,
560 518 624 539 cum
647 509 717 540 folia
743 511 856 540 caulina
878 511 936 541 duo
950 532 960 547 ,
991 520 1042 548 per
1068 513 1146 549 paria
1171 514 1344 542 decussatim
1367 523 1382 543 e
1402 516 1516 552 regione
1535 516 1727 545 collocantur.

328 580 352 595 „
374 561 510 597 Auerna,
532 570 597 590 cum
624 570 710 602 unum
736 570 805 599 post
829 564 948 592 alterum
971 571 1105 600 tanquam
1127 572 1179 600 per
1201 566 1304 601 gradus
1330 566 1397 595 exit.

327 632 352 647 „
374 612 497 648 Sparsa,
519 621 584 641 cum
610 613 638 641 in
662 614 760 649 planta
780 614 841 643 sine
867 615 966 644 ordine
989 615 1208 652 copiosissima.

331 682 354 698 ,‚
377 663 536 698 Conferta‚
559 671 623 692 cum
648 663 687 693 ita
712 665 850 701 copiosa,
873 673 904 695 ut
927 674 1020 695 ramos
1045 673 1190 703 occupent
1212 673 1310 702 totos,
1334 668 1383 696 vix
1408 668 1507 696 telleto
1531 668 1635 704 spatio.

333 733 359 750 „
380 713 547 750 Imbricata,
568 715 594 744 si
616 714 745 744 conferta
771 722 798 744 et
821 724 932 753 erecta,
954 725 987 746 ut
1012 719 1133 747 invicem
1158 727 1189 747 se
1215 720 1310 754 quoad
1334 726 1441 755 partem
1466 725 1571 756 tegant.

332 785 356 800 „
378 764 577 802 Fasciculata‚
601 766 626 795 si
654 776 688 796 ex
711 769 806 796 eodem
831 776 942 804 puncto
966 770 1047 806 plura
1070 769 1141 798 folia
1164 771 1342 806 procedunt:
1364 769 1464 799 Larix.

326 835 350 851 „
372 816 521 853 Disticha,
542 817 567 846 si
593 818 687 848 onmia
706 818 776 848 folia
799 820 858 848 duo
881 820 963 850 latera
991 821 1058 850 rami
1074 827 1185 850 tantum
1208 821 1384 857 respiciunt:
1404 821 1514 857 Abies,
1535 820 1697 857 Lonicera,
1716 821 1799 851 Dier-

286 885 311 902 „
333 866 410 895 villa.
421 866 440 879 ”

994 927 1023 962 §.
1065 933 1092 962 5.

536 998 616 1026 Situs
628 998 773 1035 foliorum
799 1002 900 1039 specics
923 1000 966 1029 ad
985 1003 1111 1040 quinque
1128 1001 1268 1030 commode
1291 1002 1393 1031 reduci
1409 1008 1540 1041 possunt.

334 1083 508 1114 Accuratius
531 1087 691 1122 plantarum
718 1097 832 1119 examen
858 1091 906 1120 Cl.
932 1090 1089 1121 Bonnctum
1107 1091 1175 1129 (5)
1196 1091 1332 1127 edocuit,
1353 1092 1482 1127 quinque
1505 1091 1535 1120 in
1555 1089 1722 1119 universum
1740 1088 1800 1120 dis-

292 1132 462 1164 tributionis
487 1136 625 1167 foliorum
650 1148 713 1169 esse
732 1141 862 1178 species,
884 1149 912 1171 et
934 1143 969 1171 ad
993 1143 1044 1171 has
1070 1148 1178 1172 ceteras
1204 1149 1270 1179 apte
1290 1142 1388 1172 referri
1412 1150 1507 1179 posse.

325 1181 450 1216 Primum
473 1196 564 1225 genus
583 1191 719 1221 exhibent
742 1192 855 1228 plantae
872 1192 954 1222 foliis
976 1194 1091 1223 alternis
1117 1195 1185 1231 (6)
1209 1194 1366 1223 instructae
1379 1215 1389 1230 ,
1415 1194 1435 1222 i.
1454 1202 1479 1223 e.
1500 1201 1618 1229 quarum
1639 1192 1710 1222 folia
1730 1192 1801 1222 dua·

287 1232 344 1261 bus
368 1233 452 1263 lineis
475 1241 617 1272 parallelis
641 1242 786 1280 insident,
809 1252 868 1273 non
891 1245 926 1274 ad
950 1245 1066 1274 eandem
1091 1246 1204 1274 haerent
1228 1245 1427 1282 altitudinem,
1448 1245 1500 1274 sed
1525 1253 1575 1282 per
1598 1245 1702 1282 gradus
1725 1244 1802 1274 circa

286 1291 394 1312 ramum
420 1286 564 1319 oriuntur.

331 1335 495 1366 Secundum
520 1340 655 1369 exhibent
679 1344 791 1378 plantae
809 1345 889 1375 foliis
909 1346 1083 1376 decussatim
1106 1347 1211 1383 positis
1229 1348 1299 1385 (7)
1321 1347 1476 1376 instructae
1499 1346 1637 1384 (feuilles
1658 1354 1678 1373 a
1702 1343 1803 1383 paim

289 1387 435 1424 croisdes)
458 1396 508 1417 seu
535 1390 690 1427 Oppositis
718 1394 868 1428 Linnaei,
890 1393 919 1421 in
940 1398 1048 1429 qulbus
1074 1398 1141 1421 bina
1165 1407 1180 1420 e
1203 1399 1308 1428 quovis
1329 1398 1421 1426 caulis
1447 1398 1525 1426 nodo
1551 1402 1654 1425 exeunt
1676 1403 1691 1423 e
1710 1394 1804 1430 regio-

290 1443 326 1464 ne
344 1438 459 1474 posita,
480 1447 507 1468 et
529 1449 544 1469 a
567 1443 627 1477 pari
654 1444 800 1479 sequentis
825 1444 895 1473 nodi
917 1444 952 1472 ad
976 1445 1098 1480 angulos
1121 1450 1214 1472 rectos
1239 1444 1438 1473 decussantur.

329 1487 462 1518 Tertium
489 1500 581 1528 genus
609 1494 699 1533 estrin
725 1495 849 1531 plantis,
872 1503 944 1531 quac
962 1494 1043 1523 foliis
1065 1494 1245 1524 verticillatis
1270 1497 1336 1532 (8)
1363 1495 1423 1523 sive
1447 1495 1574 1523 Limmci
1599 1494 1720 1524 stellatis
1735 1502 1804 1531 gau-

288 1535 377 1572 dent,
403 1542 503 1577 quod,
532 1545 688 1573 secundum
714 1554 863 1574 numerum
892 1546 1030 1575 foliorum
1058 1545 1086 1574 in
1115 1545 1239 1582 singulis
1264 1545 1417 1575 verticillis
1439 1546 1613 1581 obviorum,
1643 1545 1672 1574 in
1701 1553 1802 1582 genera

292 1586 428 1618 inferiora
453 1599 550 1628 potest
574 1595 674 1625 dividi.
715 1597 762 1625 Ad
785 1597 856 1626 hanc
881 1597 1018 1627 foliorum
1045 1597 1280 1626 distributionem
1313 1597 1455 1626 Bormam
1477 1597 1587 1633 primus
1614 1596 1800 1631 observavit,

291 1637 452 1678 foliorum,
474 1644 517 1672 uti
543 1653 630 1682 supra
650 1647 793 1686 diximus,
826 1649 856 1677 in
888 1648 1029 1678 verticillo
1061 1648 1203 1685 superiori
1229 1648 1466 1679 inveniendorum
1491 1657 1554 1678 eum
1583 1656 1644 1676 esse
1675 1647 1709 1675 ad
1732 1646 1802 1675 folia

1706 1704 1803 1734 proxi-

321 1780 372 1809 (3)
388 1782 438 1804 Vid.
457 1784 602 1813 Sprmger‘r‘r‘,
622 1787 683 1807 Hirr.
707 1789 751 1809 Rei
769 1789 835 1812 Herb.
856 1790 922 1811 Tom.
936 1789 964 1811 ll.
983 1795 1032 1816 pag.
1047 1794 1096 1815 320.

316 1819 369 1847 (4)
385 1823 460 1843 Carali
472 1831 485 1844 a
501 1825 592 1855 Licuit,
608 1828 753 1856 Plrilarophia
772 1831 900 1859 BoeanIca,
920 1837 973 1852 curn
993 1832 1016 1852 C.
1029 1829 1056 1852 L.
1069 1829 1204 1857 ‘Vild‘nows
1221 1835 1270 1858 12¹3-
1284 1835 1321 1855 ⁵⁰·

317 1860 367 1887 (ς)
385 1864 434 1887 Vid.
455 1866 556 1894 Bonum,
575 1869 689 1892 Memoire
704 1871 741 1893 ΙΙΙ.
758 1878 808 1898 pag.
823 1876 863 1898 ¹59
875 1877 937 1899 seqq.

318 1901 371 1930 (6)
386 1902 470 1923 Bamm
491 1908 506 1927 ¹-
525 1915 543 1931 c.
567 1916 616 1937 pag.
635 1911 680 1939 ¹⁶³-
704 1913 802 1936 Planche
816 1914 864 1936 XX.
885 1913 921 1939 fig.
938 1918 957 1935 1.

316 1942 369 1970 (7)
384 1943 468 1964 Bonna
488 1945 502 1967 l.
522 1952 540 1969 c,
561 1949 596 1975 lig.
611 1958 632 1971 2,
837 1953 885 1980 (8)
906 1954 992 1975 Bonnet
1011 1954 1026 1976 1.
1045 1959 1063 1976 c.
1085 1953 1121 1980 fig.
1135 1957 1156 1978 s.
