1913 2417
310 154 690 187 COMMENTATJO
720 162 769 183 DE
797 153 1103 185 AFFINITATE
1133 153 1380 186 CHEMICA.
1567 163 1603 192 19

101 241 290 279 “Oxydoram
317 240 491 277 quantitates
518 240 548 269 in
579 239 673 267 tribus
700 238 745 266 his
773 238 885 267 salibus
911 238 1024 275 plumbi
1057 243 1125 266 sunt
1151 247 1188 265 z
1207 237 1295 274 23‚06
1316 246 1324 266 ε
1348 244 1417 274 32,5
1438 245 1447 266 ε
1469 243 1540 275 47,2
1560 245 1598 265 =

79 301 98 322 2
116 301 126 322 z
149 301 163 329 3
185 301 193 321 :
217 302 248 329 4.

104 344 266 381 ''Oxygmii
295 343 470 379 quantitates
502 342 532 371 in
560 341 663 377 oxydis
696 347 725 370 et
750 340 837 370 acido
870 348 940 370 sunt
971 351 1008 370 =
1036 348 1122 377 15,05
1149 349 1157 369 =
1187 348 1255 376 22‚1
1285 347 1294 368 ε
1323 347 1389 376 34,3
1421 347 1429 367 :
1459 339 1532 377 60‚4
1559 347 1600 368 :r

78 401 126 425 ιε
151 403 166 431 3
188 404 197 423 :
217 404 236 432 5
257 403 265 424 z
288 403 319 432 9.

120 445 197 475 Cum
222 445 402 481 phosphita‚
422 445 502 482 iuxta
520 444 709 481 plurimorum
727 444 894 473 sententiam
910 463 921 480 ‚
951 443 1124 472 considerari
1146 442 1266 472 debeant
1291 447 1323 471 ut
1340 441 1503 478 phosphata
1527 448 1599 469 neu-

77 503 144 531 tra,
165 504 288 531 quorum
311 497 422 525 acidum
444 497 477 524 ad
500 503 607 524 statum
635 495 708 524 acidi
741 495 938 532 phosphorosi
964 494 1039 523 foret
1073 495 1242 523 reductum:
1270 501 1349 530 patet
1378 494 1445 521 haec
1468 493 1537 521 salia
1556 492 1595 521 ita

79 556 148 577 esse
169 548 334 583 composita
358 554 390 575 ut
412 548 557 582 quamius
585 547 720 584 oxygenii
746 546 833 582 oxydi
849 546 887 575 sit
910 546 1041 581 adduam
1062 545 1136 574 acidi
1156 554 1193 573 =
1213 555 1230 574 2
1252 554 1260 574 ε
1285 554 1314 582 g.
1356 545 1598 583 Hypophosphata

83 599 120 628 ad
142 606 258 627 examen
282 599 410 627 nondum
438 605 541 628 vocata
569 605 637 627 sunt
670 597 821 626 sufficienti
851 598 978 633 ratione,
1009 598 1049 626 ita
1082 604 1114 625 ut
1139 597 1239 626 exinde
1265 603 1342 625 certa
1368 596 1595 633 proportionum

83 650 217 687 cognitio
241 650 352 685 acquiri
371 650 480 686 possit.
521 649 675 679 Videamus
698 649 798 686 paucis
820 649 913 678 adhuc
939 649 974 677 de
996 649 1188 686 sulphanbus.
1371 645 1374 647 ’

118 702 244 740 Sulphas
263 709 399 739 potassac
426 707 562 730 neutrum
584 707 698 735 constat
719 709 773 731 100
793 708 873 736 part.
900 700 973 728 acffii
997 700 1160 736 sulphurici
1192 706 1220 728 et
1248 707 1302 729 120
1324 705 1457 735 potassae
1511 697 1599 726 Acidi

82 752 247 789 sulphunci
270 760 364 788 partes
393 760 448 781 100
474 759 611 781 constant
642 753 713 790 59‚6
736 759 810 788 part.
845 751 979 788 oxygenii
1009 759 1036 779 et
1057 759 1130 788 40‚4
1153 751 1315 786 sulphuris.
1355 750 1493 779 Potassae
1520 754 1596 785 part.

85 813 141 834 120
161 804 384 832 constituuntur
412 812 466 833 100
491 810 562 839 part.
589 803 710 839 potassii
743 811 770 831 et
796 809 866 838 20,5
887 804 934 831 vel
965 810 1033 839 19‚9
1057 808 1132 837 part.
1164 801 1317 838 oxygenii3
1347 801 1414 829 hinc
1442 799 1595 836 proportio

85 855 219 892 exygenii
243 855 330 891 oxydi
355 861 398 882 est
419 855 454 882 ad
485 855 558 883 illud
579 854 653 882 acidi
673 863 710 882 =
729 861 799 889 20‚5
819 854 864 882 vel
888 861 954 891 19‚9
978 862 986 881 ε
1005 853 1076 889 59,6
1099 852 1157 880 sete
1177 861 1213 879 z
1235 861 1246 881 1
1271 861 1279 880 z
1302 860 1330 888 3.

123 906 249 944 Sulphas
267 904 425 943 protoxydi
439 904 526 940 fhrri
546 911 682 934 nentrum
716 904 858 933 conflatur
887 912 942 933 100
963 911 1038 939 part.
1066 903 1140 932 acidi
1169 910 1198 932 et
1219 911 1286 940 90‚7
1321 900 1480 939 protoxyli
1508 900 1594 937 ἵει-τῖς

82 958 114 988 in
136 965 205 994 90,7
230 962 303 992 part.
327 956 481 992 protoxydi
512 955 581 984 ferri
613 957 719 985 adsunt
747 963 816 992 20,3
847 961 922 991 part.
954 955 1107 991 oxygenii:
1139 954 1284 990 quantitas
1313 953 1377 981 ideo
1412 952 1545 989 oxygenii
1566 953 1597 981 in

82 1009 165 1038 acido
188 1015 288 1036 rursus
310 1012 354 1034 est
374 1007 408 1034 ad
430 1006 507 1035 iilam
527 1008 558 1035 in
582 1008 678 1043 oxydo
697 1016 734 1034 -:-..
750 1007 821 1044 59,6
846 1015 855 1035 ε
880 1014 949 1042 20‚3
968 1016 1005 1033 Ξ
1025 1015 1039 1042 3
1063 1015 1071 1035 :
1098 1015 1123 1035 1.
1162 1005 1306 1034 Praeterea
1328 1004 1357 1032 in
1383 1003 1428 1031 his
1453 1003 1497 1031 uti
1517 1009 1546 1031 et
1566 1002 1598 1032 in

84 1060 148 1089 aliis
175 1057 361 1095 sulphatibus
385 1058 494 1086 neutris
517 1058 670 1095 proportio
687 1058 857 1094 quantitatis
876 1057 950 1085 acidi
977 1065 1006 1086 et
1031 1057 1166 1093 osygenii
1187 1056 1276 1092 oxyii
1300 1061 1344 1084 est
1364 1064 1400 1082 =
1421 1061 1488 1090 20,3
1510 1063 1518 1082 :
1544 1061 1599 1083 100

74 1118 112 1141 ²⁵·-
134 1120 145 1140 1
169 1119 178 1140 2
199 1119 227 1148 5.
446 1139 452 1144 ,

90 1168 96 1176 ‘
121 1161 319 1200 Subsulphata
341 1169 374 1190 ex
396 1160 526 1191 Berzelii
546 1161 685 1191 sententia
709 1167 932 1197 *componuntur
962 1159 1100 1196 portione
1131 1156 1266 1195 oxygenii
1297 1156 1405 1194 triplici
1432 1157 1494 1194 eius
1518 1155 1600 1193 quod

81 1215 113 1245 in
135 1213 322 1250 sulphatibus
344 1214 452 1242 neutris
473 1214 566 1243 adest.

118 1265 151 1294 ln
175 1263 380 1293 carbonatibus
408 1265 522 1292 neutris
554 1263 627 1293 ratio
657 1263 734 1292 inter
764 1262 938 1299 oxygenium
967 1261 1043 1290 acidi
1064 1264 1091 1289 et
1117 1260 1206 1297 oxydi
1227 1266 1271 1289 est
1289 1271 1325 1289 =
1346 1262 1396 1297 4‘:
1423 1267 1460 1296 13
1482 1259 1512 1290 in
1534 1258 1601 1288 sub·

69 1314 285 1346 &arbanatibus
301 1321 333 1342 ea
354 1319 399 1342 est
419 1324 456 1342 ε
476 1322 493 1343 2
508 1322 523 1342 γε
547 1322 574 1343 1.

84 1378 96 1386 ·
120 1367 167 1396 Ex
191 1366 236 1394 his
253 1365 312 1403 jam
337 1365 493 1400 exemplis,
515 1365 624 1401 qulbus
649 1365 732 1401 plura
752 1364 854 1393 addere
878 1363 981 1393 inutile
1003 1364 1100 1399 duco,
1122 1368 1256 1399 apparet:
1277 1363 1415 1391 rationem
1439 1361 1597 1397 simplicem

81 1417 232 1447 admodum
267 1415 404 1444 exsistere
434 1415 506 1443 inter
536 1416 712 1453 oxygenium
736 1415 809 1444 acidi
841 1422 870 1443 et
894 1415 1001 1451 oxydi:
1032 1415 1074 1443 uti
1101 1422 1128 1443 et
1157 1415 1230 1442 inter
1262 1415 1436 1450 oxygenium
1462 1412 1548 1448 oxyii
1570 1417 1598 1440 et

83 1469 180 1505 ipsum
206 1467 331 1496 acidum.
372 1466 477 1495 Differt
499 1467 615 1503 quidem
642 1467 710 1496 haec
733 1467 807 1495 ratio
837 1466 867 1494 in
891 1466 1004 1495 salibus
1029 1475 1044 1494 a
1065 1465 1188 1494 diversis
1208 1465 1297 1494 acidis
1317 1464 1471 1499 formatis,
1499 1471 1599 1499 quem-

81 1519 234 1560 admodum
261 1517 290 1546 in
312 1518 450 1554 exemplis
478 1518 641 1547 memoratis
665 1518 734 1546 satis
761 1517 872 1553 patuit3
902 1523 1024 1545 attamen
1051 1516 1090 1544 ita
1117 1517 1185 1545 haec
1213 1524 1276 1544 sese
1306 1515 1438 1550 habent,
1457 1521 1489 1542 ut
1512 1513 1598 1550 copia

84 1569 219 1607 oxygenii
244 1569 274 1597 in
298 1569 401 1604 acido,
426 1569 464 1598 sit
489 1570 654 1606 multiplum
680 1577 730 1605 per
746 1576 896 1597 numerum
913 1568 1055 1604 integrum
1072 1567 1134 1604 eius
1158 1567 1188 1595 in
1212 1567 1320 1603 oxylo.
1359 1565 1491 1602 Egregiis
1519 1572 1597 1593 sum.

83 1622 123 1650 mi
150 1620 280 1650 sserzcln‘
302 1620 428 1649 inventis
451 1622 538 1658 huius
563 1622 633 1658 legis
657 1620 789 1650 notitiam
814 1620 969 1654 debemus,
992 1618 1041 1654 qui
1065 1619 1188 1655 plurima
1213 1618 1291 1646 hunc
1314 1617 1343 1646 in
1359 1618 1450 1646 finem
1473 1617 1510 1645 ad
1531 1624 1598 1644 exa·

83 1680 148 1701 rnen
171 1673 288 1700 vocavit
305 1671 392 1707 salia,
422 1679 450 1701 et
473 1681 506 1701 ex
529 1672 685 1701 innumeris
711 1673 814 1700 borum
840 1670 1067 1700 formationibus
1091 1678 1106 1698 a
1131 1678 1162 1698 se
1182 1668 1344 1698 observatis
1369 1667 1533 1703 conclusit,
1554 1668 1594 1695 le-

83 1720 145 1761 'gem
170 1723 242 1751 banc
266 1730 330 1750 esse
354 1723 553 1753 universalem.
596 1723 696 1760 Magni
718 1731 792 1752 usus
815 1722 874 1759 ipsi
901 1721 957 1750 fuit
980 1721 1048 1751 haec
1072 1722 1118 1750 lex
1143 1722 1172 1750 in
1199 1720 1410 1749 determinanda
1435 1718 1595 1754 quantitate

81 1774 216 1813 oxygenii
239 1775 419 1803 diversorum
445 1776 626 1812 oxylorum,
653 1775 688 1803 ad
712 1783 795 1810 quam
828 1781 951 1803 ceterum
983 1781 1043 1802 non
1078 1772 1135 1801 nisi
1164 1771 1314 1800 difficulter
1348 1770 1522 1807 pervenitur.
1563 1768 1596 1797 Si

78 1835 150 1856 vero
171 1826 207 1854 ab
230 1826 316 1854 altera
349 1834 427 1862 parte
453 1827 579 1864 ingenuo
602 1826 769 1855 sententiam
787 1824 914 1862 proferre
931 1825 1036 1860 liceat,
1060 1825 1127 1852 huic
1153 1823 1229 1860 legi,
1254 1831 1347 1858 scopo
1373 1826 1528 1850 memorato
1547 1819 1597 1849 ad-

83 1877 238 1912 hibendae,
261 1885 318 1906 non
343 1877 430 1906 nimis
459 1877 601 1907 fidendum
623 1878 753 1912 videtur,
782 1876 914 1912 quamvis
936 1876 1070 1912 plurimis
1093 1874 1253 1903 observatis
1276 1865 1436 1910 probetur,
1464 1880 1530 1901 cum
1553 1878 1597 1900 res

78 1929 116 1957 ad
140 1928 283 1963 liquidum
309 1929 436 1957 nondum
459 1930 498 1958 sit
519 1930 666 1966 perducta.
706 1928 782 1958 Salia
808 1927 896 1964 igitur
919 1927 1046 1964 ejusdem
1072 1926 1181 1963 generis
1207 1931 1236 1953 et
1261 1924 1291 1953 in
1321 1924 1418 1953 eodem
1454 1930 1533 1952 statu
1553 1931 1598 1951 sa-

78 1979 237 2009 *tutationis
262 1980 301 2009 ita
323 1980 489 2016 composita
512 1987 599 2017 sunt,
629 1987 662 2009 ut
684 1979 829 2016 quantitas
862 1978 936 2007 acidi
961 1979 1000 2008 sit
1031 1978 1061 2008 in
1087 1978 1196 2007 ratione
1219 1975 1388 2014 quantitatis
1421 1974 1530 2004 basium
1552 1981 1598 2001 sa·

870 2029 900 2059 C
921 2036 940 2059 2
1564 2024 1602 2054 u-
