1913 2417
243 149 630 182 COMMENTATIO
661 154 709 181 ΛἹ)
738 150 1108 190 QUAESTIONEM
1131 150 1425 189 JUR-IDtcAM.
1558 157 1592 192 1⁴7

93 235 226 265 -omnes
248 242 366 270 quoque
388 234 576 270 interpretes,
605 241 680 269 quos
702 233 778 268 vidi,
807 240 926 270 excepto
956 235 1204 275 spangenbergio,
1231 236 1252 266 [ζ
1270 236 1295 266 l.
1317 237 1407 266 Tom.
1428 237 1453 266 1.
1474 245 1504 273 p.
1523 245 1589 267 220.

74 294 110 317 et
139 286 318 320 Zacharia,
344 284 516 313 Enchin'dii
542 284 670 314 Tom.1.
698 286 738 320 ip.
765 293 803 314 tn.
831 294 877 321 37.
906 292 969 315 not.
990 295 1040 322 4.,
1070 296 1128 315 uno
1154 288 1420 324 ore-profitentur,
1448 288 1593 328 neminem?

78 337 254 367 Tribunalis
269 335 414 365 auxilium
435 335 587 371 implorare
610 343 716 370 posse,
736 336 794 364 nisi
815 336 866 371 qui
887 337 993 366 directe
1013 337 1084 373 quid
1107 339 1260 374 petendum
1278 339 1389 369 habeat.
1426 339 1502 368 Nam
1519 331 1596 367 licet?

76 388 126 418 alii
147 395 258 416 tantum
282 387 439 422 loquantur
463 386 496 414 de
520 385 607 414 sociis
627 385 784 420 Absentis,
808 387 842 415 de
862 387 987 423 ejusdem
1008 389 1220 425 creditoribus,
1241 391 1276 418 de
1299 390 1357 426 iis,
1382 390 1488 426 quibus
1520 397 1587 418 cum

75 439 208 468 Absente
226 437 372 474 negotium
399 444 553 465 commune
576 443 641 472 est,
663 438 696 465 de
714 438 892 465 conductore
917 438 1026 467 aedium
1047 440 1206 475 Absentis,
1221 446 1277 469 *aut
1299 441 1350 476 qui
1368 440 1491 470 Absenti
1511 440 1592 468 aedes

73 489 202 524 iocavit3
223 488 271 516 alii
290 495 356 516 vero
379 487 483 515 addant
504 488 656 524 conjugem
671 507 681 523 ,
704 488 891 524 liberosque:
915 488 944 516 id
970 497 1029 517 non
1051 490 1166 518 videtur
1193 499 1226 520 eo
1251 493 1362 527 valere,
1384 498 1416 519 ut
1439 497 1591 527 propterea

72 540 114 569 de
135 547 164 567 re
186 538 339 575 principali
361 538 553 573 dissentiant,
574 547 640 567 cum
662 545 689 568 et
711 538 772 566 ficri
788 539 901 574 possit,
920 545 956 568 ut
977 538 1086 577 cotijux
1109 549 1278 577 superStes,
1298 548 1348 571 aut
1369 542 1452 570 liberi
1473 541 1590 578 juribus

71 592 231 628 gaudeant,
253 590 327 618 unde
349 588 447 617 idonea
468 590 570 625 petitio
595 590 663 618 oriri
688 589 804 625 possit,
836 595 863 617 et
886 590 927 618 sic
952 590 1041 626 igitur
1064 592 1234 628 conjugem,
1261 601 1295 621 ac
1317 593 1422 621 liberos
1446 601 1506 621 non
1531 600 1588 628 qua

67 643 145 671 -tales
169 641 318 669 admittere
340 641 471 668 videntur
495 641 530 669 ad
557 642 746 677 petitionem,
775 641 825 669 sed
851 647 986 675 tanquam
1012 649 1084 677 eos,
1116 651 1240 678 quorum
1265 644 1383 672 interest
1410 651 1444 671 ex
1474 643 1588 672 Absen-

69 692 112 722 -tis
138 692 315 728 patrimonio
347 691 404 720 sibi
436 692 472 720 ad
502 692 611 721 victum
642 691 801 721 necessaria
831 691 1055 721 subministrari.
1099 692 1151 721 Uti
1183 694 1257 722 enim
1290 693 1504 722 matrimonium
1526 701 1586 722 non

18 733 29 736 ν
70 743 250 772 dissolvitur
273 750 347 770 mera
376 742 428 770 hac
448 741 604 771 Absentiae
627 743 859 779 praesumtione,
890 742 932 770 sic
958 743 1099 779 obligatio
1128 751 1144 771 e
1171 744 1352 773 matrimonio
1377 744 1517 780 oriunda,
1547 750 1581 772 ut

80 794 144 823 scil.
164 793 287 821 vmaritus
313 801 343 821 ea
374 793 456 822 uxori
477 793 663 828 suppeditet,
693 801 765 828 quae
788 794 823 820 ad
847 792 933 821 vitam
959 795 1174 823 sustentandam
1204 794 1412 831 requiruntur,
1437 801 1501 824 art.
1520 803 1587 832 214.

69 852 134 874 -non
157 844 288 879 tollitur3
310 843 371 880 pari
391 844 502 872 ratione
518 843 657 880 obligatio
677 843 784 872 liberos
807 844 901 872 alendi
925 850 953 871 et
978 845 1116 873 educandi
1140 844 1275 873 subsistit
1300 851 1365 874 art.
1384 854 1470 883 203.,
1496 851 1524 874 et
1544 845 1586 874 sic

64 895 207 931 «quidem,
229 894 254 922 si
279 895 377 930 uxori,
394 902 470 930 >quae
495 903 545 922 sua
566 901 670 930 sponte
690 903 721 923 se
740 894 905 923 insitionibus
923 895 1015 924 mariti
1040 897 1192 926 inmiscere
1215 896 1336 932 nequit,
1361 905 1391 925 ea
1412 897 1442 925 in
1465 902 1587 932 promtu

63 954 132 975 ‚non
153 952 241 980 sunt,
257 945 370 981 vquibus
397 946 455 974 sibi
478 952 504 973 et
525 946 625 974 liberis
648 946 830 982 prospiciat,
860 946 908 974 iila
930 946 1059 975 idoneam
1091 947 1204 984 petendi
1236 956 1368 976 caussam
1403 954 1486 977 nacta
1507 947 1585 976 vide-

39 995 130 1026 '-tur.
172 996 235 1025 lmo
259 996 446 1025 consentiunt
472 1005 589 1032 omnes,
612 997 692 1032 quod
709 997 820 1032 sciam,
842 997 950 1026 nullam
975 1006 1037 1026 esse
1053 997 1209 1027 habendam
1234 999 1373 1027 rationem
1397 1007 1511 1034 eorum,
1533 998 1586 1033 qui

68 1048 117 1076 vel
139 1047 177 1075 ob
199 1047 456 1083 necessitudinem,
483 1049 529 1077 vel
553 1048 724 1082 amicitiam,
749 1047 915 1083 patrimonii
936 1048 1075 1077 Absentis
1101 1057 1200 1078 curam
1227 1050 1261 1078 ad
1287 1058 1318 1078 se
1342 1050 1480 1086 pertinere
1508 1048 1584 1076 arbi-

67 1103 201 1133 trantur;
231 1098 283 1126 sed
308 1098 419 1126 demum
450 1099 596 1127 commodi
628 1099 770 1135 cujusque
789 1107 805 1127 a
834 1098 994 1127 rationibus
1025 1099 1163 1128 Absentis
1194 1100 1326 1135 diversi,
1352 1106 1402 1128 aut
1437 1100 1577 1136 separati:

66 1149 151 1185 quod
172 1149 228 1177 tale
252 1156 392 1185 praeterea
425 1150 556 1186 plerique
580 1150 751 1185 requirunt,
780 1155 813 1177 ut
834 1149 864 1179 in
886 1149 1028 1186 praesenti
1053 1150 1145 1185 adsit,
1173 1158 1202 1179 et
1227 1150 1380 1188 legitimam
1410 1151 1579 1187 petitionem

61 1199 197 1237 praebeat
221 1201 236 1237 (
247 1209 287 1228 un
308 1202 416 1229 imdre‘t
439 1200 519 1237 legal
536 1207 563 1228 et
583 1200 744 1238 present),
765 1200 834 1228 adeo
858 1205 890 1227 ut
914 1208 986 1235 quae
1009 1200 1086 1228 forte
1107 1201 1136 1229 in
1158 1208 1305 1237 posterum
1327 1208 1490 1238 competere
1509 1211 1581 1238 pos-

55 1256 153 1287 sent,
180 1258 208 1279 et
230 1259 283 1287 spe
306 1252 398 1280 adhuc
421 1251 529 1280 incerta
558 1252 706 1286 nitantur,
733 1250 801 1278 licet
822 1256 851 1278 et
874 1250 918 1279 sic
949 1251 1160 1286 quodammodo
1190 1253 1310 1281 aliorum
1337 1253 1485 1281 interesset
1507 1253 1583 1281 bona

29 1291 37 1300 ¹
53 1301 119 1330 site
141 1301 352 1336 administrari,
373 1302 421 1330 hic
446 1308 539 1330 tamen
562 1301 602 1330 ita
624 1302 654 1330 'm
671 1309 790 1330 censum
815 1301 943 1329 nondum
968 1302 1105 1337 veniant,
1128 1309 1160 1331 ut
1184 1303 1250 1332 inde
1273 1305 1325 1341 jus
1348 1303 1463 1339 petendi
1482 1303 1579 1332 enasci

51 1351 207 1383 ,videatun
247 1352 287 1381 Et
306 1352 347 1381 sic
374 1352 463 1388 igitur
482 1359 616 1389 apparet,
638 1352 708 1388 quid
730 1353 764 1381 de
789 1352 941 1381 heredibus
965 1352 1000 1381 ab
1024 1353 1183 1389 intestato,
1204 1361 1253 1383 aut
1277 1355 1330 1391 qui
1355 1360 1525 1383 testamento
1548 1361 1580 1382 se

64 1402 179 1431 heredes
201 1403 353 1432 institutos
375 1403 508 1439 credant,
530 1403 682 1432 dicendum
706 1402 763 1431 sit:
786 1403 857 1431 mihi
883 1404 983 1432 saltem
1006 1404 1127 1433 dubium
1154 1413 1214 1434 non
1236 1412 1298 1441 est,
1321 1407 1392 1441 quin
1416 1413 1515 1434 omnes
1541 1404 1577 1432 ab

65 1451 118 1481 hac
144 1453 284 1489 petitione
311 1454 423 1482 arcendi
447 1454 525 1490 sint,
553 1454 619 1483 licet
649 1461 676 1482 et
701 1454 803 1482 horum
827 1454 1041 1489 quodammodo
1073 1455 1211 1484 interesse
1236 1457 1382 1491 videatur,
1417 1456 1491 1483 bona
1515 1462 1576 1482 non

58 1501 169 1532 intacta
192 1511 320 1532 manere:
349 1512 412 1532 nam
438 1505 509 1533 satis
538 1512 682 1541 superque
713 1512 746 1533 ex
779 1513 866 1539 supra
888 1505 973 1533 dictis
996 1511 1073 1541 patet
1090 1525 1100 1540 ,
1128 1507 1195 1535 haec
1229 1506 1315 1535 vei-ba
1345 1514 1405 1535 nou
1432 1505 1577 1534 latissimo

52 1562 148 1593 usensu
172 1561 234 1582 esse
263 1554 447 1590 accipienda,
476 1562 526 1584 aut
552 1555 725 1591 sejungenda
750 1563 765 1582 a
793 1555 896 1590 primis
925 1555 1040 1584 articuli
1072 1556 1177 1584 verbis.
1224 1556 1305 1593 Quae
1335 1564 1400 1586 cum
1431 1557 1470 1585 ita
1496 1556 1574 1590 sint,

31 1615 34 1618 >
58 1611 156 1639 neque
179 1603 262 1633 facile
285 1606 352 1641 quis
370 1605 572 1641 affirmaverit,
593 1613 731 1634 summam
759 1605 953 1635 noeessitatem
980 1607 1099 1635 existere
1130 1607 1240 1636 ratione
1262 1607 1413 1642 heredum,
1447 1607 1572 1642 horum,

50 1655 189 1689 ‚nondum
207 1662 303 1685 exacta
321 1656 412 1692 prima
429 1655 583 1684 Absentiae
598 1655 716 1692 periodo
731 1677 741 1692 ,
759 1657 895 1685 rationem
911 1657 1017 1686 nullam
1036 1658 1170 1686 habuisse
1187 1657 1300 1686 videtur
1316 1658 1462 1695 legislator
1477 1659 1506 1695 (i
1518 1666 1549 1692 1)
1560 1667 1573 1694 ς

30 1713 148 1744 ,ςιωω
170 1706 288 1744 insuper
309 1707 380 1736 tanti
406 1706 521 1743 quidem
544 1714 641 1736 eorum
669 1715 730 1737 non
760 1707 893 1744 intersit,
923 1708 1063 1738 Absentis
1089 1710 1163 1738 bona
1186 1709 1265 1737 alteri
1287 1717 1302 1738 a
1322 1709 1419 1746 Judice
1451 1707 1571 1737 admini-

1481 1766 1574 1788 stran-

85 1851 154 1882 (Ιι)
170 1852 242 1880 ‘igitur
258 1858 304 1876 non
324 1854 462 1877 admittenda
483 1855 574 1879 videtur
592 1857 702 1880 sententia
717 1858 893 1885 spangenberg&
908 1863 931 1880 et
946 1854 1090 1886 Zachariae,
1107 1858 1121 1880 1.
1135 1858 1163 1882 1.;
1184 1855 1208 1878 hi
1228 1855 1287 1878 enim
1306 1855 1333 1878 ab
1353 1854 1459 1877 omnibus
1478 1855 1571 1883 reliquis

59 1892 104 1914 Ιιιι·
123 1892 145 1914 in
163 1899 188 1915 re
213 1894 358 1923 dissent²unt‚
381 1899 443 1923 quod
466 1903 487 1918 ei
509 1897 612 1920 universe
632 1899 751 1922 heredibus
771 1900 828 1921 hanc
854 1899 988 1927 petitionem
1008 1899 1052 1924 jam
1075 1899 1217 1925 concedunt,
1243 1903 1265 1919 et
1286 1897 1308 1919 in
1328 1903 1356 1918 eo
1377 1901 1467 1923 quoque
1491 1897 1569 1917 diver-

53 1936 142 1959 115Γί
165 1934 338 1962 Dclvincurn'a,
359 1937 398 1963 qul
418 1938 507 1960 disertis
529 1937 603 1962 verbis
627 1945 705 1967 negat,
726 1945 782 1968 eos,
805 1940 844 1968 qui
866 1941 888 1962 in
906 1945 1022 1969 posterum
1042 1939 1146 1968 potiundi
1165 1945 1206 1968 spe
1230 1942 1317 1962 tantum
1336 1938 1465 1966 gaudeant,
1486 1936 1568 1959 admit-

55 1974 138 1996 tendos
154 1979 203 1997 ene
222 1975 250 1997 nd
270 1975 328 2000 hanc
346 1976 489 2005 petitionem.

849 2022 876 2051 C
