1913 2417
708 155 1108 189 ORATIO.
1606 169 1648 204 ⁶7

1606 186 1625 193 ‹-

205 251 306 295 'Atqui
341 257 436 282 erunt
474 248 604 281 sortasse
638 249 694 292 qui
722 251 906 281 existiment
938 250 982 281 sic
1014 249 1112 282 fidem
1150 259 1280 282 omnem
1317 259 1424 282 rerum
1453 251 1639 291 concidere,

158 320 201 341 ne
234 309 408 341 certissima
439 306 569 350 quidem
606 307 649 337 ita
680 307 790 338 omnia
824 306 925 338 dubio
953 318 1066 338 carere.
1130 309 1291 348 Quaerent
1308 330 1317 345 ‚
1348 307 1507 350 siquidem
1542 308 1637 340 tellus

156 375 224 397 sese
249 366 293 396 ita
318 363 431 395 habeat
463 363 504 394 ad
535 373 627 394 acum
658 369 693 394 ut
724 364 751 395 si
785 364 852 406 ipsa
883 370 965 395 esset
997 375 1151 407 magnes,
1183 375 1264 395 num
1297 364 1389 395 liceat
1415 364 1537 403 dicere,
1569 376 1639 397 eam

160 423 325 464 ingentem
351 426 531 463 magnetem
557 421 640 451 intra
667 431 701 452 se
723 422 907 459 continere,
941 421 968 451 si
997 422 1085 452 enim
1115 432 1182 452 non
1209 421 1321 460 liceat,
1353 421 1471 452 certius
1498 421 1530 453 id
1549 422 1641 453 reddi

167 479 305 510 omnino
331 489 399 509 non
425 488 539 521 posse,
562 477 636 520 quia
658 477 698 508 ad
726 488 800 508 eum
827 489 894 508 non
922 476 1012 508 facile
1043 477 1280 520 penetrabimus
1309 484 1346 509 ut
1371 477 1472 509 oculis
1497 489 1564 510 rem
1592 479 1641 510 di·

157 535 382 579 judicaremus.
427 535 574 565 Primum
601 533 804 577 respondebo
828 541 860 565 et
885 533 960 565 alias
987 533 1084 565 fuisse
1106 535 1294 577 opiniones,
1318 545 1401 577 quae
1422 535 1641 567 verisimilitu-

160 592 237 624 dine
261 603 329 623 non
355 592 398 623 ita
421 601 553 633 prorsus
581 590 751 629 vacabant,
776 598 813 622 ut
836 591 955 622 idcirco
981 591 1020 622 iis
1043 591 1213 634 quisquam
1234 597 1442 635 repugnaret,
1466 591 1567 624 veluti
1587 603 1641 624 su-

152 650 275 693 periori
302 648 429 680 saeculo
453 647 535 678 dum
560 647 705 679 doctrina
736 648 844 680 Stahlii
864 648 903 680 de
928 649 1002 690 igne
1029 647 1182 686 florebat,
1214 658 1296 690 quae
1319 655 1442 688 tamen,
1466 656 1639 693 postquam

156 705 252 749 plura
277 705 404 749 fierent!
418 703 603 743 manifesta,
628 703 723 735 falsae
747 712 889 748 repertae
918 711 1003 736 sunt.
1059 704 1120 735 Sed
1153 704 1269 736 deinde
1292 706 1397 748 ipsum
1426 706 1549 737 crimen
1582 718 1639 738 ne·

153 772 320 804 quaquam
350 771 489 804 purgare
516 761 621 803 cupio.
677 763 751 792 Non
771 762 863 792 ⁴enirn
891 759 1069 792 verendum
1089 767 1155 798 est,
1185 767 1221 791 ut
1242 760 1282 792 ad
1306 762 1520 805 scepticorum
1545 762 1639 794 disci-

153 817 280 861 :plinam
304 823 557 849 reverteremur:
591 817 699 849 nescio
732 828 843 849 annon
875 816 936 848 soli
973 816 1099 860 physici
1128 816 1281 854 fuerunt,
1313 818 1370 860 qui
1398 818 1437 849 iis
1469 829 1638 862 nunquam

149 875 220 905 sint
243 874 404 917 adscripti.
449 873 609 905 Praeclara
636 875 827 917 geometria,
851 874 906 905 sed
930 873 1014 905 istud
1038 873 1113 904 mali
1144 873 1226 905 mihi
1250 873 1378 905 videtur
1402 875 1436 906 in
1471 875 1638 918 physicam

148 930 327 971 intulisse,
359 937 395 962 ut
431 941 560 962 omnem
590 931 826 963 dubitationem
857 942 958 975 paene
993 929 1172 968 adimeret3
1203 931 1296 973 quasi
1323 942 1398 962 cum
1432 932 1467 963 in
1504 933 1640 977 reliquis

148 986 331 1031 disciplinis
359 988 424 1019 sint
457 988 615 1032 quaedam
645 988 716 1021 aliis
748 988 992 1029 verisimiliora,
1022 988 1058 1020 in
1085 986 1218 1031 physica
1243 994 1351 1020 essent
1388 987 1456 1022 due
1490 995 1636 1033 tantum,

155 1052 271 1080 :verum
294 1049 326 1074 et
354 1042 481 1075 falsum.

196 1099 364 1131 Dubitatio
385 1106 493 1131 autem
522 1099 611 1132 aliud
637 1099 720 1132 nihil
746 1099 863 1133 efficiet
878 1124 889 1141 ,
915 1100 980 1132 nisi
1012 1105 1051 1131 ut
1081 1099 1208 1143 saepius
1232 1109 1294 1132 nos
1323 1097 1364 1132 ad
1388 1098 1482 1132 illum
1503 1108 1638 1135 naturae

152 1155 276 1188 fontem
306 1163 456 1197 revocet,
486 1168 554 1201 quo
589 1163 628 1189 ut
659 1158 780 1201 primas
808 1157 957 1189 notiones
986 1167 1093 1188 rerum
1109 1179 1119 1195 ‚
1153 1158 1194 1188 ita
1231 1168 1361 1189 omnem
1393 1158 1636 1201 exquisitiorem

143 1212 330 1245 -doctrinam
360 1214 535 1246 hausimus,
584 1214 620 1245 Id
640 1220 747 1246 autem
769 1213 836 1246 'hoo
857 1220 1004 1257 tempore
1030 1224 1069 1245 eo
1093 1214 1194 1256 magis
1216 1225 1343 1245 necesse
1363 1220 1429 1253 est,
1450 1226 1517 1258 quo
1532 1217 1636 1249 scien-

149 1270 194 1301 tia
220 1269 428 1313 physicorum
452 1272 523 1314 ipsa
544 1271 725 1314 vulgatior,
748 1270 789 1303 de
814 1281 914 1314 eaque
939 1270 1044 1302 multo
1062 1270 1192 1314 plures,
1217 1280 1253 1301 ac
1277 1277 1369 1302 antea
1390 1270 1522 1303 solitum
1548 1279 1634 1314 erat,

147 1333 184 1358 <et
210 1334 370 1370 quaerunt
399 1335 435 1360 et
468 1328 694 1368 conscribunt3
723 1334 760 1360 ut
790 1328 854 1359 nisi
884 1327 1047 1371 principes
1077 1327 1112 1358 in
1143 1326 1275 1370 physica
1303 1326 1439 1359 doceant
1464 1329 1636 1373 diligenter

148 1390 299 1416 naturam
329 1386 542 1428 investigare,
573 1385 685 1417 timide
717 1384 758 1417 de
787 1396 824 1417 ea
853 1385 1087 1428 pronuntiare,
1115 1390 1292 1427 utrumque
1319 1395 1379 1416 suo
1409 1386 1558 1429 exemplo
1579 1386 1635 1418 de-

152 1439 301 1480 fendant,
324 1452 393 1474 non
419 1444 537 1474 caeteri
565 1453 694 1474 causam
717 1449 783 1473 tam
803 1448 954 1485 magnam
983 1441 1152 1473 diffidendi
1177 1441 1238 1472 sibi
1263 1441 1436 1483 putabunt.
1483 1444 1632 1483 Quorum

155 1495 280 1529 labores
298 1509 367 1530 non
395 1500 545 1543 equidem
570 1498 801 1530 contemnendi
823 1505 915 1538 sunt,
939 1498 995 1530 aed
1017 1498 1126 1541 aliquo
1154 1497 1253 1529 modo
1275 1497 1502 1541 distinguendi.
1548 1500 1631 1530 Nam

150 1563 230 1584 vcum
261 1553 482 1587 admirationis
511 1556 616 1599 specie
646 1555 741 1586 multi
775 1555 815 1586 ad
853 1555 1019 1598 physicam
1055 1554 1287 1592 adducuntur,
1319 1561 1389 1585 tum
1414 1556 1556 1587 novitate
1583 1556 1632 1587 rei

146 1609 211 1640 sibi
243 1609 333 1641 facile
364 1611 556 1653 persuadent
586 1622 620 1643 se
659 1611 886 1654 experimentis
913 1611 1034 1655 aliquid
1064 1610 1237 1650 detexisse,
1264 1622 1367 1654 eaque
1392 1613 1550 1644 contiuuo
1574 1612 1630 1644 de·

152 1665 248 1697 scribi
287 1673 444 1709 oportere.
501 1668 575 1706 Quo
609 1667 718 1698 studio
750 1670 841 1710 copia
865 1678 973 1699 rerum
999 1669 1204 1699 inventarum
1234 1676 1325 1700 aucta
1356 1668 1418 1700 fuit
1446 1669 1566 1700 mirum
1593 1670 1630 1701 iu

148 1722 284 1753 modum
299 1746 307 1761 ‚
332 1722 388 1754 sed
415 1724 458 1754 ita
481 1730 517 1754 ut
537 1734 576 1754 eo
597 1724 693 1756 etiam
716 1726 818 1767 magis
846 1735 929 1768 opus
960 1725 1001 1757 sit
1029 1724 1153 1767 judicio
1187 1732 1219 1756 et
1244 1725 1472 1769 disceptatione
1494 1725 1529 1757 in
1552 1737 1629 1769 pro·

153 1777 268 1810 bandis
294 1778 458 1810 laboribus
482 1779 629 1812 aliorum.
677 1781 861 1812 Praesertim
885 1781 974 1824 quod
999 1792 1068 1813 non
1091 1792 1204 1814 omnes
1227 1783 1448 1814 instrumentis
1477 1789 1626 1815 naturam

151 1842 287 1878 possunt
320 1837 520 1881 investigare.
574 1839 656 1869 Nam
688 1844 725 1869 ut
761 1839 796 1870 in
837 1839 928 1870 omni
959 1846 1025 1870 arte
1049 1838 1246 1882 praeclarum
1279 1838 1328 1871 vel
1360 1838 1521 1870 mediocre
1543 1838 1626 1870 nihil

151 1890 237 1922 effici
264 1899 382 1935 potest,
406 1894 495 1937 quod
516 1905 584 1926 uon
608 1905 647 1926 ex
663 1905 724 1926 usu
755 1894 977 1938 proficiscatur
997 1906 1111 1927 eorum
1134 1895 1192 1939 qui
1214 1906 1285 1927 eam
1310 1902 1475 1935 exercent,
1500 1895 1543 1927 ita
1565 1905 1626 1928 nos

147 1946 191 1978 ad
215 1955 316 1981 artem
349 1952 644 1995 experimentorum
677 1951 787 1986 labore
819 1959 852 1986 et
877 1953 1105 1986 exercitatione
1137 1961 1211 1985 ante
1235 1952 1426 1987 assuefacere
1449 1951 1621 1989 debemus,

535 2009 542 2011 “
946 2010 976 2053 „D
999 2019 1019 2051 2.
1523 2016 1623 2051 quam
