1913 2417
335 165 373 198 ιε
773 158 822 190 Μ.
911 158 943 189 s,
1030 158 1105 187 nu
1194 153 1292 186 ru
1337 152 1372 193 1,

334 257 466 300 gratiam
499 254 645 298 undique
678 258 852 297 spectatum
878 249 1116 282 advenientium
1150 248 1262 281 melius
1291 254 1388 292 atque
1413 246 1556 278 ornatius
1586 245 1716 292 disponi
1740 255 1806 280 non

333 314 482 358 potuerit.

376 415 523 454 Quorum
557 409 702 441 omnium
737 407 867 452 quidem
904 406 995 449 eopia
1021 416 1098 438 cum
1125 405 1197 440 Ioco
1222 407 1309 440 hisce
1332 406 1489 438 destinato
1506 405 1667 436 contineri
1687 415 1805 448 neque·

332 479 387 509 at,
425 480 465 500 ne
499 467 686 500 Academiae
725 471 916 497 ornamento
952 470 1046 507 atque
1085 464 1214 496 utilitati
1255 464 1427 507 quicquam
1466 461 1572 499 desit,
1618 461 1802 504 petentibus

329 525 565 560 Perillustribus
590 524 819 562 Curatoribus,
855 522 911 553 has
938 521 1040 553 Aedes
1071 520 1311 564 amplificandas
1344 529 1412 551 esse
1442 518 1612 549 liberaliter
1648 520 1804 550 concessit

333 594 409 615 nex
442 588 550 613 noster
583 580 847 623 augustissimus,
882 588 1019 620 quarum
1041 576 1249 609 fundamenta
1271 578 1337 619 jam
1365 577 1447 618 jacta
1473 582 1566 612 sunt,
1592 581 1629 605 ut
1656 575 1808 618 imposte¹

332 649 404 670 rum
431 638 521 669 omni
540 644 655 668 ornatu
673 635 837 680 splendeat
854 634 915 665 hoe
932 632 1208 676 Gazophylacium
1226 633 1412 675 Corporum
1432 631 1624 662 naturalium
1645 634 1806 674 pretiosis.

331 698 449 734 simum
483 701 514 725 et
549 692 747 725 liberalitatis
783 691 884 724 nostri
912 701 1035 722 neers
1057 696 1090 722 et
1125 690 1227 722 nostri
1255 697 1525 721 Bnuomausu
1556 698 1631 719 cum
1661 690 1808 734 peritiae,

333 758 403 783 tum
428 752 574 794 ingenii,
607 756 855 783 monumentum
878 754 1084 792 perpetuum.

376 865 483 907 Atque
510 864 633 896 utinam
668 875 751 906 quae
778 864 932 906 coepisset
953 862 1088 906 perfecta
1115 861 1222 894 videre
1239 861 1408 906 potuisset!
1440 879 1486 889 —
1515 860 1620 894 Aliter
1645 872 1720 892 neo
1746 860 1808 894 fuit

333 922 448 952 visum.
497 922 583 953 Haec
600 923 716 952 etenim
740 921 818 952 dum
850 921 1034 959 moliretur3
1065 937 1109 945 —-
1138 922 1218 952 Suae
1251 919 1371 958 famae,
1404 918 1590 952 Academiae
1622 917 1740 949 honori
1775 924 1808 950 et

333 979 540 1009 Scieutiarum
569 979 739 1021 poemeriis
759 977 956 1020 proferendis
982 977 1140 1008 indeflesso
1164 976 1277 1008 ardore
1308 981 1389 1007 esset
1423 976 1565 1006 intentus
1584 997 1594 1012 ,
1628 985 1664 1006 se
1699 976 1805 1017 ipsum

334 1039 456 1070 terens,
487 1033 664 1064 dummodo
689 1034 851 1076 prodesset
884 1041 978 1076 atque
1007 1033 1197 1065 Academiae
1227 1032 1390 1074 splendori
1424 1038 1454 1062 et
1478 1032 1650 1078 celebritati
1669 1054 1680 1067 ,
1712 1031 1808 1062 bonis

332 1089 468 1122 Artibus
489 1096 521 1120 et
535 1090 675 1120 scientiis
692 1089 847 1131 augendis
865 1089 1050 1128 inserviret,
1067 1090 1119 1120 sui
1136 1088 1281 1131 corporis
1299 1087 1431 1118 sanitate
1439 1087 1521 1117 nihil
1538 1086 1615 1117 mali
1628 1088 1804 1128 ominamur,

332 1146 522 1188 inopinato,
561 1145 612 1176 die
642 1145 768 1176 decimo
801 1152 914 1176 octavo
951 1157 1067 1177 sunu
1097 1146 1174 1177 anni
1202 1143 1431 1188 praeterlapsi;
1471 1142 1639 1175 doloribus
1675 1144 1809 1177 cardial-

333 1202 411 1244 gicis
444 1201 616 1245 colicisque
651 1201 826 1244 affligitur,
860 1204 918 1245 qui
955 1203 1045 1233 brevi
1083 1213 1151 1233 non
1195 1207 1322 1232 tantum
1358 1199 1463 1231 morbi
1495 1199 1599 1231 futuri
1638 1202 1804 1234 saevitiem

334 1256 559 1296 minabantur;
584 1257 639 1288 sed
661 1259 704 1288 ita
723 1259 927 1289 increverunt
943 1280 954 1296 ‚
978 1264 1014 1289 ut
1033 1257 1201 1289 subdolam
1241 1255 1419 1288 Venti-iculi
1446 1263 1542 1298 atque
1573 1258 1805 1290 §atestinorum

334 1312 620 1345 inflammationem
649 1313 870 1357 prodiderint,
905 1314 939 1345 in
963 1316 1184 1356 Gangraenam
1203 1319 1439 1349 transeuntem,
1471 1312 1515 1342 ita
1542 1318 1597 1350 ut,
1628 1314 1806 1355 quatriduo

332 1376 424 1412 post,
447 1370 561 1401 morbo
587 1376 681 1401 acuto
697 1393 705 1406 ‚
731 1369 783 1401 (lie
819 1376 888 1401 ΜΟ.
910 1369 995 1400 diem
1022 1369 1137 1400 obierit
1165 1377 1361 1412 supremum.

379 1425 472 1467 Quae
511 1427 643 1470 quidem
677 1426 821 1458 luctuosa
864 1431 902 1456 ut
937 1425 1151 1460 Academiae.
1197 1425 1333 1466 Collegis
1371 1422 1583 1461 Clarissimis‚
1613 1424 1799 1466 Juventuti,

332 1481 557 1521 Aoedemicae,
583 1483 735 1514 omnibus
757 1481 888 1514 Artibus
913 1488 945 1513 et
961 1483 1106 1514 Scieutiis
1126 1482 1186 1513 fuit
1204 1480 1320 1512 flebilis
1341 1486 1373 1511 et
1393 1481 1504 1516 tristis,
1525 1481 1570 1510 sic
1597 1479 1678 1511 nulli
1701 1492 1804 1524 quam

331 1539 557 1569 moestissimae
589 1540 756 1581 Conjugi,
791 1538 931 1569 Filiabus
965 1539 1212 1575 moestissimis,
1252 1537 1382 1568 moestis
1413 1535 1583 1567 Sororibus
1613 1542 1646 1567 et
1672 1538 1800 1579 Fratri,

332 1595 585 1637 consanguineis
613 1600 710 1638 atque
733 1595 854 1626 Amicis
879 1594 1019 1626 flebilior
1039 1602 1071 1626 et
1096 1595 1226 1627 tristior.

376 1706 475 1749 Quod
506 1708 534 1738 si
561 1708 595 1739 in
629 1714 718 1738 tanto
756 1705 866 1738 dolore
890 1712 1041 1750 tantaque
1075 1706 1244 1738 acerbitate
1269 1707 1350 1737 Eum
1378 1705 1440 1749 piis
1463 1703 1612 1745 lacrymis
1630 1713 1698 1734 non
1726 1703 1806 1738 flere

330 1762 477 1801 dedecet,
512 1770 588 1794 sunt
623 1771 753 1802 tamen,
795 1764 837 1794 A.
871 1765 909 1794 A.
943 1763 983 1795 1-1.
1014 1762 1066 1794 IL!
1109 1765 1224 1806 exigua
1248 1763 1413 1805 quamvis,
1445 1770 1527 1802 quae
1549 1769 1609 1790 uos
1633 1761 1804 1793 consolan-

332 1824 400 1857 tur3
429 1826 479 1856 et,
509 1831 590 1862 quae
626 1830 714 1862 passa
749 1826 796 1850 est
829 1819 998 1851 Academia
1021 1842 1032 1856 ‚
1069 1819 1186 1851 (tamna
1222 1819 1423 1861 aliquatenus
1456 1816 1592 1847 leniunt.
1636 1817 1682 1847 Ex
1716 1824 1807 1849 tanta

333 1874 487 1905 nimirum
527 1886 634 1906 rerum
674 1876 918 1918 studiorumque
952 1883 1152 1918 peractorum
1191 1875 1377 1911 sedulitate,
1418 1883 1458 1904 ex
1495 1883 1559 1915 qua
1588 1872 1722 1913 majores
1752 1874 1809 1904 ad.

333 1928 477 1961 hucdum
510 1929 633 1963 fructus
664 1933 778 1963 merito
805 1933 952 1964 Soterinis
995 1932 1134 1970 licuisset
1169 1938 1371 1976 exspectare,
1417 1931 1444 1961 si
1478 1929 1543 1961 vita
1569 1929 1630 1972 ipsi
1654 1940 1807 1963 concessa

1730 1995 1809 2020 tuis·
