1913 2417
731 153 1360 201 ORATIO..3-
1627 153 1669 184 ἰτ

184 271 314 310 propter
343 261 463 295 bellum
497 259 551 291 vix
570 255 746 300 quidquam
763 252 836 284 salis
862 263 899 283 ex
918 248 1069 292 Hispania
1086 251 1141 277 aut
1158 243 1259 276 Gallia
1276 239 1507 278 adveheretur,
1529 239 1662 283 ejusque

183 325 256 356 loco
278 321 323 353 sal
345 325 517 351 montanus
538 326 576 346 ex
599 312 771 344 Germania
789 309 901 340 allatus
917 306 1142 341 adhiberetur,
1169 302 1284 345 passim
1310 303 1519 341 quererentur
1539 303 1662 327 nostra·

185 387 232 412 tes
261 379 301 410 de
326 385 477 412 rancore,
502 382 600 415 quem
629 369 719 401 brevi
739 365 940 398 contraheret
959 363 1130 404 butyrum,
1156 358 1277 401 injuria
1295 354 1447 398 agricolas
1465 354 1661 392 incusantes,

183 436 275 480 quasi
297 431 427 476 propter
454 430 527 461 salis
552 426 704 459 culinaris
729 425 893 456 caritatem
921 420 1009 450 hunc
1041 418 1166 460 parcius
1198 415 1318 456 butyro
1338 401 1535 453 adjecissent.

227 491 368 524 Plurima
392 498 459 519 sese
483 484 623 518 offerunt
651 480 865 514 Oeconomiae
894 475 1009 508 ruralis
1034 473 1212 505 cultoribus
1229 482 1246 501 a
1268 469 1386 517 caussis
1410 467 1569 510 imprimis
1585 465 1664 499 Che-

187 549 280 582 micis
314 545 496 590 pendentia.
549 539 704 583 Exemplo
727 540 768 570 sit
798 542 905 567 motus
930 533 983 564 ille
1013 530 1199 566 intestinus,
1220 516 1296 570 vquo
1323 525 1454 557 foenum
1484 534 1551 554 non
1580 522 1661 554 bene

185 607 339 638 siccatum
356 600 540 634 exardescit.
584 598 724 629 Plurima
745 598 963 637 peraguntur,
988 598 1128 631 quorum
1157 587 1236 617 ratio
1264 584 1303 626 ab
1331 582 1443 614 iisdem
1465 580 1587 623 caussis
1617 585 1664 610 est

190 661 337 706 petenda.
382 661 471 699 Quae
494 661 609 687 cuncta
623 652 715 685 vobis
729 659 888 693 exponere
904 657 973 678 nou
997 647 1108 677 sinunt
1125 641 1257 685 praefixi
1275 640 1355 671 milii
1375 639 1501 669 limites.
1541 636 1667 669 Admo-

187 721 273 751 nitus
296 725 401 748 tamen
426 714 522 745 velim
544 711 728 747 Chemicos,
752 714 789 738 ut
814 705 948 736 rusticas
975 703 1043 734 illas
1069 700 1182 731 adeant
1209 696 1374 736 officinas,
1398 697 1431 725 in
1447 694 1568 737 quibus
1584 694 1671 736 opti-A

189 785 261 813 mae
299 778 393 804 notae
418 770 571 812 butyrum
597 773 734 810 paratur.
780 759 945 794 Nonnulla
971 757 1245 792 animadvertent,
1279 764 1359 797 quae
1386 752 1482 783 nimis
1509 761 1666 794 operosa,

188 831 274 874 quin
299 827 425 860 inutilia
455 828 558 870 prima
586 823 692 855 fronte
718 819 936 856 videbuntur,
959 822 990 846 at
1014 814 1104 845 brevi
1126 811 1339 859 comperient,
1375 819 1473 839 usum
1503 807 1555 838 hic
1583 806 1668 849 opti·

190 897 282 919 mum
302 884 398 916 fuisse
415 883 621 925 magistrum,
644 889 749 922 neque
767 877 819 908 illa
833 886 900 908 esse
919 870 1171 909 contemnenda,
1194 879 1276 912 quae
1291 878 1366 899 cum
1382 865 1546 900 Chemicis
1565 870 1661 895 natu·

191 954 246 976 :rae
262 941 387 985 legibus
414 942 550 971 omnino
576 936 782 969 conveniant.

234 1002 396 1031 Praeterea
432 996 584 1029 conducit
617 994 750 1025 Chemia
779 990 819 1022 ad
856 986 1064 1033 proferendos
1099 983 1310 1028 agriculturae
1336 981 1418 1013 fines
1435 1004 1446 1020 ‚
1484 976 1667 1021 indagando

192 1056 353 1100 principia
381 1054 528 1097 proxima
552 1052 769 1095 plantarum‚-
791 1045 931 1088 indeque
952 1042 1158 1079 deducendo,
1193 1051 1275 1084 quae
1302 1038 1444 1083 plantae,
1468 1036 1536 1068 solo
1559 1034 1669 1079 hodie.

190 1123 255 1156 que
281 1111 413 1142 nomine
436 1111 603 1152 cognitae,
621 1107 661 1138 ad
688 1115 767 1136 usus
792 1101 1026 1134 Oeconomicos
1056 1098 1199 1131 adhiberi
1226 1108 1262 1128 ac
1286 1094 1349 1126 coli
1366 1094 1498 1137 possint.

238 1170 361 1200 Verum
383 1167 472 1197 irrita
496 1171 573 1197 sunt
598 1164 707 1196 omnia
737 1161 814 1192 haec
838 1158 1037 1194 tentamina,
1069 1156 1179 1186 irritus
1212 1152 1319 1184 omnis
1345 1150 1457 1188 labor,
1485 1159 1581 1192 quem
1612 1149 1674 1191 poe'v

195 1231 280 1259 nunt
300 1223 427 1266 Physici
450 1223 482 1253 in
503 1219 734 1263 investigandis
757 1225 852 1259 atque
889 1216 923 1246 in
948 1213 1054 1244 solum
1090 1210 1230 1243 Patrium
1272 1205 1499 1240 transferendis
1537 1205 1672 1237 aliarum

192 1283 363 1324 regionum
386 1278 504 1322 plantis
526 1276 750 1309 Oeconomicis
766 1297 776 1311 ‚
812 1279 866 1304 aut
903 1269 1052 1314 eruendis
1069 1267 1294 1310 indigenarum
1314 1265 1462 1308 stirpium
1494 1263 1670 1306 proprieta-

192 1338 280 1377 tibus
301 1347 338 1368 ac
366 1333 544 1366 commodis
561 1357 571 1372 ‚
605 1334 668 1365 nisi
693 1332 734 1363 ad
764 1331 907 1374 ipsarum
933 1327 1124 1371 ‚plantarum
1152 1324 1371 1367 cognitionem
1402 1322 1569 1363 pervenire
1587 1343 1596 1359 ‚
1632 1331 1669 1352 ac

191 1405 289 1426 suum
323 1393 440 1434 cuique
465 1392 590 1435 plantae
620 1401 740 1421 nomen
763 1391 929 1430 imponere
961 1384 1133 1428 possimus.
1166 1378 1424 1427 ’Cognoscendae
1446 1384 1522 1409 sunt
1549 1377 1675 1420 plantae

193 1451 307 1483 ordine
339 1451 541 1491 systematico
573 1447 757 1491 dispositae.
801 1443 978 1475 Linuaeani
1015 1437 1166 1470 beneficii
1201 1437 1369 1480 participes
1405 1432 1559 1466 reddendi
1595 1434 1672 1464 sunt

193 1507 374 1550 agricolae,
412 1515 495 1547 vago
533 1512 629 1547 atque
659 1505 782 1535 incerto
817 1509 964 1531 sermone
1000 1502 1145 1534 utentes,
1173 1493 1299 1537 quoties
1332 1498 1443 1534 agatur
1478 1490 1518 1521 de
1555 1489 1681 1533 plantis-

192 1561 437 1600 cognoscendis.
481 1561 727 1603 Systematicum
754 1559 937 1602 plantarum
959 1555 999 1585 sit
1039 1551 1182 1584 studium
1201 1573 1210 1588 ,
1240 1551 1309 1581 sine
1333 1559 1399 1592 quo
1426 1547 1523 1579 chaos
1549 1554 1596 1578 est
1621 1557 1672 1578 res

192 1619 349 1652 herbaria.
397 1615 452 1650 Ad
487 1627 578 1648 suam
610 1626 756 1659 quaeque
784 1615 921 1657 speciem
962 1609 1116 1641 referatur
1153 1606 1278 1650 planta3
1309 1617 1328 1637 a
1367 1605 1545 1648 specierum
1584 1605 1672 1634 enim

192 1675 377 1718 cognitione
405 1672 523 1716 pendet
561 1675 668 1704 omnis
709 1671 850 1703 eruditio
885 1669 1110 1700 Oeconomica.
1163 1666 1206 1696 At
1243 1663 1370 1695 nullum
1407 1668 1529 1693 certum
1561 1660 1676 1702 speciei

192 1730 352 1774 judicium
378 1729 494 1761 habere
516 1739 686 1772 possumus
710 1729 778 1760 sine
804 1726 928 1770 generis
952 1724 1084 1762 notitia;
1105 1721 1248 1754 confusis
1267 1718 1438 1763 generibus
1461 1717 1570 1748 omnia
1595 1728 1673 1748 con·

193 1787 388 1820 funduntur.
443 1787 524 1816 Sunt
555 1785 632 1817 haec
656 1783 855 1826 Caesalpini‚
889 1788 965 1813 suut
992 1779 1111 1812 summi
1135 1778 1268 1810 Linnaei
1285 1776 1377 1808 effata
1393 1798 1403 1815 ‚
1428 1775 1527 1818 ipsius
1541 1772 1678 1816 agricul-

196 1850 285 1876 turae
312 1842 444 1873 historia
470 1841 553 1885 proli
579 1840 672 1872 dolor
699 1840 796 1871 nimis
818 1838 1017 1871 confirmata.
1064 1835 1158 1868 Unde
1179 1835 1339 1865 ironicum
1361 1831 1441 1863 illud
1467 1831 1502 1861 in
1532 1828 1673 1860 nonnul·

199 1900 303 1932 larum
325 1899 474 1941 stirpium
499 1898 632 1929 nomine
654 1897 888 1934 Oeconomico,
906 1894 995 1941 qued
1013 1895 1046 1924 in
1065 1893 1166 1937 ipsius
1191 1892 1267 1922 artis
1299 1889 1422 1921 cederet
1449 1884 1676 1928 opprobrium,

195 1957 260 1988 nisi
280 1956 416 1987 aliorum
448 1950 659 1997 agricolarum
676 1952 816 1986 eruditio
839 1957 981 1995 carperet
1000 1950 1136 1982 aliorum
1157 1944 1302 1982 errores?
1339 1942 1432 1990 Unde
1457 1941 1504 1974 illi
1523 1941 1563 1973 de
1588 1942 1678 1984 plan-

930 2006 952 2035 B
977 2015 996 2036 α
1628 2004 1676 2030 ta-
