1913 2417
321 202 362 251 ιὲ»
434 196 435 199 “
729 212 1375 256 e.}1.EnERsBAcH,

359 323 520 355 Nimirum
547 322 580 352 in
611 319 836 352 concinnando
863 319 1065 352 decretorum
1097 321 1260 363 religionis
1290 319 1485 353 Christianae
1509 319 1548 352 ad
1574 320 1670 352 fidem
1695 321 1794 365 perti·

315 381 464 412 nentium
500 388 632 421 corpore
658 378 717 407 hoc.
747 376 915 419 praecipue
949 377 1063 408 vitium
1090 388 1106 408 a
1130 378 1303 420 Tlieologis
1327 384 1374 409 est
1397 378 1622 415 commissum,
1655 384 1691 408 ut
1718 377 1791 420 phi-

320 435 501 478 losophiam
525 434 621 465 nimis
646 431 828 475 frequenter
855 440 1081 476 sequerentur,
1107 440 1137 465 et
1162 434 1287 476 placitis
1321 432 1483 476 religionis
1518 433 1669 465 naturalis
1693 434 1793 465 nimie

318 491 417 523 dediti
442 496 565 527 essent3
588 500 651 531 qua
677 499 716 519 ex
735 499 769 519 re
797 491 965 531 praecipue
986 490 1177 532 opinionum
1206 489 1383 521 differentia
1400 490 1557 532 originem
1584 490 1684 522 duxit.
1732 490 1794 521 lm-

319 546 463 578 mortalis
489 546 541 576 ille
567 544 767 576 Reinhardus
793 546 988 577 verissimam
1015 547 1203 578 sententiam
1229 545 1325 584 dixit,
1358 557 1459 588 quum
1494 546 1748 577 rationalismum
1773 555 1792 576 a

318 601 622 645 supernaturalismo
658 601 856 642 disjunctum
892 612 959 633 esse
992 602 1103 634 voluit.
1158 602 1253 633 Multi
1285 602 1414 644 quidem
1450 602 1483 633 id
1518 601 1588 634 fieri
1614 613 1705 646 posse
1733 611 1790 632 ne·

317 666 417 702 gant,
450 660 518 690 sine
548 658 766 689 rationa'lismo
799 657 967 689 revelatam
1003 658 1190 701 religionem
1223 658 1356 701 cogitari
1395 669 1462 690 non
1499 670 1592 701 posse
1628 659 1702 696 rati3
1736 656 1792 689 sed

319 725 440 746 vanum
466 722 512 746 est
540 715 602 745 hoc
628 720 852 757 argumentum
881 714 922 745 ab
948 716 1024 758 ipsis
1051 715 1222 757 objectum.
1278 716 1394 745 Utrum
1428 716 1514 745 enim
1546 714 1698 745 revelatio
1730 712 1792 744 hoc

317 771 372 804 ,vel
398 771 477 802 illud
500 771 615 814 dogma
641 771 823 810 contineat,
853 783 912 803 nec
944 782 1003 809 ne,
1034 770 1066 801 id
1099 771 1204 813 ipsum
1230 781 1247 802 a
1273 772 1395 802 ratione
1430 771 1598 813 dijudicari
1626 781 1662 801 ac
1687 769 1794 800 decer·

320 828 357 858 ni
383 826 495 866 debet3
519 838 537 858 a
569 827 786 858 rationalismo
813 835 918 859 autem
941 829 1003 860 hoc
1034 827 1190 869 judicium
1213 827 1351 859 alienum
1377 835 1444 859 est:
1467 828 1589 871 quippe
1611 827 1669 870 qui
1698 825 1792 870 plane

328 894 347 914 a
380 883 534 926 religione
575 884 710 915 revelata
741 885 877 927 separari
909 884 1020 922 debet,
1055 878 1210 927 quoniam
1242 884 1318 914 haec
1348 883 1497 927 dogmata
1528 883 1644 915 referre
1674 889 1794 926 potest,

322 950 404 982 quae
433 940 525 970 illum
549 951 752 983 nequaquam
776 942 966 984 respiciunt,
992 951 1156 983 quaeque,
1181 941 1240 972 etsi
1266 940 1383 971 rationi
1413 951 1481 971 non
1507 945 1706 983 repugnent,
1731 937 1793 968 du-

320 997 353 1026 ci
384 1002 489 1027 tamen
513 1007 552 1028 ex
584 1007 636 1034 ea,
661 1003 814 1039 tanquam
830 996 918 1028 fonte
938 1008 1015 1036 suo,
1038 1004 1215 1040 nequeunt.
1261 998 1369 1037 Quum
1396 997 1493 1039 igitur
1508 1003 1644 1039 systema
1659 995 1794 1037 dogma-

320 1057 411 1089 tum,
435 1052 589 1094 religione
620 1051 801 1083 christiana
838 1053 1051 1084 revelatorum
1080 1059 1128 1084 est
1164 1052 1438 1091 construendum,
1472 1052 1504 1083 id
1538 1052 1604 1084 sola
1636 1052 1797 1094 Scriptura

324 1118 411 1140 sacra
443 1109 503 1139 niti
534 1108 805 1156 debetrideoque
832 1110 983 1152 Exegesis
1005 1116 1052 1141 est
1078 1115 1177 1140 mater
1202 1109 1394 1151 Theologiae
1425 1108 1630 1151 dogmaticae.

369 1166 534 1205 Quaenam
570 1172 676 1196 autem
706 1165 803 1207 hujus
838 1166 1086 1197 constructionis
1111 1171 1158 1196 est
1183 1165 1319 1196 norma?
1363 1166 1526 1205 Quasnam
1564 1164 1648 1208 leges
1679 1164 1798 1207 prima·

325 1221 388 1253 rias
420 1221 512 1264 sequi
543 1220 672 1252 debebit
700 1228 731 1252 et
768 1222 924 1264 interpres
963 1222 997 1252 in
1028 1221 1228 1264 exponendis
1260 1221 1440 1264 scripturae
1482 1232 1588 1253 sacrae
1629 1220 1735 1259 locis,
1765 1225 1798 1251 et

327 1277 513 1321 Theologus
538 1278 572 1308 in
598 1277 828 1316 adsciscendis,
860 1288 983 1320 suoque
1012 1284 1180 1320 systemate
1207 1278 1508 1310 accommodandis?
1552 1278 1715 1318 Quoniam
1745 1276 1799 1307 hie

327 1338 454 1364 tantum
490 1333 529 1364 de
561 1333 758 1377 exponendis
786 1334 968 1376 Scripturae
993 1344 1097 1364 sacrae
1125 1333 1220 1372 locis,
1240 1341 1399 1376 quatenus
1421 1345 1461 1364 ex
1493 1333 1555 1364 illis
1584 1338 1798 1376 componatur

328 1396 465 1432 systema
481 1389 686 1432 dogmatum,
709 1400 815 1421 sermo
832 1397 895 1427 est,
920 1390 959 1421 ad
979 1389 1140 1432 duplicem
1157 1389 1238 1421 hanc
1254 1390 1472 1433 quaestionem
1491 1389 1584 1421 debet
1601 1387 1795 1432 responderi.

373 1448 576 1489 Quamquam
606 1447 704 1489 igitur
733 1446 894 1488 generales
926 1453 958 1478 et
987 1447 1022 1477 in
1045 1445 1197 1477 omnibus
1228 1447 1355 1489 scriptis
1385 1457 1572 1477 communes
1610 1445 1799 1476 hermeneu-

329 1501 408 1532 ticae
443 1503 518 1533 artis
555 1502 702 1544 regulae,
734 1510 830 1533 etiam
864 1502 917 1533 hic
945 1502 1075 1542 valent,
1107 1509 1212 1533 tamen
1251 1502 1291 1533 ad
1324 1501 1585 1545 componendum
1611 1501 1799 1543 dogmatum

331 1564 488 1599 systema,
522 1559 611 1601 quod
649 1559 798 1590 inserviat
828 1558 1000 1602 religioni,
1029 1558 1187 1601 peculiare
1216 1557 1378 1600 quoddam
1409 1557 1602 1600 adjungatur
1634 1556 1800 1588 criterium

333 1625 459 1645 necesse
485 1621 551 1652 est,
585 1622 621 1645 ut
652 1615 751 1657 possit
782 1614 928 1654 decerni,
958 1614 1036 1657 quid
1069 1614 1103 1645 in
1129 1613 1314 1655 explicanda
1343 1615 1504 1657 Scriptura
1532 1624 1618 1645 sacra
1639 1619 1735 1656 atque
1766 1611 1801 1643 in

329 1670 522 1701 exstruendo
551 1670 737 1712 dogmatum
766 1676 933 1712 systemate
959 1670 1071 1701 debeat
1099 1670 1270 1702 observari.

374 1727 546 1766 Quodnam
570 1733 676 1756 autem
703 1733 750 1757 est
773 1726 839 1757 'hoc
863 1726 1054 1757 criterium?
1098 1728 1193 1758 Estne
1224 1727 1460 1759 rationalismus
1493 1736 1567 1758 cum
1604 1726 1670 1757 suis
1695 1724 1802 1756 decre--

332 1781 394 1812 tis?
440 1783 592 1820 Minime3
621 1783 717 1825 quia,
745 1782 834 1825 quod
861 1793 1009 1825 persaepe
1033 1780 1150 1813 factum
1178 1791 1245 1820 est,
1280 1783 1332 1814 ille
1363 1783 1510 1814 facillime
1543 1781 1583 1813 ad
1612 1781 1801 1824 religionem

333 1836 500 1868 revelatam
535 1839 712 1881 applicari,
746 1839 822 1869 haec
855 1849 911 1881 per
942 1838 1033 1869 illum
1067 1846 1170 1881 potest
1197 1839 1382 1877 immutari,
1413 1846 1444 1870 et
1472 1839 1561 1870 aliter
1589 1845 1684 1880 atque
1711 1837 1802 1869 aliter

334 1894 519 1935 temperari;
542 1894 590 1925 vel
614 1895 641 1925 si
666 1896 765 1934 ratio,
796 1901 955 1937 quatenus
979 1895 1223 1938 contemplativa
1247 1902 1315 1933 est,
1350 1895 1478 1926 deberet
1502 1895 1691 1933 decernere,
1714 1904 1804 1926 reve·

336 1947 431 1986 latio,
463 1957 497 1979 ut
520 1951 585 1991 jam
611 1950 773 1990 diximus,
806 1951 954 1993 dogmata
976 1957 1080 1993 posset
1104 1952 1288 1990 continere,
1319 1961 1431 1982 revera
1462 1952 1584 1993 exegesi
1614 1950 1745 1994 probata
1769 1955 1802 1980 et

334 2006 492 2047 Scriptura
527 2017 612 2038 sacra
646 2006 775 2038 lundata
797 2019 808 2049 3
840 2017 921 2049 quae
946 2013 1051 2039 tamen
1073 2008 1155 2039 ratio
1179 2009 1328 2050 ignorat,
1359 2014 1415 2045 et,
1447 2008 1475 2038 si
1499 2015 1630 2049 captum
1651 2007 1721 2049 ejus
1749 2016 1799 2036 su-

1750 2072 1804 2105 pe.
