1913 2417
317 169 353 207 36
582 168 815 207 JACOBI
873 168 1188 199 HERMANI
1243 169 1553 200 PHILIPSE

326 251 453 286 cationi,
484 251 685 288 bonorumque
715 250 956 279 administrationi
988 252 1108 287 praesit,
1135 252 1206 280 illud
1234 260 1294 281 non
1324 253 1363 280 ita
1387 252 1469 281 debet
1493 251 1634 288 intelligi,
1663 259 1694 280 ac
1712 251 1744 280 'si
1772 253 1830 290 jam

326 303 466 339 postridie
490 311 574 338 quam
601 303 705 331 abierat
736 301 855 330 maritus
882 302 912 330 in
937 302 1073 331 omnibus
1103 312 1155 339 pro
1180 303 1297 331 arbitrio
1322 311 1352 331 se
1377 311 1468 339 gerere
1491 310 1610 338 posset,
1641 303 1691 330 sed
1712 302 1826 332 demum

331 354 359 382 si
382 362 396 382 e
418 354 531 388 mariti,
560 359 610 381 aut
634 361 648 381 e
670 352 816 381 communi
839 353 1011 388 patrimonio
1032 353 1140 389 judicis
1162 353 1330 383 auctoritate
1351 361 1381 381 ea
1403 360 1484 382 nacta
1504 353 1612 389 fuerit,
1635 354 1709 382 unde
1731 353 1838 383 libero·

329 413 394 433 rum
419 403 509 433 victui
534 410 561 432 et
584 405 747 432 educationi
771 403 902 432 satisfieri
925 403 1034 440 possit.
1075 404 1160 432 Tunc
1185 404 1257 432 enirn
1273 404 1396 439 paternis
1413 404 1527 433 vicibus
1544 403 1678 441 fungitur
1696 405 1725 432 in
1747 413 1836 441 nego-

329 455 380 484 tiis
396 463 447 490 pro
463 454 499 482 iis
515 455 644 490 gerendis
667 455 823 483 secundum
843 461 907 483 art.
928 463 1010 493 141.,
1031 456 1157 490 adeoque
1171 455 1277 492 judicis
1293 455 1462 483 auctoritate
1479 464 1537 484 non
1554 455 1677 490 amplius
1694 455 1834 491 indigebit

333 506 428 542 (hanc
458 505 531 533 enim
559 505 675 533 liberam
701 506 977 535 administrationem
1008 505 1151 534 articulus
1180 514 1244 541 141.
1272 505 1297 533 ei
1322 506 1351 534 in
1374 506 1513 534 mandatis
1539 507 1649 534 dedisse
1679 506 1840 542 vitietur),

330 564 423 591 neque
452 556 533 584 etiam
563 556 705 584 cotutoris
732 558 859 593 auxili03
890 557 1026 592 quoniam
1062 557 1177 584 tutelam
1208 556 1360 584 liberorum
1383 549 1621 592 patre'defuncto
1642 564 1702 586 non
1727 564 1838 594 gerere,

333 607 382 635 sed
402 607 432 634 in
455 606 545 641 patris
568 607 660 635 adhue
685 607 828 643 viventis,
850 616 947 636 verum
971 616 1029 636 usu
1053 608 1160 644 jurium
1182 614 1364 642 paternorum
1382 607 1543 642 prohibiti,
1563 608 1642 637 vices
1666 607 1843 636 successisse

333 665 477 686 censetur.
520 657 661 694 Quamvis
686 658 729 686 sic
758 667 829 686 uxor
853 665 923 694 post
951 659 1108 687 discessum
1134 658 1226 685 mariti
1249 659 1311 694 jura
1335 657 1423 693 patris
1449 658 1478 686 in
1500 658 1604 687 liberos
1630 665 1761 693 tueatur,
1783 665 1843 686 non

336 707 423 736 facile
439 715 532 736 tam-n
556 709 739 744 putaverim,
762 709 905 745 peculiare
930 710 1002 738 illud
1023 710 1070 746 jus
1093 709 1166 745 patri
1191 717 1361 737 concessum
1387 715 1449 737 aa.
1467 717 1551 745 375.,
1573 717 1659 744 sqq.,
1685 707 1791 736 liberos
1811 707 1848 736 ad

336 764 452 793 tempus
485 766 598 787 carcere
628 759 812 795 includendi,
840 760 921 788 ctiam
956 761 1042 788 simul
1072 769 1136 788 cum
1168 760 1273 795 patriae
1299 760 1451 795 potestatis
1482 760 1654 788 exercitione
1675 759 1709 786 ad
1732 764 1849 786 matrem

337 810 478 845 transire,
500 810 550 837 sed
568 810 623 845 ipsi
643 810 714 839 hanc
738 817 906 846 potestatem
934 819 992 839 non
1017 817 1197 846 competere,
1218 810 1273 839 nisi
1292 810 1448 838 secundum
1472 817 1534 839 art.
1555 812 1619 847 381.
1645 809 1848 845 circumscrip-

342 867 420 888 tam:
453 860 520 888 haec
552 862 718 898 conjectura
748 861 971 897 Delrimurtti,
1000 862 1022 890 I.
1050 863 1071 890 l.
1100 871 1130 897 p.
1151 870 1216 897 340.
1245 861 1275 889 in
1297 860 1343 896 f.‚
1372 869 1406 889 eo
1435 862 1523 897 magis
1546 869 1577 890 se
1601 860 1798 894 commendat,
1825 858 1852 888 si

345 910 562 953 consideremus
580 912 628 948 jtts
655 912 725 940 illud
750 913 877 941 severius
907 913 1147 941 animadvertendi
1172 913 1201 941 in
1224 912 1328 940 liberos
1353 912 1459 947 patriae
1480 912 1657 940 auctoritatis
1688 911 1769 946 quasi
1786 919 1854 946 pro·

341 953 438 997 prium
469 969 551 995 esse,
579 968 606 989 et
629 962 685 990 soli
707 963 780 998 patri
806 969 860 991 tam
888 964 942 991 late
964 964 1075 998 absque
1097 963 1155 992 ulla
1184 962 1363 991 restrictione
1386 969 1570 998 cornoetcre3
1600 962 1683 991 matri
1704 970 1771 990 vero
1792 969 1852 990 non
1894 972 1903 1004 ,-

347 1011 490 1046 concedi,
511 1011 569 1039 nisi
590 1012 651 1047 eJ'us
677 1012 843 1047 petitionem
865 1020 982 1050 urgeant
1005 1014 1045 1048 ii,
1068 1014 1118 1048 qui
1136 1019 1243 1050 patrem
1262 1013 1442 1048 aliquatenus
1465 1019 1673 1049 repraesentant
1695 1013 1854 1041 secundum

342 1067 408 1088 art.
431 1063 497 1097 331.
538 1061 683 1090 Praeterea
709 1064 791 1091 matri
813 1070 924 1091 tantum
950 1064 1136 1099 conceditur,
1166 1071 1198 1092 ut
1220 1064 1293 1099 patri
1317 1063 1350 1092 in
1367 1065 1535 1092 educatione
1560 1071 1588 1092 et
1608 1064 1856 1092 administratione

344 1110 488 1139 bonorum
516 1112 669 1147 succedat,
691 1120 750 1141 non
775 1122 842 1142 vero
868 1114 897 1142 in
923 1114 980 1150 iis,
1005 1122 1077 1150 quae
1093 1114 1183 1143 veluti
1196 1122 1332 1150 personae
1354 1115 1415 1151 ejus
1433 1114 1617 1150 inhaerentia,
1642 1115 1701 1152 ipsi
1723 1120 1857 1150 tantum,

344 1161 467 1197 reliquis
489 1162 623 1191 omnibus
644 1163 787 1200 exclusis,
815 1164 852 1192 ob
873 1165 1037 1200 probabiles
1059 1165 1182 1195 rationes
1203 1174 1342 1195 concessa
1362 1166 1490 1195 fuerunt.

391 1213 448 1242 Pro
480 1213 543 1249 ipsa
575 1213 698 1250 denique
723 1215 774 1243 hac
804 1216 963 1252 sententIa,
992 1225 1076 1253 quam
1102 1217 1159 1245 huc
1184 1226 1277 1254 usque
1299 1218 1505 1253 exposuimuS,
1538 1224 1653 1246 matrem
1675 1224 1776 1253 nempe
1797 1224 1858 1246 non

350 1266 468 1293 tutelam
501 1272 613 1300 gerere,
642 1265 692 1293 sed
721 1266 812 1301 patriti
837 1267 920 1303 fungi
947 1274 1107 1303 potestate,
1137 1267 1229 1296 facere
1252 1269 1380 1303 vitietur,
1412 1270 1490 1304 quod
1515 1269 1549 1296 de
1573 1268 1672 1296 liberis
1699 1267 1861 1296 minoribus

350 1323 446 1343 mente
466 1314 564 1351 capti,
592 1315 653 1344 sive
677 1316 759 1353 ejus,
790 1317 836 1345 cui
862 1317 1002 1347 bonorum
1026 1319 1235 1347 administratio
1267 1320 1350 1355 plane
1377 1326 1419 1347 est
1443 1319 1570 1353 ademta,
1602 1318 1673 1346 nihil
1698 1325 1863 1354 statuatur,

351 1366 410 1394 nisi
434 1366 519 1394 unico
548 1365 577 1393 in
605 1374 695 1402 casu,
724 1368 840 1402 quando
866 1368 931 1396 scil.
957 1370 991 1397 de
1022 1370 1080 1398 filia
1105 1369 1292 1405 collocanda,
1319 1376 1368 1397 aut
1394 1370 1427 1397 tle
1450 1369 1630 1404 quibuslibet
1658 1369 1862 1398 conventioni-

354 1415 431 1451 bus,
453 1424 524 1451 quae
547 1417 760 1446 matrimonium
785 1419 922 1447 comitare
942 1421 1055 1455 solent,
1075 1421 1188 1456 agitur:
1212 1426 1280 1448 tunc
1305 1420 1416 1455 quidem
1441 1421 1596 1447 concilium
1620 1420 1742 1448 iamiliae
1764 1426 1866 1449 aucto·

352 1467 464 1494 Jitatein
482 1467 662 1503 interponere
680 1469 784 1504 debet,
809 1476 872 1498 art.
891 1477 980 1505 511.2
1001 1478 1029 1498 at
1054 1478 1087 1498 ex
1111 1471 1171 1506 ipsa
1193 1471 1241 1498 illa
1265 1472 1424 1499 omissione
1449 1471 1576 1498 omnium
1601 1478 1718 1505 eorum,
1739 1478 1811 1506 quae
1833 1468 1868 1499 ad
1905 1463 1909 1470 '

357 1516 513 1543 liberorum
537 1518 734 1547 educationem
760 1521 924 1556 pertinent,
947 1523 1030 1556 sequi
1055 1521 1186 1556 videtur,
1216 1527 1330 1549 matrem
1358 1522 1507 1549 succedere
1531 1521 1558 1549 in
1586 1522 1652 1558 jura
1677 1521 1785 1557 patris,
1803 1519 1865 1555 pari

355 1566 442 1595 modo
467 1574 498 1594 ac
521 1567 554 1594 de
577 1566 716 1597 Absentis
741 1578 829 1599 uxore
849 1573 1005 1606 superstite
1025 1573 1200 1602 monuimus.
1241 1572 1278 1600 Et
1301 1580 1368 1600 sane
1389 1572 1461 1600 inter
1487 1579 1591 1600 statum
1617 1568 1865 1599 eiVilevabsen-

357 1617 395 1644 xis
420 1623 447 1644 ct
469 1623 563 1644 mente
587 1618 666 1653 capti
689 1619 740 1647 hac
764 1620 793 1648 in
818 1629 847 1649 re
870 1630 996 1658 magnam
1021 1621 1236 1650 simulitudinem
1261 1620 1429 1648 intercedere
1451 1628 1534 1649 nemo
1560 1619 1721 1656 negaverit,
1748 1629 1814 1649 cum
1838 1621 1867 1650 in

357 1673 420 1695 art.
439 1675 506 1695 222.
530 1667 596 1703 (3)
616 1668 688 1697 idem
713 1671 748 1698 de
773 1679 861 1700 uxore
885 1673 1025 1702 Absentis
1051 1681 1078 1701 et
1102 1678 1195 1701 mente
1217 1671 1292 1706 capti
1313 1677 1474 1705 statuatur,
1504 1678 1531 1698 et
1556 1679 1584 1698 in
1609 1680 1641 1698 eo
1663 1679 1781 1706 prorsus
1800 1679 1871 1701 con·

357 1718 494 1752 vtniant,
518 1718 615 1753 quod,
638 1719 704 1746 licet
727 1721 879 1757 utriusque
906 1723 1120 1752 matrimonium
1150 1725 1277 1751 nondum
1302 1723 1476 1750 dissolutum
1500 1727 1562 1756 sit,
1581 1721 1808 1757 obligationibus
1835 1730 1871 1752 cx
1896 1755 1898 1757 ,

363 1775 398 1795 eo
420 1768 549 1796 oriundis
571 1768 736 1798 satisfacere
758 1778 856 1799 neuter
878 1772 977 1801 idonea
998 1774 1106 1802 ratione
1128 1779 1224 1809 queat.

399 1817 518 1852 Cptime
544 1817 632 1854 igitur
665 1828 698 1848 ex
730 1823 925 1852 articulorum
950 1832 1004 1860 372
1025 1831 1053 1853 et
1075 1834 1142 1861 373.
1173 1833 1246 1853 nexu
1277 1824 1399 1852 indolem
1425 1822 1576 1858 potestatis
1601 1824 1682 1852 matri
1714 1831 1867 1854 concessae

362 1875 509 1905 petemus:
533 1875 559 1895 et
584 1870 624 1897 sic
648 1877 841 1908 potestatem,
864 1875 925 1901 sive
948 1875 1058 1910 mavis,
1079 1875 1275 1904 auctoritatem
1300 1875 1328 1902 in
1351 1875 1455 1902 liberos
1477 1875 1592 1909 utrique
1616 1875 1731 1912 conjugi
1754 1883 1868 1911 compe-

363 1925 421 1947 tere
446 1918 553 1955 patebit
582 1927 616 1950 cx
641 1928 704 1950 art.
728 1932 817 1960 372.;
846 1924 917 1953 hanc
947 1934 1014 1954 vero
1036 1931 1207 1963 potestatem
1235 1933 1251 1953 a
1272 1925 1335 1954 solo
1365 1932 1444 1961 patre
1468 1925 1588 1954 txcrceri
1614 1924 1740 1954 durante
1764 1928 1874 1954 macri·-

1814 1985 1876 2007 mu·

394 2032 449 2061 (3)
463 2032 516 2055 VM·
540 2038 563 2055 ‘t
582 2038 628 2056 ΠΙ-
642 2033 698 2063 363,
716 2041 748 2062 ¹1.
770 2037 820 2058 cod.
838 2039 864 2059 du
886 2044 932 2064 rat.
946 2045 1010 2068 proc.
1024 2041 1049 2063 ia
1070 2042 1115 2067 εἰν.
1133 2047 1156 2064 et
1174 2042 1272 2064 Psilliet
1293 2042 1321 2063 nd
1341 2042 1363 2063 d.
1385 2043 1425 2062 m.
1437 2046 1489 2063 222.
