1913 2417
269 177 311 213 34
614 167 1451 213 P.J.UYLEN13RQEK

279 261 342 284 nem
366 259 442 284 tenet
462 253 497 283 ad
518 252 561 289 E,
585 253 633 282 sed
657 251 877 287 sublevabitur,
906 259 999 288 usque
1020 252 1087 280 dum
1121 258 1215 288 partes
1240 252 1342 281 situlae
1367 253 1528 289 superiores
1555 256 1718 284 emerserint
1740 265 1790 286 suu

276 314 328 342 pra
350 313 440 342 aquae
461 304 669 335 summitatem:
694 303 779 338 quia,
800 311 865 332 cum
888 303 1018 339 lignum,
1040 304 1114 332 unde
1133 309 1302 332 constructa
1325 310 1368 332 est
1392 305 1495 339 situla,
1528 305 1620 334 levius
1644 305 1673 334 in
1698 307 1791 342 specie

278 356 318 386 sit
339 366 431 392 aqua,
453 364 513 385 non
527 362 641 383 necesse
664 361 727 389 est,
749 360 781 382 ut
803 355 916 390 pressio
941 363 1031 391 aquae
1054 355 1083 384 in
1107 355 1193 384 situla
1210 355 1255 390 G,
1277 361 1304 384 et
1325 355 1465 392 reliquum
1493 364 1581 391 aquae
1604 357 1653 385 isti
1677 356 1789 387 incum-

281 407 403 443 bentis,
432 415 488 435 una
517 414 583 434 cuni
609 395 858 442 pondere—ipsius
889 406 991 434 situlae
1022 406 1140 443 imparia
1174 406 1233 435 sint
1265 407 1340 443 parti
1373 407 1401 435 H
1430 414 1487 436 tam
1519 406 1631 436 fortiter
1664 416 1793 446 premen-

280 459 349 493 dae,
378 466 409 486 ac
432 463 541 486 ceterae
565 462 659 492 partes
686 455 843 493 imaginarii
866 457 943 493 plani
972 457 1010 486 11<
1042 464 1210 493 premuntur
1230 466 1244 486 a
1265 458 1389 493 pondere
1422 467 1519 487 merae
1547 467 1636 494 aquae
1668 458 1730 495 ipsi·
1748 459 1793 488 in-

279 507 455 538 cumbentis.
497 507 552 536 Sed
577 507 621 542 si,
650 514 683 535 ut
710 509 817 544 passim
837 508 889 543 fit,
917 508 1005 538 situla
1029 508 1170 537 consistet
1196 509 1300 545 partim
1322 517 1356 538 ex
1381 510 1482 547 ligno,
1509 511 1613 546 partim
1637 518 1669 540 ex
1695 510 1793 547 ferro,

278 566 462 596 aggregatum
486 558 599 594 saepius
623 559 753 594 equidem
777 561 892 596 gravius
917 568 979 588 esse
1009 566 1107 596 potest
1132 561 1243 595 aequali
1277 561 1352 589 mole
1375 569 1482 596 aquae,
1514 562 1564 590 sed
1587 567 1647 590 tum
1670 569 1792 596 manus,

280 618 352 645 quae
377 618 492 638 sursum
521 609 607 638 trahit
629 609 744 638 situlam
781 610 914 640 funiculo
936 610 1004 646 EF,
1032 619 1092 639 non
1119 611 1200 639 debet
1226 612 1309 649 juxta
1339 612 1499 640 doctrinam
1531 619 1659 641 nostram
1691 613 1795 641 sentire

278 661 394 698 pondus
423 661 514 690 totius
542 661 663 698 situlae,
686 662 779 690 multo
801 662 896 691 minus
921 670 1010 698 aquae
1031 663 1060 691 in
1085 671 1116 691 ea
1147 659 1307 693 contentae.
1347 662 1494 700 Quamvis
1527 663 1602 691 enim
1632 662 1702 691 illud
1723 663 1797 699 ligni

283 720 311 741 et
335 713 400 740 fei-ri
430 719 633 749 aggregatum,
665 713 745 748 quod
763 712 809 741 hic
834 713 948 741 situlam
972 721 1130 749 vocamus,
1157 714 1273 750 gravius
1301 713 1338 742 sit
1368 714 1478 750 aequali
1505 714 1663 750 quantitate
1686 721 1797 749 aquae,

256 764 335 793 ‘non
365 771 459 792 tamen
483 765 616 792 deorsum
648 764 740 793 tendit
763 769 820 791 toto
852 772 906 793 suo
929 765 1073 800 pondere,
1104 765 1153 793 sed
1180 773 1214 793 eo
1245 766 1382 795 duntaxat
1412 765 1547 801 ponderis
1575 764 1797 801 superpondio,

276 804 335 851 quo
360 821 467 844 tantam
489 814 601 844 excedit
624 823 713 850 aquae
736 815 944 850 quantitatem,
973 822 1058 850 atque
1077 816 1102 844 ei
1124 816 1199 845 mole
1222 817 1349 853 aequalis
1366 822 1431 852 est,
1461 816 1545 852 quod*
1564 815 1793 853 superpondium

277 874 336 896 non
361 867 434 895 solet
459 866 530 894 adeo
556 866 651 902 magni
676 873 738 893 esse
762 865 940 894 momenti.”

316 937 341 953 ‚‚
363 918 402 946 Et
427 917 521 953 quoad
546 924 651 952 aquam
672 916 701 944 in
725 916 828 944 situlae
846 917 975 946 cavitate
994 917 1043 953 G,
1064 917 1143 947 nulla
1169 924 1212 947 est
1235 918 1326 954 ratio,
1347 926 1400 946 cur
1419 926 1449 947 ea
1475 918 1573 946 debeat
1601 925 1716 947 onerare
1737 925 1799 946 ma-

275 975 345 997 num
369 968 404 996 ad
425 969 471 1003 E,
495 967 606 996 etiamsi
631 975 727 996 revera
746 976 821 1003 aqua
840 975 900 996 tum
925 968 955 996 in
982 969 1090 1004 situla,
1120 976 1180 998 tum
1206 978 1292 1006 snpra
1317 970 1430 1005 ipsam,
1458 969 1570 1006 integro
1593 977 1648 998 suo
1672 969 1806 1005 pondere«

276 1019 410 1047 deorsum
434 1019 550 1054 tendat,
580 1019 715 1055 quoniam
743 1019 884 1053 reliquum
911 1027 1001 1054 aquae
1033 1019 1074 1048 L1
1099 1027 1127 1049 et
1155 1021 1237 1056 MK,
1265 1029 1354 1056 aeque
1388 1021 1508 1049 omnino
1541 1020 1656 1048 fortiter
1681 1027 1804 1048 sursum:

278 1069 382 1106 premit
409 1069 553 1105 reliquum
580 1069 746 1105 superficiei
770 1069 951 1105 imaginariae
974 1070 1034 1106 IK,
1053 1079 1085 1099 ac
1115 1072 1222 1107 situla,
1244 1077 1272 1100 et
1292 1071 1462 1100 incumbens
1478 1079 1552 1107 aqua
1580 1077 1715 1107 premunt
1736 1077 1802 1106 par-

279 1127 338 1149 tem
362 1120 411 1156 H,
432 1119 610 1157 proindeque
627 1120 731 1149 situlae
748 1120 858 1149 fundus
879 1128 969 1156 aeque
984 1123 1069 1158 plane
1090 1121 1205 1151 fortiter
1220 1131 1333 1153 sursum
1350 1124 1491 1160 premitur
1511 1131 1526 1152 a
1548 1122 1673 1159 pondere
1688 1128 1801 1158 aquae,

236 1203 238 1207 ,
280 1171 383 1201 ceteris
409 1171 547 1201 omnibus
571 1171 704 1208 partibus
723 1171 802 1208 plani
823 1171 865 1200 IK
888 1171 1058 1209 innitentis,
1079 1182 1112 1202 ac
1131 1174 1155 1202 is
1175 1175 1264 1203 tendit
1286 1175 1420 1205 deorsum
1444 1175 1472 1204 vi
1489 1174 1625 1212 ponderis
1649 1180 1737 1209 aquae
1757 1171 1800 1200 in-

279 1222 462 1258 cumbentis,
493 1230 565 1259 quae
586 1222 692 1259 partim
723 1228 767 1250 cst
798 1221 829 1251 in
854 1222 962 1260 situla,
993 1225 1096 1261 partim
1117 1233 1204 1261 supra
1227 1235 1284 1255 eam
1295 1248 1312 1263 ,„,
1334 1229 1462 1264 adeoque
1492 1224 1693 1264 pressionibus
1720 1223 1807 1252 hisce·

283 1274 340 1303 sibi
362 1274 486 1304 invicem
508 1272 844 1310 aequiponderantibus‚
866 1281 940 1310 aqua
964 1274 1127 1304 funiculum
1150 1277 1284 1307 attollens
1305 1278 1341 1306 ad
1362 1278 1408 1314 E,
1431 1286 1490 1307 non
1510 1277 1613 1312 habet,
1637 1275 1716 1310 quod
1730 1272 1803 1303 sub·

281 1325 356 1354 levet
379 1325 526 1362 amplius,
549 1333 634 1361 quam
658 1324 794 1362 ponderis
815 1324 896 1354 illius
918 1327 1096 1362 auctarium,
1126 1335 1185 1362 quo
1210 1328 1298 1356 situla
1321 1336 1411 1356 vacua
1433 1327 1543 1355 excedit
1567 1325 1683 1361 pondus
1710 1330 1804 1354 tantae

283 1376 452 1411 quantitatis
477 1385 591 1413 aquae,
619 1385 692 1413 quae
719 1377 793 1404 mole
826 1376 952 1412 aequalis
984 1383 1027 1406 est
1056 1378 1141 1415 (non
1164 1377 1230 1406 dico
1255 1378 1378 1414 situlae,
1403 1383 1492 1414 prout
1518 1382 1562 1404 est
1593 1383 1645 1405 vas
1677 1383 1806 1412 cavum,

282 1427 353 1463 sed)
376 1427 456 1464 ligno
472 1434 500 1456 et
519 1427 614 1462 ferro,
637 1427 712 1455 unde
729 1427 815 1456 situla
836 1433 961 1457 constat.
969 1426 996 1440 ”·

321 1475 368 1506 Sic
394 1477 522 1514 Boyleus
545 1477 590 1506 illi
611 1477 771 1515 obJ'ectioni
789 1478 937 1514 occurrit,
959 1485 986 1507 et
1008 1478 1196 1515 phaenomeni
1220 1478 1458 1514 explicanonem‚
1486 1477 1638 1514 principiis
1663 1477 1725 1506 suis
1746 1476 1800 1514 hy-

283 1526 448 1556 drostaticis
474 1528 616 1564 inuisam,
637 1529 725 1557 dedit.
766 1528 810 1557 Ut
831 1535 924 1558 autem
947 1530 1023 1558 illam
1047 1533 1131 1559 etiam
1157 1529 1324 1566 infringeret
1349 1529 1539 1564 sententiam,
1562 1537 1617 1564 qua
1641 1528 1803 1565 statuitur,

281 1579 367 1608 fluida
393 1579 423 1608 in
445 1577 572 1616 propriis
600 1579 673 1606 locis
700 1587 760 1608 non
784 1581 943 1616 gravitare,
972 1584 1109 1619 quoniam
1129 1587 1195 1609 sum
1219 1582 1250 1608 ἐκ]
1269 1581 1400 1618 propriis
1426 1580 1514 1615 locis,
1538 1579 1618 1608 aliud
1641 1579 1798 1608 immediate

283 1630 368 1659 refert
391 1630 638 1667 experimentum,
666 1621 764 1658 eorum
788 1631 818 1659 in
846 1631 962 1666 gratiam
988 1631 1174 1666 institutum,
1205 1652 1230 1667 „
1247 1631 1296 1666 qui
1321 1639 1356 1659 ex
1384 1631 1523 1667 imperitia
1549 1631 1595 1659 vel
1619 1630 1801 1667 praejudicio-

283 1682 380 1711 minus
403 1687 482 1710 erant
511 1680 669 1717 comparati
693 1681 728 1709 ad
759 1681 895 1709 rationem
930 1680 1196 1717 hydrostaticam.”
1228 1681 1354 1709 ‘Scilicet
1384 1681 1472 1708 fluida
1506 1681 1634 1708 diversae
1663 1686 1801 1715 naturae,

285 1732 315 1760 in
339 1741 368 1761 se
391 1733 514 1761 invicem
536 1731 685 1766 immissa,
710 1732 829 1759 eundem
860 1731 993 1761 effectum
1025 1733 1124 1767 edere;
1152 1730 1194 1760 sic
1219 1730 1375 1767 pyxidem,
1407 1730 1514 1766 butyro
1537 1729 1605 1758 fuso
1628 1729 1797 1766 impletum,

287 1788 315 1810 et
336 1790 419 1818 grana
445 1784 580 1820 quaedam
604 1782 737 1819 plumbea
761 1782 977 1818 continentem,
1005 1789 1038 1810 ut
1063 1783 1092 1811 in
1122 1790 1222 1818 aquam
1245 1782 1414 1816 descendat,
1444 1788 1555 1810 summa
1590 1779 1726 1810 facilitate
1756 1788 1798 1810 at-

287 1832 371 1867 tolli,
400 1839 427 1860 et
456 1834 511 1861 huc
535 1834 604 1862 illuc
628 1833 735 1862 moveri
760 1841 847 1869 posse
871 1834 1005 1864 ostendit.
1054 1833 1146 1869 Atqui
1171 1833 1225 1862 hoc
1257 1833 1286 1862 in
1309 1840 1378 1861 casu
1401 1831 1593 1860 scholasticos
1622 1832 1715 1861 dicei-e
1737 1841 1798 1863 non

284 1891 394 1919 posse,
425 1883 560 1919 butyrum
592 1890 620 1912 et
649 1883 801 1919 plumbum
830 1892 892 1913 esse
921 1885 952 1913 in
981 1885 1120 1914 elemento
1149 1885 1280 1922 proprio.
1329 1883 1430 1918 Itaque
1462 1888 1526 1911 tuto
1560 1882 1627 1912 hinc
1659 1883 1795 1913 concludi

285 1934 400 1966 facilem
422 1935 536 1971 pyxidis
563 1934 804 1965 sustentationem
829 1944 890 1966 non
922 1935 1023 1967 exinde
1054 1935 1150 1976 oriri,
1178 1935 1260 1974 quod
1292 1941 1416 1971 corpora
1444 1933 1494 1964 illa
1521 1941 1582 1964 non
1615 1935 1803 1972 ponderant„

1729 1992 1804 2022 qma«
