1913 2417
252 168 280 201 6
660 159 1339 200 [DEGELDEPq

262 260 452 304 suscipiam3
484 259 627 303 mihique
663 259 824 290 obstantes
849 255 1068 295 difficultates,
1094 257 1155 287 isto
1177 255 1211 286 in
1236 265 1288 286 me
1306 252 1410 285 delato
1435 262 1568 285 munere
1585 276 1594 292 ‚
1616 259 1654 285 ut
1678 264 1736 298 par

260 323 327 354 est,
363 316 574 360 persuugeudi
605 322 677 347 ante
714 314 824 346 oculos
859 319 1047 352 versantur3
1080 314 1145 355 jam
1168 311 1254 343 subit
1286 321 1338 342 me
1361 310 1490 341 illorum
1514 312 1661 342 virorum
1691 321 1741 343 re-

260 373 421 411 cordatio,
460 374 517 416 qui
552 373 629 403 olim
664 383 702 402 ex
730 371 792 402 hoc
828 376 997 412 suggestu,
1033 369 1142 400 divina
1168 379 1242 399 cnm
1266 367 1469 410 eloquentia,
1493 366 1590 398 verba
1615 365 1738 404 fecere,

258 440 462 472 quorumque
493 440 549 472 per
584 435 680 459 totam
718 427 893 458 litterarum
925 425 1155 468 rempublicam
1189 424 1368 456 celebritate
1401 430 1432 455 et
1467 423 1568 454 Patria
1598 429 1630 454 et
1664 422 1742 454 haec

258 487 423 516 Musarum
452 485 540 516 sedes
566 495 691 526 semper
715 483 836 514 floruit.
885 484 961 514 Fere
985 483 1123 525 elinguis
1153 481 1287 519 reddor,
1321 482 1348 512 si
1377 481 1454 512 mihi
1489 479 1572 511 hanc
1598 485 1741 510 sanctam

258 541 556 572 litteratissimorum
580 541 710 579 seriem,
745 541 779 570 in
809 550 872 582 qua
900 546 947 570 tot
971 540 1114 581 tantique
1145 539 1208 570 viri
1236 538 1398 569 luminum
1425 537 1524 567 instar
1551 535 1684 575 fulsere,
1706 536 1742 567 in

255 604 394 628 mentem
421 607 586 635 revocem3
609 607 704 639 quam
729 596 844 639 exigua
867 597 908 627 sit
931 607 1000 627 mea
1021 595 1186 633 doctrina,
1212 593 1251 624 ab
1275 594 1366 625 omni
1393 599 1495 636 parte,
1518 593 1736 635 persentisco,

254 664 328 684 cum
353 654 433 684 inter
463 653 580 683 multos
609 660 672 683 tam
705 654 829 695 egregie
849 653 979 684 meritos
1010 651 1050 683 de
1081 651 1303 694 philosophiae
1329 649 1470 686 artibus,
1498 659 1738 687 SNELntuM,

256 709 366 740 orbem
414 716 568 740 terrarum
607 709 830 740 demetientem
852 733 860 748 ,
900 709 923 740 ’s
947 718 1343 745 GnAvsstvsstNmnnt,
1388 715 1738 738 musscnmvnttoa-

258 776 369 797 lunxit
380 776 460 808 que,
492 766 741 808 sapientissimos
760 764 895 797 >¹naturae
924 765 1032 808 legum
1066 766 1253 807 interpretes
1270 787 1278 802 ‚
1302 772 1663 801 MEUWLANDIUM,
1687 761 1738 793 in-

259 823 344 864 genii
371 822 536 860 acumine,
566 822 795 854 dexterrimum
830 822 1062 866 philosophum
1098 821 1303 864 nobilemque
1338 826 1464 863 poetam
1499 828 1625 849 mecum
1656 828 1737 849 con-

256 878 338 909 ferre
368 877 539 920 aggrediar.
597 878 677 918 Quis
711 878 849 922 denique
885 879 1033 922 aequabit
1060 880 1123 918 Te,
1154 879 1211 909 Vir
1244 875 1388 920 Optime!
1421 887 1441 906 o
1468 874 1661 919 praesidium
1689 881 1736 906 at·

256 946 320 977 que
342 934 490 966 columen
517 935 614 977 hujus
635 934 841 974 Academiae,
864 935 1077 978 inexspectata
1104 945 1139 965 ac
1167 932 1356 966 inexorabili
1393 938 1495 963 morte
1512 955 1521 968 ,
1557 930 1652 963 nobis
1685 930 1736 962 lu·

255 990 405 1033 gentibus
432 998 632 1033 praemature
664 990 827 1034 ereptum!
874 991 954 1031 Quis
987 990 1135 1033 aequabit
1169 992 1233 1028 Te,
1268 990 1326 1021 Vir
1353 987 1512 1020 Maxime!
1546 988 1580 1019 in
1611 998 1677 1031 quo
1700 986 1734 1019 id

257 1046 441 1078 admirabile
487 1048 595 1088 magni
641 1058 876 1080 noannavu
917 1048 1084 1089 ingenium
1121 1047 1267 1084 revixit,
1300 1056 1397 1088 quem
1431 1045 1733 1076 excellentissimum

255 1104 361 1134 virum
375 1126 383 1139 ,
409 1103 491 1134 inter
517 1102 609 1135 divos
637 1103 860 1134 collocandum
873 1126 883 1141 ,
906 1105 954 1134 Tu
971 1103 1153 1133 Lectissima
1170 1105 1328 1134 Juventus
1347 1112 1514 1139 moerens,
1538 1103 1604 1132 Vos
1621 1111 1734 1132 omnes

256 1159 413 1201 collegae,
441 1159 555 1198 amici,
580 1166 645 1191 tota
666 1171 741 1191 cum
763 1162 886 1199 Patria,
911 1159 1065 1202 omnique
1084 1161 1212 1202 Europa
1226 1181 1237 1198 ,
1260 1169 1317 1203 per
1345 1157 1475 1201 longam
1504 1167 1666 1189 annorum
1686 1167 1734 1196 seq

256 1216 334 1247 riem
355 1214 576 1259 deplorabitis!

298 1273 330 1303 Si
348 1282 384 1303 ea
404 1273 512 1304 omnia
530 1280 653 1304 mecum
682 1272 762 1304 seria
785 1279 891 1304 mente
903 1271 1083 1317 perpendo,
1103 1270 1182 1315 quid
1196 1276 1266 1310 est,
1285 1269 1460 1303 Auditores
1475 1267 1728 1313 Exoptatissimi!

256 1327 295 1360 de
312 1339 379 1372 quo
395 1328 524 1371 gloriari
552 1330 695 1373 possim?
739 1329 820 1360 Mihi
847 1328 955 1372 potius
980 1328 1123 1373 gratulor
1151 1328 1191 1359 de
1216 1338 1286 1359 mea
1307 1327 1423 1359 eximia
1449 1333 1556 1365 sorte,
1581 1326 1670 1369 quod
1696 1327 1731 1357 in

256 1384 314 1416 hac
335 1385 532 1417 nobilissima
561 1386 662 1425 Urbe,
686 1387 720 1417 in
740 1387 798 1418 hac
827 1385 1072 1417 celebratissima
1094 1384 1281 1424 Academia,
1304 1384 1387 1416 inter
1414 1390 1461 1415 tot
1485 1384 1731 1415 litteratissimos

253 1443 347 1473 Viros
361 1466 370 1480 ,
401 1442 481 1473 mihi
505 1443 721 1486 opportunior
749 1443 800 1474 via
821 1453 991 1485 oppressae
1009 1441 1112 1473 indoli
1134 1441 1266 1473 liberius
1291 1440 1380 1472 frena
1405 1440 1533 1472 laxandi
1553 1442 1594 1472 sit
1612 1446 1731 1483 aperta.

254 1497 289 1528 ld
314 1509 415 1529 unum
440 1509 570 1540 magnas
589 1499 669 1529 mihi
686 1500 768 1542 parit
786 1499 1036 1538 sollicitudines;
1059 1498 1163 1541 quod,
1185 1509 1266 1542 ego,
1291 1498 1374 1529 iuter
1395 1497 1538 1529 eruditos
1559 1496 1732 1536 obscurus,

255 1564 320 1584 non
355 1555 436 1585 iuter
466 1562 588 1596 togatos
618 1556 705 1586 viros
723 1555 893 1593 educatus,
918 1556 1009 1587 nullo
1037 1555 1075 1586 ad
1097 1555 1184 1586 hunc
1201 1565 1302 1597 usque
1321 1554 1405 1585 diem
1425 1553 1526 1597 gradu
1549 1553 1732 1585 academico

257 1617 407 1648 ornatus,
420 1611 501 1642 nulli
520 1618 700 1643 nostrarum
720 1613 906 1643 societatum
923 1614 1028 1643 socius
1044 1611 1241 1654 adscriptus,
1256 1618 1288 1642 et
1303 1610 1457 1653 singulari
1477 1610 1616 1653 quodam
1634 1621 1733 1642 even·

256 1671 346 1695 tuum
364 1678 540 1706 concursu,
565 1675 715 1710 tanquam
732 1680 770 1700 ex
790 1674 972 1711 tempestate
987 1674 1018 1699 et
1035 1667 1202 1710 naufragio
1214 1690 1223 1705 ,
1241 1669 1275 1698 in
1293 1674 1429 1698 vestram
1446 1666 1730 1705 communionem,

255 1724 341 1761 quasi
376 1722 551 1766 alienigena
584 1724 726 1764 delatus,
759 1724 857 1766 hujus
889 1723 1080 1755 Academiae
1110 1723 1217 1766 legum
1247 1730 1279 1755 et
1304 1733 1430 1754 morum
1464 1721 1557 1765 plane
1582 1721 1730 1764 ignarus,

255 1777 374 1814 totus,
400 1780 467 1809 Viti
494 1780 719 1811 eruditissimi!
746 1780 851 1812 oblata
880 1780 959 1811 mihi
987 1780 1181 1823 professione
1205 1781 1312 1812 minus
1343 1780 1461 1822 dignus
1484 1776 1609 1809 videar!
1645 1780 1727 1810 Cum

254 1842 330 1862 vero
363 1833 402 1863 :ib
435 1837 520 1865 omui
551 1837 641 1868 laude
670 1848 736 1868 non
771 1836 910 1867 alienum
947 1838 1151 1879 putaveritis,
1182 1838 1209 1869 si
1242 1839 1340 1881 quis,
1370 1835 1480 1867 multis
1513 1834 1728 1878 gravibusque

255 1886 415 1918 laboribus
441 1892 626 1932 exantlatis,
657 1894 777 1935 majora
811 1900 969 1937 capessat,
1001 1904 1121 1936 perque
1156 1901 1289 1937 angusta
1314 1899 1345 1924 et
1374 1903 1482 1935 aspera
1516 1891 1636 1923 aditum
1665 1892 1726 1924 sibi

253 1942 292 1972 ad
326 1952 456 1987 augusta
489 1954 626 1988 sternat,
659 1961 725 1981 nou
757 1950 906 1993 equidem
940 1960 1071 1990 vereor,
1102 1961 1144 1982 ne
1172 1961 1223 1982 me
1256 1950 1357 1989 Vobis
1391 1952 1519 1993 penitus
1553 1948 1725 1992 indignum

1655 2018 1724 2039 cen·
