1913 2417
335 94 848 128 οοΜΜΕΝΤΑΊ-ῐο
904 93 1256 124 BOTANICA.
1343 134 1345 136 v
1527 104 1566 131 4,

48 187 227 223 plantarum,
248 188 378 219 tempore
394 180 535 210 matutino
550 182 622 209 laete
637 179 790 207 virentium
802 198 814 215 ‚
833 177 904 207 folia
924 178 996 207 hora
1012 177 1166 206 meridiana
1192 179 1375 214 languerent,
1401 181 1428 204 et
1448 183 1562 212 vesper-

47 236 110 265 tino
135 241 264 271 tempore
296 240 409 262 mortua
439 231 730 268 deprehenderentur:
761 229 807 258 die
831 238 895 265 seq.
917 229 1004 258 facies
1029 229 1131 258 hiemis
1161 236 1239 264 erat,
1268 229 1467 264 spectaculum
1494 235 1560 257 sane

46 287 243 317 tristissimum
256 306 266 321 ,
286 292 439 321 paucarum
465 284 617 312 admodum
640 282 800 317 plantarum
819 274 879 309 ha&
898 281 1004 309 nebula
1019 289 1078 309 non
1093 279 1263 308 affectarum
1276 301 1286 315 ‚
1313 285 1340 307 et
1361 279 1452 307 adhuc
1470 279 1565 307 viren-

46 339 117 368 tium
131 359 141 374 ,
165 345 284 367 nurnero
298 335 466 372 superstite.
504 333 568 362 Nec
584 332 687 367 flores,
708 340 759 360 nec
773 332 887 360 fructus
900 352 911 367 ,
932 332 983 360 hac
1001 331 1104 360 nebula
1119 330 1332 365 afficiebantur,
1355 329 1475 358 mortuis
1492 337 1560 358 vero

45 390 148 424 foliis,
174 389 258 418 flores
288 395 356 416 mox
385 386 470 414 etiam
501 384 660 419 cadebant,
689 389 717 411 et
748 381 862 411 fructus
881 382 942 420 jam
975 381 1095 411 formati
1120 389 1189 419 post
1218 382 1331 418 aliquot
1361 379 1422 411 dies
1446 381 1562 410 eandem

46 447 152 471 sortem
172 439 315 470 subibant
340 439 399 477 (21
411 439 438 475 ).

247 746 636 790 CAPUT
749 742 1372 795 QUARTUM.·

314 872 368 895 DE
398 871 606 894 FOLIORUM
633 868 876 892 FUNCTIONE
904 854 1278 890 EXCREMENT1T12.

746 994 779 1030 §-
820 998 850 1023 1.

527 1077 614 1107 Folia
634 1081 701 1106 sunt
721 1084 835 1114 organa
853 1073 1068 1105 Excernentia.

78 1152 271 1213 Secretione
293 1181 323 1210 in
348 1180 430 1211 foliis
453 1181 586 1218 peracta,
614 1188 680 1217 pars
706 1178 843 1216 quaedam
866 1177 1017 1215 liquorum
1048 1181 1204 1213 superest,
1232 1172 1389 1205 nutritioni
1417 1180 1481 1205 ‘non
1505 1183 1567 1205 am·

43 1231 122 1270 plius
143 1234 322 1268 inserviens,
342 1239 370 1261 et
395 1232 507 1261 inutilis
531 1231 607 1260 facta
633 1239 686 1268 pro
711 1229 892 1259 oeconomia
914 1225 1087 1265 vegetabili,
1112 1227 1313 1256 'excernendaz
1337 1226 1406 1254 huic
1425 1227 1565 1256 excretio-

44 1284 75 1313 ni
99 1285 116 1320 (
128 1285 188 1321 Ι),
209 1284 271 1312 sive
291 1283 528 1320 transpirationi,
553 1282 715 1312 inserviunt
729 1281 813 1310 etiam
829 1279 920 1316 folia,
949 1276 1059 1316 quippe
1090 1287 1163 1315 quae
1194 1284 1263 1307 sunt
1283 1283 1389 1315 organa
1414 1285 1475 1307 non
1504 1284 1567 1307 tan-

44 1339 107 1363 tum
129 1334 345 1370 absorptionem
368 1340 396 1362 et
420 1333 628 1368 secretionem,
649 1332 699 1361 sed
715 1332 799 1361 etiam
821 1330 1013 1360 excretionem
1039 1328 1214 1367 peragentia.

80 1383 161 1413 Huic
175 1385 302 1420 muneri,
315 1385 346 1414 in
362 1385 507 1414 variorum
526 1384 675 1420 liquorum
691 1383 871 1412 exhalatione
886 1381 988 1418 posito
998 1402 1008 1417 ‚
1030 1381 1102 1410 folia
1117 1379 1256 1409 destinata
1270 1388 1347 1415 esse,
1370 1388 1480 1415 eaque,
1496 1386 1564 1416 prae

43 1435 161 1471 reliquis
186 1435 385 1471 vegetabilium
401 1435 555 1471 partibus,
581 1435 653 1463 hanc
678 1434 858 1463 functionem
876 1440 1030 1469 peragere,
1059 1431 1203 1460 indefesso
1235 1430 1332 1458 labore
1356 1439 1371 1458 a
1393 1430 1492 1458 multis
1518 1430 1565 1458 iu-

42 1485 253 1523 geniosissimis
277 1486 464 1524 physiologis
486 1485 620 1514 instituta
640 1485 832 1522 experimenta
854 1483 1111 1520 comprobarunt,
1141 1488 1264 1517 quorum
1292 1488 1377 1517 seqq.
1405 1489 1563 1510 memorare

40 1536 139 1567 liceat.

82 1595 109 1617 1.
138 1586 249 1616 Ramus
275 1595 362 1617 sanus
388 1587 546 1617 frondosus
570 1588 737 1623 descissus‚
767 1592 846 1624 parte
875 1584 1024 1614 vulnerata
1050 1583 1163 1612 vernice
1188 1581 1338 1618 obducta,
1364 1583 1558 1619 ponderetur,

41 1644 92 1674 per
114 1638 227 1673 aliquot
247 1638 331 1667 horas
355 1639 413 1667 luci
437 1639 589 1675 expositus
613 1639 668 1667 sibi
699 1639 895 1674 relinquatur,
924 1644 1026 1665 rursus
1050 1635 1244 1671 ponderetur,
1275 1641 1303 1662 et
1329 1642 1430 1671 magna
1454 1634 1566 1670 ponde·

40 1689 82 1718 ris
104 1688 260 1719 diminutio
292 1689 512 1719 observabitur:
542 1689 696 1720 manifesto
718 1689 847 1725 indicio,
876 1695 984 1725 partem
1007 1689 1187 1722 succorum,
1215 1685 1283 1714 l'oco
1312 1684 1382 1714 rami
1409 1685 1560 1713 vulneram

1496 1739 1565 1764 ver-

65 1817 136 1845 (21)
155 1817 208 1839 Via.
226 1816 263 1839 111.
282 1818 443 1845 Brtlgmanslm
463 1819 479 1842 l,
501 1825 520 1842 c,

62 1856 118 1884 (Ι)
136 1857 211 1885 Quum
231 1865 244 1880 a
262 1858 318 1881 viri:
337 1859 531 1887 praestantissimis
552 1858 649 1883 secretio
668 1864 720 1881 cum
746 1856 878 1882 exeret-‘lone
905 1863 928 1880 et
952 1853 1066 1884 vicissim,
1096 1854 1200 1884 aeeoque
1228 1856 1312 1883 organa
1339 1852 1483 1877 secer-nentia
1511 1857 1562 1875 cum

34 1898 209 1920 excernentibus
230 1901 357 1926 promiscue
376 1907 480 1929 usurpata
501 1900 599 1928 suerint,
622 1901 758 1923 monendum
774 1906 823 1927 est,
847 1906 883 1922 me
898 1905 938 1927 per
950 1899 1061 1921 foliorum
1077 1899 1299 1920 Excretionem'eam
1315 1895 1442 1922 intelligere
1463 1892 1562 1915 vfunctio-

36 1941 104 1967 ’ωε
119 1944 162 1967 qua
176 1939 294 1969 diuum,
304 1940 424 1965 'nmrizioni
434 1948 481 1966 nou
492 1941 762 1972 :mimium-vientes,
777 1941 876 1970 liquores
891 1940 1001 1970 eliciunt,
1014 1939 1139 1968 exhalant,
1156 1940 1259 1968 tauquam
1272 1939 1348 1962 faeces
1359 1939 1387 1961 de
1401 1942 1425 1959 se
1440 1934 1561 1959 dimittam·

833 1982 863 2013 G
