1913 2417
309 193 592 227 'RESPONSIO
620 203 668 224 AD
694 197 1067 247 QUAESTIONEM
1089 200 1517 238 PHILOSOPHICAM.
1640 218 1673 248 τ’]

157 278 293 309 nascitur
315 278 398 308 istam
422 279 615 316 cognitionem
640 280 810 317 objectivam
830 282 911 310 etiam
932 283 1086 312 realitatem
1111 283 1212 314 habere
1237 286 1317 325 (1).
1357 287 1453 324 Igitur
1477 291 1675 328 antiquissimi

161 330 334 368 philosophi
356 330 544 367 subjectivam
569 332 723 360 realitatem
747 341 806 361 non
833 333 1027 363 distinxerunt
1055 336 1090 364 ab
1121 336 1281 373 objectiva,
1316 346 1403 375 atque
1434 343 1503 372 adeo
1526 345 1675 379 quaestio-

160 390 234 417 nes,
254 390 326 418 quae
352 381 424 410 inter
447 387 596 418 utramque
616 383 753 412 ditionem
780 383 957 422 subiectivae
980 386 1117 416 realitatis
1141 394 1168 416 et
1193 388 1354 426 obJ'ectivae
1379 393 1449 421 sitae
1471 401 1560 429 sunt,
1588 396 1672 431 plane

150 433 336 462 omiserunt:
357 434 557 462 auctoritatem
585 435 688 463 mentis
714 435 742 463 in
768 436 851 464 rebus
874 438 1085 473 cognoscendis
1113 439 1152 467 ita
1178 447 1361 478 sumserunt,
1391 449 1422 471 ut
1445 443 1475 473 in
1496 445 1672 481 principium

151 485 247 514 omnis
280 490 371 513 certae
400 485 578 521 cognitionis
609 492 636 514 et
661 485 901 523 fundamentum,
929 489 1021 524 ipsam
1052 496 1171 519 mentem
1205 491 1376 529 humanam,
1405 495 1524 525 omnino
1546 505 1605 526 non
1630 498 1673 527 in*

140 536 314 572 ‘quirerenn
336 544 429 571 neque
448 542 511 565 ante
533 537 683 567 humanam
711 539 905 576 cognitionem
926 541 960 569 ad
980 541 1122 578 principia
1139 551 1191 572 sua
1214 550 1241 572 et
1259 545 1383 575 stamina
1407 547 1593 584 reducerent,
1615 550 1665 577 sed

152 587 257 616 statim
281 595 372 616 rerum
401 587 527 624 ipsarum
552 588 692 626 principia
716 590 921 627 investigarent
949 599 976 620 ct
1003 592 1174 623 stabilirent.
1216 595 1310 632 Igitur
1333 605 1392 626 non
1413 599 1559 634 explorata
1584 600 1672 629 ratio-

150 638 201 668 -nis
221 638 409 675 auctoritate,
438 647 532 676 neque
557 640 618 669 suis
646 641 773 670 terminis
799 642 828 670 in
854 650 946 670 rerum
971 644 1139 680 cognitione
1161 654 1193 674 ac
1220 647 1331 683 legibus
1353 649 1595 686 circumscripta,
1625 659 1673 679 ce·

140 688 246 718 'le-riter
266 689 375 719 factum
395 697 456 727 est,
486 697 518 719 ut
539 691 713 728 philosophi
740 693 812 721 ultra
838 695 1016 723 constitutos
1042 696 1145 725 rationi
1169 697 1309 728 humanae
1333 701 1439 730 limites
1464 708 1669 738 evagarentur3

143 741 232 776 quod
254 741 350 777 ipsum
376 742 416 770 ira
440 743 503 779 ipsa
527 743 602 771 ratio
630 743 767 772 indicavit
791 752 822 773 ac
847 745 993 781 prodidit,
1016 753 1048 775 ut
1070 747 1144 776 istos
1165 748 1360 786 philosophos
1385 753 1547 791 ostenderet
1565 753 1599 782 ad
1621 751 1672 782 ab·

147 792 233 820 surda
257 793 403 828 pervenire
425 794 622 830 consectaria3
654 794 699 822 sui
723 802 815 824 autem
840 796 1022 832 neglectum,
1050 804 1195 834 tamquam
1228 800 1319 830 fontis
1346 809 1373 830 et
1402 803 1539 840 principii
1566 804 1673 840 cogni-

145 842 256 878 tionis,
273 851 312 872 ‹eo
333 845 420 873 modo
444 845 505 873 ulta
524 852 589 881 est,
621 851 654 874 ut
674 846 893 876 ratiocinatione
915 849 1116 884 experientiam
1140 850 1296 887 refutaret,
1318 860 1345 881 et
1369 855 1455 883 variis
1478 855 1668 883 conclusiun-

139 893 220 921 ›cuiis
243 893 411 930 Empiricos
433 902 557 926 vexaret.
598 896 690 933 Igitur
713 906 747 926 ex
774 898 845 934 ipsis
866 898 975 927 Ionicis
1001 899 1193 936 philosophis
1215 903 1434 942 Anaxagoras,
1463 905 1634 942 experientia
1651 914 1667 935 a

143 945 258 974 ratione
279 947 429 983 sejuncta,
450 955 533 976 omne
551 947 701 985 judicandi
722 950 894 985 praesidium
920 951 950 979 in
970 951 1080 980 'ratione
1102 952 1204 988 posuit
1228 954 1243 991 (⁴
1255 956 1307 991 ει).

181 995 229 1024 Ab
251 996 296 1024 his
320 996 384 1025 inde
404 997 496 1027 initiis
527 999 699 1034 experientia
726 1007 755 1028 et
780 1001 873 1036 ratio,
904 1010 976 1037 quae
1004 1003 1090 1031 unica
1119 1009 1187 1032 sunt
1212 1012 1327 1035 nostrae
1349 1008 1529 1044 cognitionis
1556 1008 1665 1045 princi·

138 1046 210 1083 pia,
239 1046 297 1076 sibi
323 1047 436 1084 opponi
461 1055 579 1085 coeptae
601 1056 689 1086 sunt,
717 1051 773 1080 hoc
796 1058 863 1080 ante
886 1053 1068 1090 constituto,
1095 1063 1182 1083 unam
1205 1056 1297 1092 accipi
1320 1066 1379 1087 non
1407 1067 1513 1095 posse,
1543 1059 1601 1088 nisi
1625 1067 1669 1087 re·

138 1098 217 1135 jecta
241 1098 337 1128 altera.
379 1099 449 1137 Quo
472 1100 581 1129 factum
606 1108 670 1138 est,
703 1108 736 1130 ut
761 1102 811 1138 qui
843 1111 932 1133 unum
961 1105 1138 1143 principium
1166 1106 1338 1144 fontemque
1358 1106 1518 1147 elegisset,
1544 1110 1665 1139 alterum

136 1148 198 1178 sibi
223 1151 449 1187 oppugnandum
474 1153 716 1189 evertendumque
739 1160 864 1190 putaret.

177 1200 224 1230 Ex
256 1202 308 1230 hae
339 1204 527 1232 contentione
555 1212 662 1241 sponte
686 1211 792 1242 patet,
823 1215 882 1244 quo
909 1208 996 1237 modo
1020 1218 1036 1237 a
1058 1210 1190 1248 sophistis
1217 1211 1331 1247 quidem
1370 1212 1479 1241 hauriri
1506 1210 1662 1249 potuerit,

138 1254 239 1282 vomnia
261 1262 348 1289 posse
374 1254 584 1292 demonstrari,
611 1265 627 1286 a
644 1257 820 1296 philosophis
840 1267 931 1295 vero,
960 1260 995 1288 de
1018 1261 1097 1290 omni
1125 1262 1244 1292 scientia
1271 1263 1460 1292 dubitandum
1491 1272 1563 1292 esse.
1605 1265 1662 1292 lta-

116 1300 119 1302 ’
145 1311 203 1338 que
224 1304 408 1340 Scepticismi
430 1305 647 1336 fundamentum
670 1317 733 1337 esse
756 1310 855 1338 debuit
879 1312 1046 1347 opponendi
1070 1312 1127 1341 sibi
1150 1314 1275 1343 invicem
1301 1315 1503 1350 experientiam
1530 1321 1556 1343 et
1577 1314 1664 1343 ratio-

136 1361 226 1390 nem3
249 1360 282 1382 ut
304 1355 377 1385 hanc
393 1357 537 1393 praesidio
558 1359 661 1396 illius,
681 1359 759 1389 illam
778 1361 866 1398 huius
885 1362 972 1392 armis
996 1363 1159 1396 conficeret.
1203 1364 1310 1395 Verum
1332 1365 1495 1395 accuratius
1516 1365 1551 1394 de
1572 1364 1666 1393 histo·

115 1403 173 1433 'ria
195 1404 354 1433 videamus.

114 1450 117 1454 ⁴
173 1455 302 1484 Primum
331 1456 464 1486 Eleatici
485 1466 519 1488 ex
541 1459 595 1489 hac
619 1463 671 1491 τῶν
689 1464 855 1499 φαινομένων
874 1471 902 1493 et
926 1468 979 1496 τῶν
998 1467 1141 1504 νοουμένων
1164 1468 1318 1500 observata
1344 1477 1443 1506 pugna
1458 1468 1576 1506 impulsi
1591 1473 1663 1497 sunt

132 1507 174 1536 rad
197 1507 306 1543 duplex
331 1514 456 1544 systema
481 1511 681 1549 condendum;
713 1514 832 1543 alterum
856 1516 1012 1553 rationale,
1040 1519 1071 1547 in
1096 1528 1155 1555 quo
1179 1521 1329 1550 scientiam
1356 1523 1481 1558 positam
1512 1528 1576 1549 esse
1600 1519 1659 1548 exi-

136 1558 315 1596 stimabant3
339 1559 456 1589 alterum
478 1563 647 1598 empiricum
674 1564 736 1594 sive
764 1566 923 1602 opinionis.
964 1568 1083 1599 Etenim
1107 1580 1172 1600 cum
1197 1572 1327 1601 viderent
1352 1573 1381 1601 in
1399 1581 1500 1610 pugna
1520 1578 1659 1599 sensuum

130 1617 164 1640 et
186 1611 374 1646 intellectus,
403 1618 560 1649 utrumque
589 1621 733 1652 tamquam
767 1616 877 1647 fontem
907 1627 989 1649 verae
1016 1629 1167 1658 certaeque
1201 1623 1381 1660 cognitionis
1408 1622 1524 1651 admitti
1550 1630 1656 1658 nequa-

132 1669 218 1698 quam
242 1670 350 1698 posse,
379 1669 407 1691 et
428 1664 548 1701 insuper
564 1674 667 1695 sensus
689 1675 793 1704 resque
820 1670 972 1700 sensibiles
998 1672 1055 1701 sibi
1080 1674 1156 1702 haud
1187 1680 1339 1709 constare,
1369 1673 1563 1710 principatum
1588 1680 1658 1701 con-

103 1720 107 1723 ·
131 1719 283 1741 cesserunt
307 1713 430 1749 rationi,
452 1724 525 1750 quae
546 1725 625 1746 suam
650 1720 818 1749 sententiam
844 1721 917 1749 nihil
945 1722 1025 1759 fieri,
1047 1730 1074 1752 et
1095 1725 1190 1754 onmia
1216 1733 1304 1754 unum
1333 1733 1412 1762 esse,
1433 1731 1534 1755 contra
1552 1731 1657 1753 sensus

128 1763 219 1792 tutari
242 1772 330 1800 posse
354 1764 515 1802 videbatur,
1225 1769 1232 1775 ’

171 1815 239 1845 Hoc
272 1814 331 1844 fere
369 1817 456 1846 modo
488 1818 674 1858 Xenophanis
706 1824 876 1854 sententiam
908 1825 1054 1863 explicant
1085 1826 1207 1865 Baylius
1239 1830 1307 1869 (3)
1325 1850 1335 1867 ‚
1364 1829 1546 1860 Meinersius
1571 1827 1657 1862 (4),

1580 1876 1658 1905 Bah-

162 1933 218 1961 (ι)
239 1935 309 1958 cons.
327 1934 479 1962 Tennemann,
497 1939 594 1962 Grundr.
615 1942 656 1964 der
675 1943 758 1966 Gesch.
781 1944 822 1966 der
838 1945 999 1972 Philosophie,
1022 1947 1043 1976 §.
1056 1951 1094 1974 45.

164 1973 220 2002 (2)
240 1974 292 1998 Vld.
314 1976 410 2004 Sextus,
433 1979 485 2000 adv.
506 1979 578 2004 Matli.
592 1981 640 2004 Vll.
659 1984 678 2009 S.
693 1990 736 2011 90.
752 1990 786 2012 9¹-
818 1986 856 2008 Cf.
879 1986 1001 2009 Stis'udlsna
1022 1991 1038 2005 ¹·
1056 1987 1071 2005 Ι·
1091 1991 1115 2012 P·
1131 1984 1170 2012 ¹9⁸
1188 1987 1240 2013 sqq·

163 2014 218 2042 (s)
239 2016 340 2037 [neuun.
360 2024 382 2039 ν.
402 2019 553 2044 Xenophane,
576 2028 624 2040 not·
646 2024 672 2041 D.

163 2055 218 2086 (4)
238 2057 323 2080 Gesch.
345 2057 386 2080 der
404 2057 540 2083 wissensch.
565 2059 588 2082 in
608 2060 738 2085 Grlechenl.
759 2062 804 2084 und
826 2062 894 2086 Rom.
916 2063 931 2086 1-
945 2063 995 2088 61⁶.
1013 2071 1046 2093 sq.
