1913 2417
225 211 271 245 60
596 202 622 245 J
697 199 1367 235 R.THORBECKE

235 293 335 332 opinio
371 291 553 330 aliquatenus
579 287 745 320 verisimilis
772 291 837 322 est,
866 291 894 315 et
923 285 1074 314 Arcesilae
1105 284 1268 315 rationibus
1308 290 1478 321 magnopere
1506 286 1733 320 accommodata.

233 345 350 374 Scilicet
377 344 479 381 potuit
503 341 667 377 Arcesilas,
697 340 760 375 ipse
782 346 796 367 e
819 337 937 374 scriptis
966 337 1098 366 Platonis
1125 337 1159 365 ad
1182 336 1333 365 dubitandi
1362 335 1543 372 disciplinam
1573 336 1735 377 formatus,

230 396 393 432 discipulos
419 404 453 424 ex
475 392 621 423 Platonica
653 390 784 421 doctrina
806 390 842 418 ad
872 388 1090 424 Scepticismum
1117 387 1283 422 instituere;
1311 393 1358 422 ct,
1385 392 1418 414 ut
1440 394 1640 426 successores,
1667 399 1735 421 cum

232 447 380 483 Sceptices
401 445 500 474 studio
523 443 648 479 aliquam
675 441 834 471 occultatae
857 439 1013 469 sententiae
1038 437 1268 474 probabilitatem
1289 438 1478 474 conjungere.
1513 438 1610 475 Quam
1632 443 1737 478 proba.

234 496 393 531 bilitatem,
415 495 465 523 ubi
486 493 677 523 Academicus
702 498 847 528 tamquam
870 490 1061 520 Academicus
1086 488 1269 524 disputabat,
1299 489 1456 525 explicare,
1486 489 1528 518 nil
1548 489 1684 525 attinuit,
1704 499 1734 521 et

233 546 438 584 philosophiae
459 544 575 581 ingenio
597 543 656 571 fuit
677 543 871 572 contrarium:
902 542 952 570 sed
976 542 1047 570 hauc
1071 539 1169 576 potius
1193 539 1328 568 rationem
1353 547 1418 568 cum
1439 539 1538 569 amicis
1558 546 1587 569 et
1608 541 1739 579 intimis,

232 598 307 627 inter
336 604 411 633 quos
439 594 613 631 Philosophi
646 594 823 623 severitatem
853 593 1032 629 reliquerat,
1064 591 1302 626 communicare,
1331 590 1558 627 sententiamque
1589 594 1740 628 quamdam

230 655 310 678 suam
331 647 476 682 indicare,
506 654 590 682 quam
616 653 675 674 non
697 644 903 681 philosophica
927 642 1141 677 consideratio,
1170 643 1220 671 sed
1244 641 1417 677 affectuum,
1446 650 1525 678 quos
1544 643 1664 673 rationis
1687 644 1743 674 im·

229 699 341 736 perium
367 699 476 728 frenare
497 703 617 735 potest,
637 696 755 726 evellere
778 703 838 724 non
862 700 982 732 potest,
1012 694 1163 730 impetus,
1182 699 1209 722 et
1230 693 1324 729 aliqua
1348 693 1607 723 verisimilittulinis
1629 695 1739 731 species

229 749 420 780 definivisset.

282 801 340 830 His
361 800 471 829 finibus
493 803 637 828 coarctata
657 797 842 833 traditionis,
863 790 954 833 quani·
965 796 1068 824 Sextus
1091 796 1198 831 aliique
1221 793 1427 831 prodiderunt,
1449 794 1522 830 fide,
1543 795 1658 825 minime
1672 804 1748 826 con-

237 851 322 887 sequi
347 851 479 880 videmus
505 849 659 879 Arcesilae
690 848 850 878 simulatam
883 846 976 876 fuisse
1006 846 1189 883 Scepticismi
1215 845 1434 874 affectationem.
1476 846 1633 877 Enimvero
1657 856 1745 885 supra

237 908 386 930 ostensum
413 901 491 937 fuit,
521 909 606 937 quam
631 899 733 928 faciles
759 906 906 927 causarum
941 898 1100 934 explicatus
1123 896 1274 926 dubitandi
1303 896 1332 924 in
1357 896 1494 925 Arcesila
1524 898 1675 928 fluctuatio
1698 900 1747 928 ha.

233 952 318 988 beat,
338 960 404 981 cum
429 960 464 981 ex
486 951 612 981 auctoris
639 949 754 987 ingenio
778 955 805 977 et
829 942 977 977 Platonica
1002 947 1224 983 informatione,
1246 953 1306 975 tum
1331 955 1365 975 ex
1388 947 1591 984 philosophiae
1617 955 1695 978 statu
1717 955 1746 978 et

237 1002 490 1032 conversionibus.
529 1002 639 1030 Harum
658 1000 747 1035 igitur
768 999 898 1027 omnium
922 999 1042 1028 efficacia
1066 999 1231 1032 rationum,
1262 998 1415 1026 Arcesilae
1435 1006 1489 1027 nos
1520 999 1710 1029 sinceritatem
1734 1009 1753 1030 a

233 1053 348 1084 fucatae
371 1052 564 1080 simulationis
587 1050 706 1079 crimine
732 1048 879 1077 defendere
901 1057 988 1084 posse
1010 1049 1096 1077 nobis
1117 1048 1256 1078 videmur.

271 1103 335 1132 Hac
360 1103 394 1131 de
421 1101 628 1139 philosophia,
659 1107 744 1137 quam
778 1107 845 1128 curn
866 1099 966 1136 agendi
993 1100 1025 1128 in
1051 1099 1111 1129 vita
1137 1098 1309 1128 necessitate
1336 1098 1486 1128 Arcesilas
1516 1099 1555 1128 ita
1577 1101 1753 1139 conjunxit,

239 1159 273 1183 ut
296 1152 528 1190 probabilitatem
550 1158 696 1187 tamquam
718 1151 820 1179 ducem
843 1151 1036 1186 relinqueret,
1065 1151 1147 1179 locus
1177 1150 1320 1178 classicus
1344 1156 1389 1179 est
1413 1150 1490 1187 apud
1514 1150 1633 1180 Sextum
1658 1151 1748 1189 (1):

236 1205 294 1235 ἐπεὶ
318 1205 395 1241 μετὰ
417 1207 494 1234 τοῦτο
515 1203 565 1233 ἔδει
590 1204 637 1233 nal
657 1203 714 1239 περ)
739 1205 790 1236 τῆς
813 1205 861 1233 τοῦ
879 1203 940 1239 βίου
957 1202 1130 1238 διεξαγωγῆς
1148 1202 1254 1240 ζητεῖν,
1282 1201 1339 1236 ἥτις
1361 1204 1390 1233 οὗ
1411 1203 1493 1239 χωρὶς
1515 1203 1644 1240 κριτηρίου
1663 1204 1757 1241 πέφυ·

238 1255 283 1286 κεν
303 1256 496 1290 ἀποδίδοσθαι,
524 1254 581 1292 ἀφ’
602 1253 632 1284 οὗ
658 1253 704 1283 καὶ
727 1255 742 1288 ἦ
769 1255 943 1290 εὐδαιμονίοο,
969 1253 1096 1284 τούτεστι
1118 1254 1150 1284 τὸ
1177 1255 1225 1284 τοῦ
1250 1254 1312 1289 βίου
1336 1253 1432 1289 τέλος,
1459 1255 1604 1290 ἠρτημένην
1624 1254 1682 1292 ἔχει
1703 1255 1759 1289 την

236 1309 345 1344 πίστιν,
365 1307 448 1344 φησιν
470 1308 484 1336 ὁ
508 1305 703 1343 Ἀρκεσίλαος,
723 1304 763 1335 ἶίτι
782 1307 795 1335 ὃ
817 1306 885 1342 (2)
903 1305 961 1342 περὶ
985 1305 1094 1335 πάντων
1109 1305 1215 1342 ἐπέχων
1232 1309 1345 1335 κοινονιεῑ
1365 1305 1416 1338 τὰς
1434 1305 1550 1341 αἱρέσεις
1571 1306 1617 1336 καὶ
1636 1307 1756 1344 φυγὰς,

242 1358 288 1388 καὶ
314 1359 399 1390 κοινῶς
422 1359 476 1390 τὰς
498 1357 608 1393 προέξεις
627 1357 664 1392 τῷ
688 1356 809 1393 εὐλόγῳ·
835 1358 909 1386 κατὰ
929 1357 1009 1386 τοῦτο’
1029 1368 1060 1386 τε
1090 1358 1281 1393 προερχόμενος
1303 1357 1334 1386 τὸ
1356 1357 1483 1392 κριτήριον
1505 1357 1678 1392 κατορθώσει·
1706 1357 1759 1391 viv

240 1409 291 1445 μὲν
310 1409 365 1444 γὰρ
385 1409 556 1442 εὐδαιμονῶν
577 1407 757 1442 περιγίνεσθαι
784 1407 828 1436 διὰ
851 1411 899 1440 τῆς
923 1408 1092 1443 Φρονήσεως·
1114 1408 1166 1441 την
1189 1408 1217 1437 δὲ
1240 1408 1366 1443 Φρόνησιν
1387 1407 1512 1436 κινεῖσθαι
1535 1407 1563 1436 ἓν
1586 1411 1640 1440 τοῖς
1663 1417 1758 1445 κατορ-

237 1460 362 1495 θώμασι*
389 1459 421 1488 τὸ
455 1459 484 1490 δὲ
514 1458 674 1494 κατόρθωμα
701 1456 789 1491 εἶναι,
827 1456 889 1493 ἕπερ
917 1458 1058 1493 πραχθὲν,
1091 1458 1204 1491 εὖλόγον
1227 1459 1285 1494 ἔχει
1305 1457 1355 1490 την
1380 1457 1548 1491 ἀπολογίαν·
1577 1458 1591 1487 ὅ
1617 1459 1758 1496 προσέχων

242 1509 284 1540 οὖν
306 1510 343 1546 τῷ
366 1510 492 1547 εὐλόγῳ,
512 1507 671 1545 κατορθώσει
696 1508 743 1538 καὶ
766 1508 961 1542 εὐδαιμονήσει.
1002 1507 1083 1544 Quae
1104 1507 1234 1536 doctrina
1250 1507 1386 1543 quaedam
1407 1507 1529 1543 vestigia
1553 1507 1638 1536 habet
1654 1517 1759 1546 cogna-

244 1566 288 1588 tae
313 1568 379 1589 cum
409 1559 518 1588 Stoicis
549 1558 715 1588 sententiae.
764 1558 870 1587 Verum
901 1558 1046 1587 enimvero
1079 1558 1185 1594 duplex
1212 1558 1342 1594 inprimis
1374 1558 1537 1587 observatio
1563 1558 1598 1587 ad
1623 1565 1758 1589 nostrum

243 1611 398 1640 consilium
426 1619 458 1639 ex
483 1610 567 1639 Sexti
589 1611 657 1639 loco
689 1610 820 1638 ducenda
845 1616 899 1638 est.
947 1608 1073 1638 Primum
1100 1608 1156 1638 hoc
1189 1609 1346 1644 elucescit,
1377 1608 1544 1639 Arcesilam
1579 1610 1679 1647 agendi
1707 1611 1760 1640 do-

242 1661 363 1690 ctrinam
385 1669 451 1690 cum
470 1660 658 1697 philosophia
682 1669 734 1690 sua
757 1661 961 1696 consociasse3
983 1669 1034 1690 nec
1057 1661 1229 1698 ἀφιλόσοφον
1251 1662 1357 1697 τήρησιν
1371 1660 1515 1689 actionum
1534 1669 1662 1690 normam
1684 1669 1757 1691 con·

246 1712 399 1748 stitu1sse‚
432 1712 482 1741 sed
505 1712 662 1750 φιλοσόφως
698 1712 858 1740 institutam
895 1710 1107 1748 stabilitamque
1129 1711 1246 1741 vivendi
1268 1711 1452 1748 disciplinam
1481 1712 1644 1742 tradidisse,
1682 1712 1757 1742 Dein

240 1763 298 1801 jam
324 1763 488 1793 Arcesilam
512 1763 783 1798 animadvertimus,
815 1763 952 1791 theoriam
978 1764 1131 1799 quamdam
1157 1769 1185 1792 et
1215 1769 1340 1801 systema
1366 1764 1522 1802 practicae
1546 1762 1766 1800 probabilitatis·

246 1814 420 1850 inclroasse3
443 1822 529 1851 quam
550 1813 687 1843 rationem
707 1819 808 1850 postea
831 1814 995 1850 suscipiens
1018 1814 1183 1843 Carneades
1208 1814 1377 1851 diligentius
1401 1815 1550 1851 fundavit,
1570 1821 1597 1844 et
1627 1815 1659 1844 ad
1683 1815 1761 1843 theo-

246 1866 368 1895 reticam
393 1873 531 1903 quoque,
551 1864 574 1894 i.
597 1873 624 1896 e.
653 1864 868 1903 cognoscendi,
888 1865 1168 1896 verisimilitudinem
1190 1866 1364 1896 condendam
1388 1865 1527 1898 traduxit.

1704 1913 1765 1945 Ar·

279 1990 332 2018 (ι)
354 1992 405 2013 adv.
427 1991 499 2014 Man».
515 1992 576 2015 vm.
594 1993 615 2018 ς.
630 1993 677 2017 ¹3⁸·

275 2032 329 2063 (a)
348 2035 381 2057 lu
401 2035 520 2062 legendum
541 2035 632 2059 videtur
653 2039 698 2063 pro
722 2029 768 2062 οὐ,
786 2035 849 2062 quod
869 2034 893 2059 in
915 2034 1021 2061 Fabricii·
1040 2033 1140 2061 editione
1163 2040 1295 2066 expressum
1315 2038 1361 2060 est-¹
