1913 2417
290 203 331 241 46
559 197 793 237 JACOBI
850 191 1156 225 HERMANI
1211 194 1528 227 PHILIPSE

299 285 337 315 ob
362 282 475 313 eandem
505 282 643 312 rationem
674 279 738 308 aliis
772 276 993 307 sortasse'solis
1022 274 1167 306 cesserat.‘
1205 276 1252 306 Ne
1279 277 1320 306 sic
1350 277 1439 314 igitur
1466 278 1546 307 bisce
1570 277 1702 314 iniuriam
1733 279 1808 308 face-

299 342 367 372 ret,
394 341 422 363 et
444 340 556 369 tamen,
589 331 684 367 quoad
709 331 772 366 ejus
796 328 855 356 fieri
876 333 998 364 posset,
1020 326 1163 354 vAbsentis
1185 328 1336 356 commoda
1357 329 1539 363 adtenderet,
1568 337 1627 358 non
1652 331 1736 365 plane
1758 331 1813 359 hu-

299 387 349 424 ius
382 385 458 415 vitae
487 383 727 421 praesumtionem
761 380 884 416 neglexit
902 401 913 415 ,
951 379 1001 408 sed
1034 378 1100 406 licet
1129 378 1188 407 illis
1222 385 1334 408 tantum
1359 380 1422 417 jura
1453 381 1632 409 concedenda
1651 381 1811 424 existima-

302 437 396 472 verit,
425 443 497 472 quae
522 440 550 463 et
577 433 700 462 Absenti
727 431 803 460 forte
830 431 1066 467 comedissent,
1095 434 1145 464 ut,
1176 430 1312 465 quamdiu
1342 432 1376 459 de
1405 430 1544 460 Absentis
1573 431 1631 460 vita
1655 431 1740 460 certis
1768 431 1813 461 in-

303 487 388 516 diciis
415 494 473 514 non
501 490 669 518 constaret,
701 483 736 511 iis
765 482 944 519 gauderent,
977 481 1064 510 slmul
1091 488 1184 509 tamen
1215 482 1339 518 statuit,
1368 482 1523 512 Absentem
1552 483 1617 511 dein
1648 491 1814 520 reversum,

305 543 357 566 aut
387 544 456 570 eos,
482 536 589 570 quibus
620 533 675 562 sub
702 532 871 561 conditione
893 532 968 560 vitae
990 539 1040 561 aut
1064 531 1165 561 mortis
1188 532 1325 561 Absentis
1348 533 1470 568 aliquam
1494 533 1594 562 horum
1615 534 1722 570 J'urium
1753 542 1819 570 par·

306 593 362 615 tem
394 592 489 622 petere
518 585 634 620 liceret,
663 592 722 612 eam
753 583 899 613 vindicare
929 590 1045 618 posse,
1072 582 1100 611 si
1125 583 1226 611 idonee
1254 583 1317 620 eJus
1349 591 1437 612 vttam
1462 590 1511 613 aut
1539 591 1657 613 mortem
1681 585 1821 622 probave-

307 637 378 665 rint.
418 636 513 664 Nemo
538 644 627 671 vero,
653 635 704 671 qui
726 643 822 663 secum
844 634 973 670 cogitat,
995 642 1081 670 quam
1108 634 1220 663 difficile
1246 633 1332 662 fuerit
1357 634 1409 663 hac
1432 635 1461 663 in
1485 643 1513 664 re
1534 635 1664 664 omnium
1688 644 1819 665 commo-

306 689 344 717 da
372 695 564 723 componere,
593 686 739 714 tutissima
769 684 813 714 via
841 686 1020 720 processisse
1050 686 1241 722 legislatorem
1266 686 1399 722 negabit,
1428 687 1547 724 ejusque
1576 687 1732 716 consilium
1757 695 1818 716 non

309 739 455 774 laudabit,
477 747 557 775 quo,
579 746 668 773 quum
687 745 777 773 aeque
798 737 922 765 incertae
943 737 1003 765 sint
1028 737 1088 766 vita
1112 736 1248 766 Absentis
1269 744 1297 765 et
1321 745 1418 773 mors,
1440 745 1498 766 eam
1521 738 1656 773 praetulit
1677 738 1810 767 deciden-

307 791 337 820 di
359 790 517 825 rationem,
539 797 611 824 quae
637 795 756 824 propter
778 787 947 822 aequitatem
970 796 1002 817 se
1027 788 1116 825 magis
1141 789 1371 818 commendabat:
1401 797 1490 825 quum
1515 790 1648 825 profecto
1675 798 1812 826 perquam

306 842 413 871 suisset
436 842 589 877 iniquum,
609 842 732 876 aliquem
751 841 814 877 jure
836 847 891 868 suo
911 839 1091 875 defraudari,
1112 848 1171 875 quo
1198 841 1315 877 gavisus
1339 840 1433 876 foret,
1454 841 1478 869 si
1494 841 1610 869 Absens
1627 841 1700 869 diem
1726 840 1818 869 obiis-

308 899 374 927 set,
401 899 429 921 et
454 892 592 921 Absentis
627 893 851 920 emolumentum
876 891 914 919 ita
941 899 1007 919 cum
1033 891 1149 920 alterius
1171 893 1338 921 detrimento
1365 893 1458 928 tueri,
1481 898 1514 921 ut
1540 894 1610 921 alter
1632 893 1730 922 nullos
1755 892 1818 920 fru-

305 952 371 974 ctus
393 947 568 980 lucraretur,
601 953 694 980 quos,
724 945 750 972 si
773 944 806 972 de
826 943 965 972 Absentis
991 943 1158 972 conditione
1179 949 1342 978 constaret,
1371 944 1465 972 statim
1490 943 1675 980 percepisset.
1714 943 1815 972 Potius

304 996 394 1033 igitur
414 997 509 1024 visum
530 1002 596 1030 est,
614 995 735 1024 Absenti
758 995 836 1023 nulla
855 995 907 1022 alia
929 995 1082 1023 concedere
1108 996 1248 1030 remedia,
1269 996 1344 1031 nisi,
1369 1001 1401 1024 ut
1423 997 1595 1032 quandoque
1617 1004 1749 1025 reversus
1769 996 1816 1032 ju·

302 1056 332 1076 ra
359 1056 409 1076 sua
433 1047 577 1075 vindicare
603 1053 721 1082 posset3
751 1046 798 1074 cui
820 1051 847 1073 et
874 1053 1055 1080 consequens
1081 1053 1158 1080 crat,
1188 1054 1308 1082 eorum,
1339 1046 1446 1082 quibus
1469 1047 1523 1075 sub
1552 1047 1717 1076 conditione
1741 1045 1816 1074 vitae

300 1104 350 1126 aut
373 1098 473 1126 mortis
494 1097 613 1132 aliquod
636 1096 685 1132 jus
711 1102 906 1131 competeret,
930 1095 958 1123 in
986 1095 1054 1123 haec
1079 1094 1173 1131 bona,
1197 1097 1318 1125 Absenti
1339 1097 1449 1133 interim
1475 1099 1628 1134 denegata,
1650 1097 1815 1134 petitionem

301 1157 364 1178 esse
388 1148 613 1182 admittendam,
642 1147 667 1175 si
692 1147 861 1182 probassent
885 1147 1041 1176 Absentem
1070 1153 1139 1176 tunc
1163 1148 1299 1183 temporis
1321 1149 1414 1177 adhuc
1438 1148 1570 1185 vixisse,
1597 1155 1647 1176 aut
1670 1154 1816 1177 mortuum

299 1200 354 1236 jam
379 1199 481 1227 fuisse.
523 1197 562 1226 Et
585 1198 640 1226 hoc
668 1197 853 1226 fundamento
877 1198 973 1227 omnia
997 1198 1152 1235 nituntur,
1174 1208 1246 1235 quae
1272 1201 1458 1229 continentur
1482 1207 1543 1230 art.
1564 1207 1638 1236 135,
1657 1208 1738 1237 sqq.‚·
1757 1205 1818 1228 non

302 1252 391 1286 adeo,
420 1250 555 1287 quoniam
586 1255 731 1278 mortuum
762 1250 857 1278 haberi
891 1251 1045 1280 Absentem
1079 1251 1211 1288 placuit,
1240 1252 1283 1280 uti
1316 1251 1464 1280 contendit
1498 1242 1750 1286 Delvimurcius,
1767 1248 1817 1278 sed

300 1301 436 1338 qnoniam
469 1301 600 1337 iniquum
634 1307 729 1335 esset,
759 1307 867 1329 ceteros
897 1301 1011 1330 interim
1044 1302 1190 1332 fructibus
1214 1312 1339 1338 parere,
1371 1303 1478 1339 quibus
1505 1301 1596 1338 gavisi
1620 1300 1764 1335 fuissent,
1790 1299 1818 1328 si

300 1352 377 1380 forte
401 1352 512 1380 Absens
533 1358 664 1379 mortuus
689 1357 783 1386 esset,
804 1357 832 1379 et
853 1359 883 1379 ca
907 1352 942 1379 de
965 1360 993 1380 re
1016 1353 1089 1380 inter
1116 1362 1215 1382 omnes
1239 1361 1394 1383 constaret.
1433 1351 1468 1382 In
1489 1353 1540 1381 hac
1564 1352 1653 1388 igitur
1670 1350 1816 1386 doctrinae

305 1408 407 1438 parte,
436 1402 587 1437 utriusque
603 1401 846 1437 praesumtionis,
870 1409 897 1430 et
919 1402 995 1431 vitae
1016 1410 1044 1431 et
1069 1403 1191 1438 mortis,
1209 1404 1343 1431 rationem
1369 1405 1453 1434 habet
1469 1404 1638 1439 legislator,
1658 1410 1751 1437 neque
1765 1401 1817 1430 hac

301 1453 333 1481 in
357 1461 385 1480 re
408 1453 530 1489 divergit
553 1461 568 1481 a
591 1453 739 1488 principiis
766 1454 852 1481 semel
882 1454 999 1489 positis.
1047 1453 1121 1482 Nam
1148 1461 1191 1481 res
1220 1454 1250 1481 in
1281 1453 1379 1480 eodem
1415 1459 1493 1480 statu
1526 1458 1639 1480 manent
1666 1460 1725 1487 quo
1753 1452 1816 1480 fue-

305 1509 390 1537 rant,
411 1510 439 1531 et
463 1503 584 1531 Absenti
607 1503 680 1531 nibil
709 1503 803 1532 adhuc
825 1505 1015 1539 conceditur,
1042 1511 1135 1540 neque
1165 1504 1220 1538 iis,
1249 1503 1299 1539 qui
1328 1502 1382 1531 sibi
1404 1504 1453 1539 jus
1473 1511 1603 1539 arrogare
1627 1509 1766 1539 possent,
1793 1502 1821 1532 si

306 1555 419 1585 Absens
442 1556 570 1590 viveret,
600 1562 648 1583 aut
671 1556 697 1583 si
721 1554 908 1590 decessisset3
943 1555 1078 1591 quoniam
1110 1555 1134 1584 si
1166 1554 1238 1582 illud
1265 1553 1407 1582 vindicare
1429 1553 1567 1589 cupiant,
1590 1554 1748 1583 necessario
1774 1553 1813 1585 iis

307 1606 454 1643 probanda
477 1606 514 1635 sit
537 1606 595 1635 vita
618 1606 777 1641 Absentis,
798 1607 842 1634 vel
867 1607 929 1643 ejus
951 1615 1048 1643 mors,
1072 1615 1161 1643 quum
1186 1611 1308 1641 utraque
1331 1606 1414 1641 plane
1439 1604 1546 1632 incerta
1569 1604 1619 1632 sit.

1015 1685 1044 1720 S.
1087 1692 1114 1720 3.

350 1758 415 1787 Hoc
439 1759 527 1794 igitur
549 1760 675 1794 generale
703 1757 878 1794 principium
903 1759 1017 1789 exhibet
1041 1766 1105 1789 art.
1128 1767 1213 1796 135„
1234 1758 1367 1787 nimirum
1391 1765 1476 1792 eum,
1498 1755 1549 1792 qui
1572 1755 1629 1785 sibi
1657 1763 1821 1794 competere

315 1809 430 1838 affirmet
453 1810 569 1845 aliquod
593 1810 642 1845 J'us
665 1809 788 1837 delatum
813 1810 862 1838 tali
888 1818 1046 1846 personae,
1077 1812 1110 1839 de
1133 1811 1217 1847 cujus
1243 1811 1300 1839 vita
1328 1817 1385 1838 non
1410 1814 1544 1844 constat,
1566 1807 1705 1843 probandi
1727 1817 1823 1838 neces·

318 1860 402 1887 sitatc
425 1868 486 1887 esse
509 1861 700 1895 adstrictum,
722 1861 878 1894 Absentem
898 1861 965 1897 ipso
989 1861 1038 1890 illo
1064 1868 1212 1897 tempore,
1235 1869 1295 1897 quo
1317 1860 1388 1888 illud
1409 1859 1457 1895 jus
1483 1858 1507 1886 ei
1532 1858 1654 1886 delatum
1676 1858 1768 1895 foret,
1796 1860 1822 1888 si

319 1911 347 1940 in
373 1912 448 1939 vivis
479 1911 602 1946 fuisset,
633 1913 724 1941 adhuc
759 1913 886 1948 vixisse,
915 1912 1082 1949 ceteroquin
1113 1913 1175 1949 ejus
1201 1911 1366 1947 petitionem
1396 1909 1473 1938 omui
1506 1909 1610 1938 idoneo
1635 1909 1820 1940 fundamento

315 1970 417 1990 carere.
458 1961 522 1990 Nisi
548 1970 614 1997 ergo
640 1963 693 1991 boc
721 1964 821 1992 idonee
847 1964 1003 1999 probetur,
1033 1964 1062 1992 in
1088 1963 1248 1992 deferendis
1273 1962 1352 1990 hisce
1375 1961 1490 1998 juribus
1520 1962 1599 1989 nulla
1622 1962 1759 1992 Absentis
1782 1970 1824 1991 ra-

315 2012 360 2043 tio
384 2012 478 2041 haberi
504 2019 617 2048 potest3
645 2012 702 2041 imo
726 2021 818 2050 neque
842 2015 1004 2046 mandatum
1023 2014 1209 2045 Procuratori
1232 2013 1378 2049 relictum,
1399 2013 1444 2041 vel
1473 2021 1533 2049 quo
1557 2019 1657 2049 postea
1681 2012 1755 2042 forte
1778 2012 1820 2041 in-

1747 2069 1825 2092 stru-
