1913 2417
332 144 1294 212 COMMENTATIO

156 443 817 495 QUAESTIONEM
894 443 1430 486 BOTANICAM-

558 824 1052 857 PROLOGUS.

87 916 135 977 In
153 947 222 976 duas
243 954 309 984 apte
331 953 424 985 partes
441 947 495 977 Rei
514 947 665 977 Hei-bariae
683 943 808 976 scientia‘
818 946 1011 983 dispescitur,
1034 953 1155 982 quarum
1176 947 1263 976 altera
1284 946 1488 983 complectitur
1503 946 1565 976 for-

51 1005 160 1027 marum
182 999 322 1028 variarum
348 999 556 1035 differentiam,
577 999 737 1035 specierum
759 1005 785 1026 et
810 1006 944 1034 generum
961 997 1196 1026 distributionem
1220 998 1441 1034 systematisque
1457 997 1562 1035 cogni-

49 1050 178 1088 tionem,
199 1051 286 1080 altera
307 1059 374 1080 vero
397 1058 527 1080 versatur
547 1051 577 1079 in
601 1050 761 1086 plantarum
791 1049 898 1078 fabrica
922 1050 1088 1085 exponenda
1104 1070 1114 1085 ‚
1142 1049 1325 1085 partiumque
1352 1056 1402 1079 aut
1434 1050 1470 1078 ad
1489 1057 1560 1078 con-

50 1101 262 1138 servationem,
293 1109 343 1131 aut
366 1103 401 1131 ad
424 1103 661 1139 propagationem
683 1110 739 1130 usu
764 1101 966 1138 investigando
991 1101 1070 1138 (1).
1112 1101 1164 1129 Illa
1195 1100 1348 1130 Botanices
1383 1100 1474 1130 Purae
1497 1100 1563 1129 sive

47 1152 148 1180 stricte
165 1152 277 1189 dictae,
301 1155 388 1190 haec,
409 1163 482 1191 quae
504 1160 537 1183 ut
561 1153 728 1183 animalium
746 1153 888 1183 Anatome
902 1159 929 1182 et
943 1152 1131 1190 physiologia
1150 1152 1325 1182 considerari
1339 1158 1457 1189 potest,
1476 1151 1556 1187 Phy-

46 1202 188 1240 ¹siologiae
211 1205 373 1241 plantarum
399 1207 516 1235 nomine
536 1205 701 1243 insignitur.

28 1250 51 1291 J
84 1254 178 1283 Nullo
200 1264 269 1284 sane
301 1264 430 1293 tempore
457 1264 577 1293 utraque
606 1257 692 1294 hujus
716 1255 886 1292 disciplinae
909 1264 990 1292 pars,
1021 1260 1101 1284 tanta
1131 1255 1373 1284 incrementorum
1401 1252 1562 1289 ingentium

43 1304 193 1340 splenduit
217 1307 430 1344 amplitudine,
461 1313 599 1344 quantam
626 1314 728 1337 nostro
754 1307 884 1337 videmus
909 1315 1001 1342 aevo,
1035 1306 1115 1342 quod
1142 1306 1257 1343 quidem
1292 1306 1368 1335 haud
1391 1304 1490 1341 inepte
1511 1311 1563 1332 au-

45 1362 123 1385 reum
149 1355 301 1386 Botanices
328 1359 384 1388 dici
408 1360 502 1395 possit
527 1361 684 1390 saeculum.

83 1407 248 1441 Attamen,
277 1408 328 1434 ubi
353 1410 475 1443 propius
503 1412 538 1436 ad
565 1410 768 1443 physiologiae
800 1409 962 1444 plantarum
997 1407 1127 1437 studium
1157 1406 1361 1436 suavissimum
1394 1405 1501 1442 pariter
1529 1411 1563 1434 ac

46 1457 245 1487 difficillimum
269 1458 442 1494 accesseris,
472 1459 654 1495 partiumque
685 1458 846 1494 variarum,
876 1467 891 1487 e
915 1459 1023 1494 quibus
1054 1463 1275 1494 componuntur
1303 1457 1492 1494 vegetamina,
1520 1455 1563 1485 fa-

50 1507 145 1538 bricae
169 1515 196 1537 et
219 1509 287 1537 usui
311 1510 491 1545 explorandis
519 1510 657 1538 dicaveris
681 1509 794 1545 otium,
823 1509 951 1538 invenies
986 1509 1065 1538 haud
1098 1517 1185 1544 saro,
1213 1516 1286 1544 quae
1310 1514 1360 1537 aut
1381 1509 1560 1545 ingeniorum

47 1559 78 1589 in
100 1560 156 1588 hoc
186 1560 285 1589 studio
311 1560 483 1588 versantium
508 1560 580 1589 aciei
605 1561 662 1589 huc
695 1569 791 1597 usque
818 1561 933 1589 occulta
961 1560 1006 1589 vel
1037 1560 1159 1589 obscura
1180 1560 1355 1596 manserint,
1384 1567 1451 1595 aut,
1480 1559 1560 1595 quod

49 1617 143 1639 tamen
167 1619 233 1639 cum
263 1612 433 1639 verecundia
455 1612 573 1640 dixerim
587 1633 596 1647 ‚
621 1611 687 1640 fixis
708 1618 825 1641 naturae
851 1611 964 1648 legibus
990 1611 1085 1640 minus
1108 1611 1311 1640 convenienter
1331 1610 1491 1647 explicata,
1512 1617 1562 1638 ne-

49 1669 106 1698 que
121 1669 197 1690 extra
220 1663 316 1700 justae
338 1663 526 1691 dubitationis
547 1664 634 1692 aleam
661 1663 756 1699 posita
779 1664 930 1692 videantur
946 1684 956 1699 ,
983 1670 1032 1692 aut
1061 1663 1203 1700 denique,
1231 1663 1299 1693 licet
1325 1662 1445 1692 omnino
1468 1661 1556 1690 maxi-

52 1720 125 1741 mam
154 1719 262 1749 partem
297 1720 414 1742 naturae
445 1721 473 1741 et
505 1714 609 1742 rationi
635 1715 838 1743 convenienter
867 1714 1017 1751 exposita,
1046 1716 1175 1744 nondum
1203 1721 1296 1744 tamen
1322 1715 1390 1744 adeo
1420 1712 1557 1742 omnibus

49 1764 174 1794 numeris
197 1764 331 1794 absoluta
355 1764 483 1794 habenda
507 1765 585 1801 sint,
608 1772 639 1795 ut
663 1766 737 1795 haud
755 1765 876 1795 ulterius
904 1766 949 1795 vel
970 1766 1095 1804 indagari
1117 1768 1162 1798 vel
1183 1766 1319 1805 explicari
1342 1765 1459 1804 possint
1475 1764 1556 1802 (2).

1498 1815 1561 1845 Ne.

74 1895 126 1924 (x)
143 1896 195 1920 vid.
218 1898 295 1919 Curtii·
315 1899 456 1927 Spungdh',
475 1899 579 1920 Historia
601 1898 644 1919 Rei
664 1899 807 1926 lstrharfac,
826 1902 889 1923 Tom.
905 1899 922 1921 1.
945 1907 968 1927 p.
984 1906 1005 1926 3.
1030 1900 1196 1923 Amstelodami
1213 1900 1274 1924 1807.

75 1935 127 1965 (2)
142 1938 171 1960 D.
195 1939 218 1960 C.
241 1939 264 1960 F.
286 1940 382 1967 Jlurles,
404 1942 424 1962 in
444 1941 563 1962 Proiiemio
583 1943 609 1963 ad
632 1941 834 1961 Commemationem
857 1941 997 1961 Historicam
1019 1941 1045 1962 de
1068 1942 1173 1963 Materia
1193 1941 1359 1968 Vegemhilium
1378 1939 1496 1967 maritis,
1519 1937 1557 1964 ind,

49 1983 129 2001 §enam
151 1980 222 2002 Tomo
236 1981 252 2002 l.
271 1983 371 2009 Operum
389 1982 504 2005 Miuorum
525 1983 725 2009 Academicorum,
747 1982 832 2010 Lipsiae
856 1983 1008 2006 MDCCCXV.

782 2025 847 2053 Λα
