1913 2417
311 177 352 206 68
472 184 476 189 ·
586 173 823 212 JACOBI
881 168 1558 204 HERMAN1PH1L1PSE

325 264 434 295 partem
455 263 580 287 reservat
632 257 734 292 Neque
761 256 876 290 obstat,
897 255 978 291 quod
999 261 1062 284 art.
1080 255 1147 292 756.
1169 255 1264 283 liberis
1288 255 1465 283 naturalibus
1491 254 1625 283 heredum
1651 263 1754 285 nomen
1776 258 1826 286 de-

326 316 467 345 negetur,
497 317 561 337 cum
586 307 774 336 nihilominus
798 314 905 335 certum
938 307 976 335 sit
992 327 1002 342 ‚
1039 307 1104 334 illos
1120 326 1130 341 ,
1159 306 1183 334 si
1209 315 1223 334 a
1247 306 1410 341 parentibus
1439 307 1528 341 agniti
1555 305 1632 340 sint,
1660 307 1828 336 succedendi

324 360 391 397 jure
410 360 547 396 gaudere,
565 358 730 394 posthabito
748 357 813 393 ipso
828 358 952 393 conjuge
967 357 1138 393 superstite,
1156 363 1215 386 art.
1233 357 1313 393 767„
1335 357 1381 384 cui
1400 361 1512 390 tamen,
1526 361 1584 384 art.
1600 364 1675 392 140.‚
1696 364 1829 392 expresse

328 411 503 439 conceditur*
521 409 642 437 facultas
674 409 746 437 hanc
774 408 938 436 missionem
964 408 993 436 iu
1018 409 1229 444 possessionem
1264 406 1396 442 petendi,
1425 408 1449 434 si
1477 406 1525 433 alii
1558 414 1740 435 successores
1767 416 1826 437 non

328 461 473 495 existant,
505 459 556 495 qui
583 459 627 488 illi
655 459 686 488 in
716 459 815 488 ordine
842 458 1035 488 successionis
1060 459 1188 495 potiores
1215 459 1372 487 habeantur
1392 457 1479 494 (3)²
1505 462 1532 484 et
1553 457 1746 487 successionis
1775 458 1833 487 sint

328 518 446 545 capaces
468 510 547 547 (4).
592 528 594 530 -
752 502 755 503 ⁷

370 561 425 589 Uti
450 569 543 590 autem
566 562 656 598 probe
679 561 816 592 intellexit
842 562 1009 599 legislator,
1028 561 1112 590 facile
1140 556 1226 589 dubia
1251 561 1285 589 de
1307 560 1483 589 diversorum
1505 559 1637 587 heredum
1663 559 1778 597 Juribus
1803 559 1834 590 in

333 619 481 649 posterum
505 613 608 642 exoriri
624 621 730 648 posse,
752 613 809 641 nisi
831 621 963 649 expresse
987 611 1212 646 constituisset,
1235 611 1350 646 quinam
1376 610 1448 639 hanc
1469 610 1634 638 missionem
1653 610 1833 647 obtinerent3

333 664 399 693 scil.
428 673 464 693 an
499 663 698 700 intelligentur
725 663 765 699 ii,
796 664 847 699 qui
877 670 1005 699 tempore
1037 663 1191 691 declaratae
1220 661 1377 690 Absentiae
1406 661 1530 697 proximi
1559 660 1653 689 forent
1683 669 1698 689 e
1726 662 1838 696 legibus

336 716 412 743 circa
440 711 673 751 successionem,
701 722 736 743 an
760 719 832 742 ‘vero
856 714 905 749 qui
927 713 1049 749 proximi
1070 713 1194 741 fuissent
1218 719 1366 747 tempore,
1396 721 1453 747 quo
1480 712 1592 740 Absens
1613 721 1628 741 a
1649 713 1710 741 suis
1733 713 1841 744 disces·

340 772 437 801 serat,
460 766 504 794 vel
531 765 662 793 ultimum
687 766 720 793 de
741 773 774 793 eo
796 765 864 800 quid
888 765 1071 799 innotuerar3
1100 763 1142 792 sic
1169 764 1322 799 prudenter
1342 763 1398 798 ipsi
1424 769 1485 792 art.
1508 772 1570 791 ιω.
1592 764 1713 792 inscruit
1736 765 1817 794 verba
1828 774 1843 795 :-

337 827 376 845 αα
393 817 466 852 jour
489 816 523 844 de
541 825 574 844 sa
599 815 774 853 dispariliori
800 807 889 852 (5),Ι
916 822 946 842 ut
971 815 1048 842 hisce
1070 822 1182 842 omnem
1206 813 1414 842 dubitationem
1443 814 1568 842 tolleret.

377 867 528 904 Quidquid
553 873 645 894 auttm
669 875 702 894 cx
723 867 802 894 hisce
823 865 1043 894 Delvincurtius
1068 865 1124 900 (p.
1143 873 1216 901 344,
1238 863 1325 900 init.)
1340 871 1367 892 ct
1387 863 1574 892 Proadhonus
1592 865 1647 902 (p.
1670 867 1762 902 153.)
1781 874 1848 896 mo>-

339 925 466 947 ntentum
492 918 622 946 accedere
645 922 746 952 putent
767 915 941 950 sententiae,
972 924 1054 951 quarn
1078 914 1184 950 passim
1216 914 1405 949 profitentur,
1435 915 1590 943 Absentem
1613 916 1677 945 scil.
1702 923 1847 955 mortuum

341 970 448 998 censeri
472 977 506 996 ex
527 977 585 1004 quo
609 967 792 1001 discesserit,
819 973 868 994 aut
889 965 1009 994 ultimus
1033 966 1067 994 de
1091 973 1124 992 eo
1153 963 1273 992 nuntius
1297 964 1401 992 allatus
1424 963 1528 1001 fuerit,
1557 966 1627 994 illud
1651 975 1747 996 nostra
1769 977 1847 998 nunc

340 1028 401 1048 non
429 1019 535 1052 refert,
555 1027 621 1047 cum
646 1019 675 1046 in
699 1018 775 1045 Sect.
792 1025 856 1052 seq.
888 1016 936 1044 ubi
962 1017 996 1044 de
1018 1023 1116 1044 natura
1135 1022 1162 1042 et
1187 1014 1282 1042 indole
1306 1014 1390 1050 hujus
1416 1017 1613 1050 possessionis
1631 1016 1772 1047 bonorum
1793 1027 1850 1048 sera

343 1078 393 1099 mo
409 1071 479 1104 erit,
504 1068 598 1104 aptior
614 1068 697 1096 locus
719 1068 856 1096 videatur.
898 1066 1025 1095 Sufficiat
1046 1073 1113 1102 ergo
1134 1065 1232 1101 paucis
1259 1063 1418 1100 indicasse,
1441 1074 1513 1101 quae
1527 1074 1630 1103 sponte
1645 1077 1679 1096 ex
1698 1069 1752 1097 hoc
1770 1078 1847 1105 prin·

317 1116 319 1119 ’
343 1121 422 1158 cipio
445 1121 626 1154 derivantur,
655 1119 719 1147 scil.
742 1118 820 1153 quod
846 1117 947 1145 attinet
969 1117 1102 1151 heredes,
1132 1115 1239 1151 quibus
1267 1115 1354 1152 hujus
1378 1117 1572 1155 possessionis
1600 1119 1739 1154 petendae*
1758 1119 1849 1150 facul-

345 1179 391 1201 tas
411 1176 572 1206 competere
596 1176 713 1205 posset:
743 1169 829 1204 idque
851 1169 946 1197 eodem
969 1168 1118 1203 exemplo,
1141 1166 1219 1202 quod
1241 1172 1357 1201 uterque
1378 1166 1399 1194 l.
1423 1167 1444 1195 l.
1466 1167 1564 1203 affert,
1591 1169 1734 1198 illustrare
1757 1171 1850 1202 liceat.

383 1222 518 1256 scilicet,
540 1221 565 1249 si
589 1220 731 1255 Absenti,
753 1228 817 1247 cum
840 1228 855 1247 a
883 1219 945 1247 suis
966 1219 1152 1252 discesserat,
1175 1217 1298 1252 proximi
1321 1217 1434 1245 heredes
1455 1218 1488 1246 ab
1514 1218 1649 1248 intestato
1674 1221 1858 1252 exstitissent*

352 1275 411 1303 duo
433 1273 535 1300 fratres
561 1271 725 1307 patrueles,
748 1269 808 1298 sive
832 1269 925 1305 patrui
951 1269 996 1297 sui
1020 1268 1093 1303 filii,
1122 1268 1255 1296 alteruter
1274 1274 1367 1296 autem
1390 1267 1487 1297 liberis
1510 1269 1618 1298 relictis
1644 1279 1708 1300 ante
1735 1273 1863 1302 declara-

346 1331 403 1353 tarn
429 1322 597 1352 Absentiam
623 1327 754 1349 mortuus
777 1319 898 1355 fuisset,
922 1329 957 1348 ex
981 1313 1043 1348 art}
1069 1327 1129 1347 120.
1159 1319 1297 1353 patruelis
1323 1326 1488 1353 superstes,
1509 1327 1536 1347 et
1557 1321 1673 1349 alterius
1698 1322 1777 1351 liberi
1805 1332 1854 1359 pa.

347 1375 417 1405 riter
439 1375 653 1403 admitterentur
675 1373 709 1399 ad
733 1371 898 1399 missionem
923 1371 1088 1406 petendam,
1120 1369 1254 1403 quoniam
1284 1376 1400 1404 uterque
1429 1375 1556 1404 tempore
1581 1379 1640 1406 quo
1664 1371 1769 1401 abierat
1791 1374 1858 1402 Ab-

350 1435 441 1460 sens,
459 1426 506 1462 jus
524 1423 692 1452 succedendi
711 1422 874 1457 habuisset,
896 1423 1024 1456 adeoque
1048 1420 1117 1448 alter
1135 1420 1271 1455 patruelis
1295 1419 1417 1447 moriens
1436 1420 1505 1448 illud
1528 1423 1736 1451 transmisisset
1763 1423 1792 1452 in
1817 1425 1852 1453 Ιί-

328 1475 330 1478 ’
350 1477 457 1506 beros:
486 1483 550 1503 cum
578 1475 603 1502 si
626 1480 736 1502 tantum
761 1473 994 1505 admitterentur,
1027 1470 1076 1506 qui
1099 1477 1225 1505 tempore
1246 1470 1401 1497 declaratae
1426 1471 1579 1500 Absentiae
1604 1472 1718 1502 heredes
1742 1474 1858 1511 forent,

351 1527 436 1557 liberi
455 1525 673 1554 excluderentur
696 1532 711 1551 a
735 1523 855 1559 patrueli
881 1523 1052 1558 superstite,
1077 1527 1209 1555 tanquam
1231 1528 1365 1555 prox-imo
1386 1528 1573 1556 successore,
1597 1531 1684 1558 quum
1709 1533 1743 1552 eo
1769 1534 1860 1562 usque

351 1587 410 1608 non
433 1577 597 1605 k‚Hendatur
621 1575 670 1611 jus
695 1573 973 1609 repraesentationis.
1020 1571 1175 1605 Similiter,
1207 1571 1232 1598 si
1256 1571 1412 1604 alteru-ter,
1438 1571 1526 1599 nullis
1558 1573 1672 1608 quidem
1696 1576 1794 1605 liberis
1817 1585 1858 1605 re-

351 1628 452 1662 lictis,
473 1626 643 1654 decessisset
659 1631 723 1653 autc
743 1625 908 1652 declaratam
938 1622 1126 1656 Absentiam,
1148 1614 1338 1655 sed'licredm
1361 1624 1422 1649 sive
1446 1622 1581 1657 legatario
1601 1624 1752 1653 universali
1776 1622 1861 1655 ins'ti·

353 1686 440 1715 tuto,
468 1678 542 1706 idem
572 1676 733 1711 obtineret,
761 1682 788 1703 et
811 1674 878 1703 hinc
901 1683 985 1703 omne
1008 1681 1092 1702 suum
1119 1672 1343 1709 patrimonium,
1371 1672 1499 1708 adeoque
1523 1681 1550 1701 et
1572 1675 1621 1711 jus
1645 1679 1859 1711 possessionem

1816 1727 1889 1758 bo·.

381 1805 437 1834 (3)
460 1805 504 1827 Vid
530 1804 694 1831 Detm‘ncoun,
709 1803 732 1825 in
749 1808 798 1825 not.
814 1809 826 1829 ς
852 1811 874 1832 p.
888 1809 935 1829 344.
953 1809 976 1825 et
991 1802 1161 1830 Spangenberg,
1177 1803 1205 1824 ad
1226 1807 1266 1825 re.
1285 1807 1325 1823 vo
1355 1805 1406 1823 not.
1423 1805 1440 1823 r.
1458 1801 1480 1822 in
1497 1801 1512 1823 f.

391 1847 442 1873 (a)
465 1848 514 1868 vid.
534 1846 607 1869 Idem.
623 1847 650 1867 ad
670 1850 709 1866 nrt.
728 1851 774 1870 ¹40·
794 1850 841 1866 not.
859 1851 864 1865 ι
886 1850 894 1870 ;
911 1850 1004 1866 atunnen
1025 1845 1155 1871 distinctio,
1172 1849 1236 1870 quaxn
1260 1843 1294 1863 nic
1314 1842 1420 1865 admittit.
1443 1848 1487 1862 non
1505 1841 1561 1863 [ντί
1579 1841 1669 1868 quidem
1690 1844 1795 1864 momenti
1814 1849 1861 1866 osse

355 1886 460 1911 vinctum
477 1893 572 1912 utroque
586 1885 644 1906 enim
660 1886 682 1906 in
700 1892 751 1907 casu
770 1892 827 1907 uxor
849 1886 969 1908 succa-«ier.
987 1892 1036 1908 cnm
1057 1892 1073 1906 si
1094 1885 1148 1905 nulli
1171 1886 1266 1904 existant
1287 1884 1380 1904 heredes
1400 1883 1456 1903 infra
1476 1885 1570 1907 graiium
1586 1884 1760 1912 duodecimam,
1783 1889 1829 1907 mm
1844 1882 1864 1908 d

355 1930 428 1950 ndum
442 1942 449 1953 ,
466 1928 504 1947 scd
527 1928 556 1946 ob
579 1926 642 1946 aliam
664 1932 763 1947 caussam
778 1928 929 1949 successionis
949 1933 994 1950 non
1014 1928 1058 1949 sint
1078 1933 1112 1954 ιι,
1121 1931 1170 1947 aces
1186 1925 1307 1947 secundum
1329 1928 1378 1946 am.
1391 1928 1524 1951 725—727.

390 1970 443 1995 (5)
470 1966 518 1989 xiil.
538 1967 624 1993 Lanae,
645 1974 667 1994 p.
685 1974 739 1995 ⁸91,
755 1972 789 1994 sq.
