1913 2417
271 170 310 200 ⁴4
639 150 1467 188 G.c.ss.>sUR1NGAR›·

278 249 344 278 tot,
372 247 428 270 tam
457 248 473 268 a
495 247 526 268 se
546 237 667 269 invicem
692 238 823 271 diversa,
843 233 986 272 principia
1006 237 1154 266 continere
1177 237 1349 276 possem),
1373 237 1424 267 sed
1445 235 1621 273 secretione,
1644 235 1675 266 in
1693 234 1793 273 planta

282 294 349 331 ipsa
371 291 549 329 peragenda,
571 289 757 319 elaborandos
781 295 855 316 esse.

322 352 350 373 2.
384 344 430 372 Ad
450 343 551 370 asserti
574 341 663 378 hnjus
683 340 829 369 veritatem
857 338 1102 368 demonstrandam
1127 339 1239 377 egregie
1270 339 1351 368 etiam
1384 339 1494 368 faciunt
1517 339 1679 369 insitiones,
1718 338 1799 367 Alie·

285 402 342 426 nus
366 402 481 428 ramus,
502 392 596 421 arbori
625 391 672 420 alii
697 390 824 425 insitus,
855 396 941 425 atque
964 390 1035 419 adeo
1060 399 1125 419 cum
1152 392 1204 420 hac
1224 391 1322 419 eodem
1343 390 1478 419 alimento
1500 390 1625 418 terrestri
1647 389 1795 426 nutritus,

286 453 380 475 tamen
405 445 490 480 longe
513 443 566 472 alia
585 442 726 479 principia
755 441 887 475 exhibet,
919 441 1005 477 longe
1032 442 1104 470 alios
1133 442 1267 470 humores
1294 449 1442 477 secretos,
1471 450 1556 478 quam
1576 441 1681 477 arbor,
1708 448 1798 476 quae,

288 497 320 525 in
340 496 404 531 sui,
426 501 453 523 et
478 495 558 524 insiti
579 494 669 529 rami,
691 500 797 528 usum,
817 492 982 521 alimentum
1009 500 1023 520 e
1046 499 1117 521 terra
1139 492 1285 529 absorpsit
1311 494 1390 530 (2).
1431 492 1462 522 Si
1487 492 1592 528 salici,
1617 499 1648 520 ut
1668 493 1799 528 exemplo

289 554 371 582 utar,
393 547 504 576 inseras
531 553 640 574 ramum
666 543 818 581 Amygdali
839 543 987 579 persicae,
1007 550 1076 579 post
1097 551 1203 571 annum
1226 543 1255 572 in
1272 544 1322 572 illa
1339 543 1467 572 invenies
1489 544 1629 579 liquorem
1653 551 1802 579 amarum,

289 599 320 628 in
344 598 432 635 hujus
456 605 524 626 vero
555 605 633 625 ramo
663 596 803 631 liquorem
827 594 1036 629 aromaticum,
1063 594 1158 622 oleum
1186 595 1345 623 aethereum
1370 596 1589 624 continentem:
1615 602 1704 630 quum
1729 603 1799 624 vero

289 650 358 678 haec
380 647 475 677 omnia
497 655 532 676 ex
553 647 651 675 eodem
675 646 759 675 fonte
781 646 931 680 oriantur,
961 644 1067 673 Salicis
1098 653 1200 681 nempe
1230 645 1375 675 radicibus
1400 645 1628 681 absorbeantur,
1654 646 1690 674 ad
1710 653 1804 675 secre-

290 700 420 735 tionem,
443 699 473 727 in
497 697 590 727 Salice
608 704 635 726 et
658 696 813 734 Amygdali
836 696 961 732 persicae
981 704 1058 724 ramo
1081 696 1243 732 diversam,
1267 696 1494 725 concludendum
1516 701 1571 725 est.

330 746 419 788 Quod
442 755 534 778 autern
560 748 630 777 folia
656 748 824 783 liquorum,
854 755 906 783 per
930 748 1058 783 plantam
1086 753 1304 782 resorptorum,
1333 746 1485 776 secretioni
1506 747 1716 784 instituendae,
1741 747 1805 777 sive

290 801 419 831 coctioni
441 800 587 835 alimenti,
609 799 652 827 uti
674 799 860 836 Malpighius
887 798 956 835 (3)
977 805 1005 825 et
1025 797 1154 827 Grewius
1173 798 1239 834 (4)
1261 798 1318 834 J'am
1341 798 1496 833 dixerunt,
1523 798 1699 834 inserviant,
1727 806 1805 829 nunc

296 851 369 880 mihi
396 850 574 887 probandum
600 858 703 885 sumo,
725 850 901 879 indicaturus
930 848 1004 877 hanc
1028 848 1213 877 secretionem
1238 857 1253 876 a
1277 849 1494 884 parenchumate
1519 848 1656 878 foliorum
1680 849 1806 882 institui.

291 902 387 931 Primo
411 902 502 938 igitur
526 901 743 930 monstrandum
768 907 831 937 est,
852 900 1003 936 liquores,
1025 907 1077 937 per
1105 899 1213 929 radices
1237 906 1265 929 et
1290 899 1361 929 folia
1384 899 1562 938 absorptos,
1590 900 1625 930 ad
1647 901 1806 940 parenchy-

293 960 339 983 ma
361 952 509 990 pervenire
532 951 662 989 illudque
684 951 798 982 intrare.

996 1031 1025 1067 §-
1066 1038 1094 1066 a·

455 1108 524 1144 Ea,
546 1115 621 1147 quae
635 1113 693 1146 per
713 1106 828 1137 radices
845 1111 873 1136 et
885 1106 966 1144 filia
986 1106 1195 1144 absorbentur,
1215 1111 1369 1137 transeunt
1389 1107 1434 1138 ad
1441 1108 1651 1147 parenchyma.

334 1185 434 1224 Quum
463 1186 569 1222 duplex
598 1191 693 1222 pateat
716 1186 784 1221 via,
811 1186 870 1221 qua
903 1184 1031 1221 liquores
1056 1190 1115 1215 rete
1135 1184 1322 1214 vasculosum
1339 1205 1350 1221 ,
1379 1186 1548 1222 plerumque
1576 1187 1716 1216 sceletum
1743 1185 1812 1217 folii

299 1236 430 1273 dictum,
451 1237 672 1274 ingrediuntur,
694 1237 780 1266 altera
803 1245 819 1266 e
843 1237 938 1272 terra,
960 1234 1096 1273 quamdiu
1119 1236 1299 1272 plantarum,
1322 1235 1431 1265 lumine
1453 1237 1540 1266 solari
1557 1238 1812 1273 collustrata-um,

298 1288 409 1317 radices
422 1287 598 1323 absorbent,
619 1288 704 1316 altera
723 1295 757 1317 ex
778 1287 1011 1323 Atmosphaera,
1033 1286 1170 1323 quamdiu
1186 1286 1405 1322 vegetabilium,
1424 1287 1489 1316 luce
1503 1287 1727 1323 destitutorum,
1743 1286 1816 1317 folia

298 1337 412 1371 liquida
437 1339 515 1368 varia
534 1338 684 1372 inhalant,
706 1337 872 1373 quaeritur,
895 1338 967 1373 quid
992 1338 1026 1366 de
1045 1337 1125 1365 hisce
1147 1336 1312 1372 liquoribus
1334 1336 1408 1366 fiat?
1439 1337 1479 1365 Hi
1504 1338 1650 1374 liquores,
1676 1338 1815 1366 sceletum

301 1386 441 1416 foliorum
461 1393 654 1423 permeantes,
678 1393 827 1417 transeunt
855 1389 890 1416 ad
917 1396 1014 1417 eorum
1041 1387 1236 1424 parenchyma
1259 1387 1339 1424 (5).
1380 1387 1428 1416 Ad
1450 1387 1536 1426 hujus
1561 1388 1717 1418 sententiae
1734 1396 1819 1419 com·

298 1437 498 1474 probationem
519 1438 670 1474 sequentia
693 1437 798 1467 faciant
820 1439 1023 1475 experimenta.

345 1497 370 1518 1.
399 1489 465 1518 I-loe
489 1490 524 1518 ad
546 1489 662 1517 oculum
684 1496 820 1524 constat,
847 1489 872 1517 si
899 1489 1059 1525 plantarum
1082 1489 1227 1518 radicibus
1250 1489 1447 1518 absorbendus
1476 1489 1561 1518 detur·
1587 1490 1686 1526 liquor
1703 1492 1819 1521 colora-

306 1545 377 1577 tus3
397 1539 444 1576 hie
468 1540 544 1570 enim
560 1548 610 1577 per
627 1539 719 1569 caulis
740 1540 850 1577 lignum
873 1539 966 1577 pergit
982 1541 1019 1570 ad
1036 1540 1176 1577 petiolum
1188 1561 1200 1577 ,
1221 1546 1249 1569 et
1264 1540 1329 1569 inde
1344 1540 1379 1569 ad
1401 1546 1458 1569 rete
1475 1541 1659 1571 vasculosum
1679 1541 1765 1578 folii,
1786 1541 1818 1571 in

1766 1599 1823 1622 cu·

302 1674 347 1697 fliz
363 1675 439 1700 planta
458 1677 512 1698 nllns
534 1682 548 1698 e
566 1681 625 1699 terra
646 1677 778 1699 absorbeam
802 1674 863 1699 conf.
884 1675 922 1697 Du
940 1675 1030 1702 Hamel,
1053 1674 1116 1698 Tom.
1130 1676 1159 1698 11.
1183 1679 1231 1703 paen
1248 1675 1317 1703 207.)
1335 1675 1396 1698 haud
1417 1673 1474 1697 levis
1493 1672 1601 1697 momenti
1614 1679 1744 1702 argumenta
1766 1673 1817 1702 pri-

306 1718 343 1737 ma
362 1717 436 1739 frome
458 1717 548 1740 militari
567 1718 654 1742 videri.
677 1724 724 1740 non
745 1719 881 1740 diffitendum
901 1722 948 1738 est:
972 1718 1028 1738 haec
1046 1724 1102 1739 vero
1124 1723 1251 1744 argumrntn
1270 1722 1314 1738 non
1336 1717 1404 1743 magni
1425 1723 1474 1739 esse
1493 1716 1616 1743 ponderis&
1636 1715 1735 1738 ostendit
1750 1715 1823 1739 noct.

306 1755 416 1783 Vitringa
438 1759 519 1779 Gauron
538 1759 554 1782 t.
574 1765 593 1782 c.
624 1765 675 1787 pag,
688 1761 797 1786 74—87,
818 1758 855 1780 nbi
876 1760 965 1786 egregie
989 1764 1132 1785 argumenta,
1158 1760 1188 1781 ad
1208 1759 1299 1780 illorum
1322 1758 1454 1780 sententiam
1480 1757 1670 1785 comprobandum
1688 1757 1824 1785 proposita,

307 1797 422 1820 relutavit.

335 1839 388 1866 (α)
410 1837 463 1860 vid.
489 1839 566 1860 Vrolt'k
586 1840 601 1860 1.
622 1846 642 1863 e.
662 1846 705 1868 με
728 1846 763 1867 41.
795 1839 905 1866 Virra‘ngta
926 1839 1004 1860 Coalan
1025 1840 1041 1862 1,
1060 1846 1078 1862 c.
1100 1847 1150 1868 pag.
1171 1842 1208 1863 ει,
1242 1840 1340 1866 Reliqua
1359 1839 1424 1865 hujus
1443 1839 1572 1861 noetis-imi
1592 1838 1650 1863 viri,
1669 1838 1821 1863 secretionem

309 1880 434 1907 plantarum
454 1885 515 1901 extra
534 1881 623 1903 dub'vm
644 1882 768 1908 punem-in.
784 1881 953 1908 experitur-nte,
975 1887 1032 1907 quae
1054 1881 1069 1902 1.
1089 1887 1106 1903 c.
1128 1888 1150 1908 p.
1167 1883 1193 1908 ⁸7
1208 1887 1271 1909 seqq.
1293 1881 1452 1908 inveniuntur,
1466 1879 1583 1903 brevitatis
1602 1879 1673 1907 enti·
1690 1879 1765 1903 mittu-

337 1919 387 1946 (3,
413 1921 462 1942 Vid.
491 1922 557 1941 Mare
587 1922 729 1947 Illalsr'ghii,
756 1924 863 1942 Anarnme
884 1922 1016 1942 plumarum
1039 1922 1052 1943 Ι,
1068 1928 1088 1945 t.
1106 1928 1155 1949 pag.
1171 1927 1204 1948 54.

336 1960 388 1987 (4)
409 1960 460 1983 Vio.
482 1962 600 1981 Auru-»mie
623 1962 658 1981 der
682 1963 792 1989 Pla-rtet,
810 1967 854 1989 pu
874 1962 964 1984 Nahum.
986 1963 1052 1984 Grew
1075 1967 1116 1984 nc.
1139 1970 1189 1990 mg.
1204 1969 1249 1992 ¹⁴⁴-
1272 1961 1341 1986 Leide
1355 1963 1426 1990 16⁸⁵,
1440 1967 1479 1985 u.

338 2000 389 2029 (ι)
410 2001 530 2022 Scuubr'er
550 2002 565 2025 l.
583 2008 604 2026 c.
623 2004 690 2027 Tom.
706 2003 723 2026 1.
745 2009 794 2031 paz.
807 2008 850 2031 430
869 2004 895 2026 ln
911 2003 974 2032 fine,
993 2009 1034 2034 ⁴3¹
1055 2008 1081 2026 en
1096 2009 1147 2032 44¹·
