1913 2417
321 207 341 238 s
746 209 782 240 c,
835 209 871 238 n.
926 206 1353 246 EssERsssAcn‚

310 307 462 339 bendere
487 306 634 342 solemus.
680 307 767 347 Quid
795 306 974 338 faciendum
997 308 1037 338 sit
1063 307 1210 347 homini,
1240 308 1319 351 qnid
1344 307 1574 348 omittendum,
1605 308 1787 352 quibusque

321 364 362 395 de
387 365 505 402 causi53
527 375 609 406 qnae
628 364 670 395 sit
695 363 900 406 singulorum
921 362 1105 394 officiorum
1133 370 1278 395 accurata
1300 367 1407 403 notio,
1439 376 1505 408 quo
1534 377 1617 397 nexu
1646 377 1682 396 ea
1707 367 1788 404 inter

322 432 355 452 se
389 421 589 463 jungantur,
622 427 789 463 partesque
820 430 979 462 congruas
1007 421 1204 452 constituant
1239 422 1438 463 systematis,
1471 432 1535 464 qna
1566 423 1688 453 ratione
1719 421 1789 453 fieri

322 476 450 514 debeat,
468 485 515 508 nt
544 477 626 507 clare
658 487 695 507 ac
727 478 892 520 perspicue
922 484 1163 520 proponantur;
1186 490 1221 498 ·-
1261 476 1336 508 haec
1371 485 1401 509 et
1438 479 1596 520 ejusmodi
1627 479 1686 509 alia
1715 489 1786 509 mo-

323 540 466 564 mentum
496 532 640 571 iaciunt,
664 533 691 563 si
718 543 847 564 morum
871 533 1015 564 doctrina
1042 532 1288 565 fundamentum
1315 535 1482 566 universae
1511 534 1701 579 Theologiae
1730 534 1786 565 ha·

321 589 390 621 beri
413 588 516 621 debet.

365 648 484 688 Sponte
511 647 617 689 itaque
643 646 850 689 intelligitur,
874 647 1074 689 primariam,
1098 657 1232 690 eamque
1252 647 1528 689 diligentissimam
1549 658 1657 679 curam
1683 655 1715 679 et
1740 654 1785 679 at-

322 702 497 733 tentionem
529 702 590 733 sibi
621 713 766 745 poscere,
793 714 875 747 quae
909 703 1072 734 doctrinae
1104 703 1201 745 hujus
1231 704 1388 747 principia
1415 702 1584 741 dicuntur,
1607 705 1672 735 sive
1699 715 1787 735 sum-

322 770 391 791 mae
415 758 484 790 illae
511 757 665 789 formulae
687 769 724 790 ac
748 760 941 797 sententiae,
971 771 1009 790 ex
1037 759 1156 801 quibus
1175 759 1297 802 reliqua
1325 760 1435 791 omnia
1464 770 1545 791 nexa
1570 770 1605 791 ac
1638 771 1790 804 suspensa

321 822 407 848 sunt.
451 814 573 846 Deinde
598 814 772 846 videndum
800 823 862 854 est,
885 822 921 846 ut
947 815 1105 847 subtiliter
1135 822 1329 858 exponatur,
1364 827 1427 858 qua
1452 817 1573 847 ratione
1596 815 1709 848 officiis
1736 827 1784 847 sa·

323 872 440 910 asflat,
462 873 528 902 sive
551 883 617 914 quo
645 878 739 915 pacto
762 872 882 903 oriatur
905 872 1073 910 voluntas,
1104 872 1299 914 praestandis
1326 871 1441 904 officiis
1464 872 1597 911 idonea;
1627 879 1682 903 aut
1707 883 1789 916 quo-

325 928 422 960 modo
450 929 625 965 excitetur,
658 935 786 970 regatur
815 939 852 958 ac
879 927 1044 967 firmetur,
1077 929 1294 971 majoremque
1332 928 1435 960 indies
1467 930 1531 961 vim
1557 936 1786 972 consequatur;

323 984 590 1016 considerandum
616 985 727 1019 etiam,
759 984 839 1015 illud
870 986 975 1027 ipsum
1006 986 1039 1015 in
1074 985 1142 1015 aliis
1171 985 1240 1015 sieri
1272 984 1415 1022 tardius,
1450 986 1484 1016 in
1516 985 1585 1016 aliis
1608 986 1717 1021 citius:
1753 986 1788 1016 in

324 1041 394 1072 aliis
424 1039 564 1082 quodam
588 1039 687 1071 veluti
711 1041 880 1082 repentino
907 1047 1015 1077 motu,
1038 1041 1071 1071 in
1094 1040 1162 1070 aliis
1186 1052 1240 1083 per
1272 1041 1509 1083 gradationem3
1538 1041 1617 1073 alios
1642 1041 1704 1073 sibi
1729 1041 1788 1072 ho·

322 1108 394 1129 rum
417 1102 566 1127 motuum
596 1096 797 1127 internorum
822 1096 967 1127 conscios
988 1106 1074 1133 esse,
1105 1096 1183 1126 alios
1211 1096 1294 1126 nihil
1317 1104 1372 1128 aut
1404 1098 1512 1128 minus
1537 1103 1655 1129 attente
1679 1097 1786 1129 obser-

323 1164 415 1191 vare,
441 1154 474 1184 in
496 1152 558 1184 hoc
580 1152 761 1196 praevalere
787 1152 1054 1184 consuetudinem
1083 1152 1149 1184 sive
1174 1151 1292 1184 bonam
1319 1154 1385 1185 sive
1409 1153 1545 1192 malain,
1569 1154 1604 1184 in
1630 1153 1685 1185 illo
1706 1153 1788 1186 edu-

324 1210 458 1242 cationis
487 1208 626 1241 fructum
654 1210 823 1252 conspici3
852 1209 949 1252 hujus
977 1208 1071 1241 talem
1104 1220 1170 1240 esse
1201 1209 1440 1250 conditionem,
1473 1217 1509 1242 ut
1538 1210 1720 1254 frequenter
1748 1209 1790 1242 ab

325 1267 394 1299 aliis
421 1265 625 1310 pependerit,
648 1265 830 1308 alienaeque
863 1265 1022 1297 voluntati
1058 1265 1218 1297 obnoxius
1243 1266 1355 1306 fuerit,
1380 1266 1471 1298 illum
1500 1267 1647 1298 liberiore
1669 1273 1700 1298 et
1727 1267 1790 1299 lae-

326 1325 407 1356 tiore
430 1329 515 1354 sorte
538 1333 633 1353 usum
648 1345 657 1361 ,
690 1321 831 1353 indolem
863 1321 979 1353 habere
1003 1325 1104 1365 magis
1132 1323 1327 1365 ingenuam,
1357 1325 1574 1366 acrioremque
1599 1323 1718 1355 virium
1739 1324 1790 1355 in·

325 1382 501 1413 tentionem
525 1385 556 1409 et
578 1379 846 1410 exercitationem.
907 1381 986 1410 Haec
1023 1379 1131 1409 omnia
1159 1385 1320 1418 accurate,
1345 1379 1504 1411 subtiliter
1531 1386 1562 1411 et
1590 1379 1791 1412 Christianae

325 1437 474 1480 religioni
505 1435 750 1473 convenienter,
778 1435 973 1478 experientia
1005 1445 1130 1478 semper
1160 1435 1194 1465 in
1225 1435 1405 1467 subsidium
1439 1442 1566 1474 vocata,
1595 1442 1670 1467 sunt
1698 1447 1787 1467 mon-

326 1493 452 1527 stranda
475 1503 510 1523 ac
534 1491 707 1534 probanda.
759 1491 867 1530 Quid?
890 1491 978 1535 quod
1009 1491 1189 1522 doctrinam
1222 1502 1349 1522 morum
1385 1493 1418 1523 in
1445 1491 1631 1534 disciplinae
1655 1492 1789 1523 modum

326 1549 473 1583 tractanti
507 1559 573 1580 non
603 1549 704 1589 magis
735 1548 891 1579 virtutum
927 1557 1024 1590 quam
1055 1548 1208 1578 vitiorum
1227 1570 1236 1586 ‚
1258 1547 1383 1590 tquibns
1415 1546 1597 1578 officiorum
1626 1555 1791 1591 praecepta

327 1607 503 1643 violantur,
526 1604 606 1635 ratio
630 1611 678 1635 est
705 1603 859 1635 habenda.
906 1603 991 1643 Quid
1015 1603 1065 1640 ei,
1089 1603 1178 1646 quod
1197 1603 1320 1635 bonum
1344 1610 1376 1635 et
1400 1603 1571 1634 honestum
1604 1614 1791 1644 censemus,

327 1665 367 1695 sit
392 1661 611 1699 contrarium;
640 1671 697 1691 cur
728 1660 764 1690 id
794 1660 979 1703 improbum
1015 1666 1047 1691 et
1082 1659 1290 1691 inhonestum
1326 1659 1434 1690 haberi
1471 1659 1601 1698 debeat3
1623 1660 1790 1702 quomodo

330 1719 412 1750 idem
434 1715 637 1749 manifestum
662 1715 738 1754 fiat,
769 1723 800 1746 et
829 1715 1154 1747 animadvertentibus
1175 1721 1301 1758 pateat3
1332 1717 1406 1747 haec
1431 1716 1538 1746 omnia
1559 1725 1597 1746 ex
1619 1717 1676 1746 Dei
1695 1723 1791 1759 atque

331 1774 472 1806 hominis
498 1779 632 1811 natura,
663 1783 701 1803 ex
726 1771 804 1814 legis
833 1772 1015 1810 sanctitate,
1036 1782 1076 1803 ex
1103 1772 1259 1804 Creatoris
1281 1772 1520 1816 sapientissimis
1549 1771 1690 1803 consiliis
1714 1779 1792 1805 sunt

328 1829 514 1868 derivanda,
540 1836 634 1872 atque
658 1827 822 1860 evidenter
843 1828 1074 1861 constituenda.

373 1887 517 1929 Denique
548 1885 721 1928 significari
754 1884 871 1923 debet,
900 1885 1066 1928 quomodo
1099 1885 1180 1917 mata
1212 1884 1280 1915 tolli
1312 1884 1363 1916 vel
1387 1885 1506 1923 arceri,
1536 1884 1621 1916 bona
1645 1884 1791 1927 adjuvari

329 1954 365 1975 ac
385 1942 568 1974 confirmari
595 1943 743 1983 possint3
776 1940 874 1972 officii
901 1941 1040 1973 subsidia
1067 1949 1099 1973 et
1123 1952 1237 1973 eorum
1261 1941 1512 1973 accommodatio
1543 1948 1618 1972 sunt
1644 1941 1788 1973 indican-

329 2000 386 2038 ‹123
408 1999 540 2042 ejusque
565 1998 820 2030 convenientiam
848 2009 923 2031 cum
957 1998 1065 2032 diviua
1090 1998 1270 2038 voluntate,
1299 2009 1381 2041 quae
1405 2005 1437 2029 et
1462 1997 1583 2029 ratione
1604 2003 1636 2029 et
1660 1997 1789 2040 religio-

1756 2063 1800 2086 ne
