1913 2417
359 149 638 182 RESPONSIO
666 150 1122 189 tin-QUAESTIONEM
1141 151 1571 184 PHILOSOPHICAM.
1689 163 1730 194 -97

205 234 356 271 phorum,
385 234 766 271 praeeipuecon-ffitorum,
794 241 915 271 natura,
945 234 1062 271 indole,v
1090 235 1239 272 ingenitas
1269 235 1344 265 Sunt
1376 234 1466 272 igitur
1497 236 1531 264 ab
1565 236 1616 265 hac
1651 245 1728 273 parte

211 287 410 315 considerandi
443 293 563 314 statores
593 294 624 314 ac
659 286 746 314 duces
771 287 957 322 Academiae,
986 293 1013 315 et
1038 288 1192 322 conditor,
1221 288 1384 323 reliquique
1408 288 1554 324 principes
1579 288 1725 324 Sceptici-

208 338 283 372 smi3
313 338 387 365 unde
417 344 530 373 pateat,
563 338 665 366 horum
689 338 817 366 virorum
852 338 990 367 diversam
1024 345 1152 367 naturam
1170 359 1180 374 ,
1209 339 1358 375 indolem,
1386 339 1555 375 ingenium,
1584 340 1725 369 diversam

209 376 334 424 quoque*
354 388 557 424 philosophiae
579 389 716 417 rationem
741 391 856 425 gignere
879 389 1023 418 debuisse.

207 463 224 469 ,,
245 439 410 469 Arcesilam
432 447 532 467 natura
557 440 733 469 instruxerat
756 439 884 468 mirificis
909 441 945 468 ad
974 441 1287 476 dicendumdotibus,
1318 449 1487 478 summaque
1512 440 1589 469 acuti
1618 441 1725 477 ingenii

202 490 332 527 agilitate
359 497 387 518 et
417 491 570 518 celeritate.
621 491 705 519 Unde
734 492 829 520 mirari
860 499 919 521 non
952 491 1052 526 subit,
1082 491 1188 520 mediae
1217 493 1386 521 Academiae
1417 499 1562 521 auctorem
1595 493 1725 528 philoso-

196 542 301 578 ,phiam
329 541 522 576 eloquentiae·
541 542 631 578 magis
661 543 841 578 subjecisse,
874 551 958 579 quarn
985 543 1168 579 praefecisse.
1217 544 1263 573 Ex
1299 552 1358 579 quo
1390 544 1569 580 eloquentiae
1603 544 1722 580 fastigio

205 601 317 622 manare
342 592 461 628 debuit,
492 593 576 622 utin
602 594 784 623 Academiam
817 595 952 630 irreperet
985 594 1098 623 dicendi
1130 595 1282 630 studium,
1309 596 1388 632 quod
1418 595 1502 624 unice
1532 602 1722 631 occuparetur

200 644 231 673 in
258 643 444 681 profligandis
462 645 652 681 adversariis,
682 652 709 674 et
733 646 871 675 victoriae
894 646 998 674 laureis
1027 646 1189 682 captandis.
1229 647 1335 676 Eadem
1360 654 1475 676 naturae
1500 646 1624 676 felicitas
1646 647 1722 676 Car—

201 695 320 724 neadem
350 702 500 724 ornaverat
530 696 688 732 majoribus
719 697 802 725 etiam
833 697 946 725 dicendi
981 697 1148 733 ingeniique
1181 699 1350 734 praesidiis:
1380 698 1408 727 et
1432 699 1539 727 *eximia
1570 698 1721 727 facundiae

199 753 229 777 et
250 746 392 775 acuminis
417 747 462 775 vis
484 748 579 783 viguit
598 748 628 776 in
655 748 788 777 Philone.
828 749 920 784 Igitur
951 748 1105 777 Academia
1135 749 1170 777 ad
1198 748 1379 785 eloquentiae
1402 751 1566 786 quamdam>
1583 750 1719 778 exercita·

184 798 309 828 vtionem
340 799 622 834 ostentationemque
648 806 693 827 est
723 806 876 834 conversa,
905 799 921 828 a'
952 800 1146 828 meditationis
1174 808 1243 829 vero
1272 800 1434 829 intentio‘ne
1451 809 1488 830 -et
1514 800 1717 837 philosophiae

197 849 338 885 gravitate
360 849 449 885 magis
470 858 585 878 aversa:
614 856 644 878 et
665 851 693 878 id
717 850 837 879 maxime
858 850 940 886 egit,
968 857 1000 878 ut
1031 851 1148 879 Stoicos
1173 851 1377 887 confoderet,
1396 852 1635 887 quemadmodum
1656 851 1717 879 fere

194 908 346 929 causarum
370 906 510 935 patronus
532 906 613 929 totus
639 901 670 929 in
695 909 729 930 eo
750 907 814 936 est,
847 907 879 928 ut
908 901 1081 930 celebritatis
1102 902 1302 939 triumphique
1331 903 1429 931 laudes
1459 910 1595 939 reportet.
1634 902 1716 941 Quae

193 959 281 980 causa
308 951 389 980 etiam
413 951 527 986 valuit,
559 957 591 980 ut
612 959 768 987 numquam
791 953 957 981 Academici
989 953 1192 983 adscenderent
1221 955 1256 983 ad
1279 954 1443 991 scepticum
1468 954 1554 983 animi
1584 959 1713 988 statum,

193 1008 338 1037 tamquam
367 1008 522 1031 extrem-um
550 1009 577 1030 et
608 1002 692 1030 finem
723 1003 928 1040 condendum,
957 1012 1018 1039 quo
1044 1005 1160 1033 cardine
1187 1005 1423 1033 Academicorum
1454 1005 1713 1040 Scepticorumque

193 1052 386 1088 discrepantia
409 1061 510 1090 magna
530 1060 611 1089 parte
632 1053 768 1082 vertitur.
806 1054 924 1083 Etenim
945 1055 1132 1090 Academici,
1155 1056 1190 1084 ad
1208 1056 1358 1084 dicendum
1381 1057 1459 1085 velut
1476 1055 1537 1084 nati
1559 1055 1710 1091 factique,

193 1103 225 1132 in
255 1103 436 1138 eloquentiae
465 1105 548 1133 laude
576 1112 660 1132 omne
686 1105 815 1133 studium
845 1113 1071 1141 consumentes,
1102 1106 1175 1134 intra
1206 1110 1283 1136 artis
1314 1107 1461 1143 Scepticae
1487 1107 1653 1136 exercitium
1675 1114 1708 1135 se

184 1154 399 1191 continebant,
419 1163 513 1191 neque
534 1155 608 1183 ultra
631 1155 805 1191 quaerebant
822 1157 914 1190 τέλους
939 1158 1089 1193 quamdam
1117 1158 1374 1194 constitutionemg,
1404 1166 1470 1186 cum
1498 1159 1615 1193 insuper
1641 1157 1708 1186 talis

189 1205 412 1241 philosophicae
437 1207 542 1242 quietis
565 1206 721 1243 severitas,
750 1208 862 1244 qualem
887 1208 1020 1238 afferebat
1043 1210 1206 1246 ἀταραξία,
1236 1218 1296 1238 non
1327 1209 1412 1238 facile
1443 1216 1544 1246 posset
1572 1208 1607 1237 ab
1633 1208 1699 1237 istis

185 1256 425 1286 Academicorum
447 1257 570 1295 ingeniis
593 1259 700 1294 expeti..

226 1307 390 1344 Pyrrhonis
410 1317 497 1345 vero,
529 1309 559 1338 in
581 1316 748 1345 perpetuam
772 1311 983 1340 meditationem
1009 1311 1132 1346 intenti,
1154 1318 1254 1341 natura
1276 1318 1304 1341 et
1332 1312 1478 1348 ingenium
1507 1311 1600 1347 magis
1630 1310 1705 1344 facta

185 1364 264 1387 erant
286 1359 325 1391 ad
347 1359 519 1395 philosophi
541 1360 707 1396 gravitatem
728 1366 757 1388 et
778 1363 1040 1397 tranquillitatem,
1061 1370 1155 1397 ,quam
1187 1363 1222 1391 ad
1243 1361 1356 1391 dicendi
1375 1364 1555 1399 splendorem
1568 1369 1602 1391 vet
1629 1362 1704 1394 cele,-

184 1409 330 1438 britatem.
372 1413 465 1446 Igitur
487 1409 586 1438 faciles
601 1411 769 1446 <explicatus
792 1413 894 1447 habet,
925 1414 1005 1448 quod
1028 1414 1089 1449 ejus
1117 1414 1248 1442 doctrina
1275 1414 1356 1442 aliam
1389 1417 1427 1442 sit
1454 1413 1701 1448 formam-nacta,

185 1466 272 1496 quam
298 1460 558 1496 Academicorum,
585 1463 675 1498 atque
696 1471 730 1491 ex
753 1465 906 1500 ἀταραξίας
935 1464 1109 1499 securitate,
1136 1465 1218 1492 velut
1250 1473 1267 1492 e
1292 1464 1408 1492 sedibus
1442 1465 1523 1499 suis,
1551 1463 1699 1499 prodierit.

182 1511 490 1542 Praetereamoderata
515 1519 542 1540 et
565 1514 689 1548 prudens
712 1515 923 1550 consideratio,
953 1515 983 1543 in
1006 1523 1062 1550 qua
1088 1515 1207 1552 Pyrrho
1231 1522 1341 1544 ornnem
1366 1515 1453 1543 vitam
1476 1515 1614 1551 degebat,
1640 1522 1699 1542 ma-

185 1563 230 1599 gis
252 1563 414 1592 absolutam
437 1571 464 1591 et
491 1566 666 1593 cumulatam
691 1565 860 1601 disciplinae
883 1564 1125 1595 ‘constitutionem
1157 1575 1256 1603 parere
1278 1573 1411 1603 poterat,
1441 1575 1525 1602 quam
1549 1565 1698 1594 Academi·

182 1622 282 1645 corum
303 1622 418 1651 pugnax
441 1615 614 1651 disputatio.
654 1616 739 1645 Unde
761 1617 885 1653 accidit,
915 1624 947 1646 ut
972 1617 1211 1653 philosophicum
1233 1617 1396 1655 Pyrrhonis
1419 1618 1586 1653 ingenium,
1615 1616 1695 1652 quod

179 1666 265 1701 plane
294 1674 380 1695 suum
414 1673 497 1703 erat,
534 1668 821 1698 consumatissimum
860 1669 1083 1706 Scepticismum
1114 1668 1282 1705 conderet,
1316 1669 1440 1705 suisque
1473 1668 1623 1706 principiis
1658 1675 1692 1697 ae

178 1716 374 1752 fundamentis
395 1718 536 1753 praeclare
557 1717 699 1749 fundaret.

217 1768 294 1798 Hinc
315 1769 506 1806 intelligitur,
528 1778 665 1806 quaenam
686 1770 866 1799 discriminis
886 1772 960 1800 inter
982 1771 1171 1800 Academicos
1194 1777 1222 1800 et
1255 1770 1407 1807 Scepticos
1435 1777 1529 1808 partes
1563 1770 1691 1799 tribuen-

176 1821 228 1850 dae
253 1821 311 1849 sint
342 1827 490 1850 auctorum
521 1821 643 1850 diversis
672 1822 798 1859 ingeniis
819 1829 856 1851 ‘et
882 1823 1011 1852 naturis:
1045 1824 1116 1852 alter
1142 1829 1295 1851 ⁴causarum
1323 1822 1392 1851 fons
1424 1822 1592 1859 aperiendus
1623 1828 1687 1857 est,

172 1871 358 1900 formationis
379 1878 407 1901 et
430 1872 637 1902 institutionis.

189 1943 193 1946 .
212 1922 610 1960 ArcesilasrmagrstroruQ
631 1914 671 1952 uti
699 1924 844 1960 vidimus,
872 1925 1056 1955 institutione
1076 1932 1148 1955 usus
1171 1932 1215 1955 est
1239 1928 1288 1960 ea,
1321 1932 1393 1961 quae
1420 1924 1550 1954 futurum
1573 1923 1684 1960 Scepti-

166 1980 236 2015 cum
265 1973 372 2010 optime
390 1974 559 2004 instrueret:
574 1975 631 2005 sed
652 1976 821 2007 veniendum
844 1982 888 2005 est
914 1977 969 2006 hoc
995 1978 1062 2006 loco
1088 1978 1204 2007 adeam
1229 1975 1429 2006 institutionis·
1449 1984 1576 2023 partem,
1608 1983 1680 2012 quae

993 2025 1026 2060 N
1131 2039 1146 2059 ’.
1367 2050 1369 2053 .
1432 2042 1434 2045 ’
1627 2027 1690 2061 At·-⁴
