1913 2417
301 164 584 197 RESPONSIO
607 171 659 204 Ax?
687 159 1046 200 QUAESTIONEM
1073 157 1497 189 PHILOSOPHICAM.
1630 168 1663 198 51

139 257 227 285 terat.
273 250 363 289 Quod
394 249 471 279 forte
507 254 682 278 momentum
703 245 796 274 adime
828 244 948 280 deerat,
975 249 1009 272 ut
1042 241 1120 271 omni
1144 241 1264 270 omnino
1296 241 1486 277 Dogmaticae
1515 243 1666 271 assertioni

143 303 252 334 bellum
283 302 433 331 Arcesilas
462 301 622 335 indiceret,
652 297 726 327 illud
758 303 935 325 momentum
967 293 1074 324 addidit
1100 302 1216 330 pugnax
1247 293 1402 322 insolentia
1427 293 1561 323 Zenonis.
1608 295 1665 323 Ze-

143 364 181 386 no
202 360 295 384 autem
320 361 385 382 cum
409 352 535 389 ejusdem
557 350 720 380 Platonicae
744 347 940 377 institutionis
962 347 1039 383 apud
1063 346 1256 375 Xenocratem
1275 351 1304 373 et
1328 345 1503 373 Polemonem
1526 345 1665 373 societate

141 414 211 436 cum
237 405 375 435 Arcesila
397 404 503 433 fuisset
532 401 731 438 conjunctus,
755 407 821 428 cum
852 400 953 428 exinde
981 399 1036 428 alia
1062 398 1185 433 libavit,
1213 404 1275 426 tum
1295 405 1315 433 a
1338 396 1461 426 Platone
1491 396 1666 424 abalienatus

141 463 206 495 est,
227 463 255 485 et
278 465 334 486 suo
357 455 496 492 ingenio,
516 459 543 482 et
564 452 771 482 consuetudine
795 452 954 489 Stilpom‘s,
975 450 1142 485 Heracliti,
1165 449 1292 478 Cratetis
1318 449 1398 485 (1).
1437 447 1586 476 Arcesilas
1611 447 1665 483 igi-

144 513 193 538 tur
215 514 314 536 mutua
340 507 461 543 quadam
485 504 674 534 aemulatione
703 503 734 532 in
758 502 900 532 Zenonem
929 502 1067 531 incensus
1089 501 1176 538 (2),
1197 500 1293 529 statim
1319 499 1355 527 ab
1378 498 1465 527 initio
1491 499 1552 535 ejus
1575 498 1604 526 in
1624 496 1666 526 af-

142 558 284 591 firmando
320 556 481 594 arrogantia
511 555 611 584 didicit
634 555 668 583 ab
694 555 773 584 omni
798 557 965 586 assensione
991 555 1106 593 longius
1136 563 1168 584 se
1192 561 1357 590 segregare:
1388 560 1513 588 cumque
1538 551 1611 579 illud
1632 558 1666 579 ex

143 610 269 643 Platone
292 610 456 645 hausisset,
486 615 587 644 parum
614 607 699 637 fidam
724 616 786 637 esse
811 617 948 638 sensuum
981 613 1147 637 nostrorum
1172 615 1203 634 ac
1233 605 1333 642 judicii
1362 603 1579 638 auctoritatem,
1607 603 1666 639 jam

141 663 179 692 ad
201 663 371 692 insolentem
394 659 522 689 Zenonis
545 659 691 688 audaciam
715 659 877 695 excitatus,
908 668 968 695 quo
994 657 1084 694 magis
1107 665 1139 686 se
1169 658 1203 685 ad
1224 663 1315 685 castra
1343 655 1435 684 Stoici
1464 654 1661 691 Dogmatismi

143 714 340 750 oppugnanda
369 711 576 748 convertebat,
603 720 637 740 eo
659 711 722 747 ipse
746 711 781 739 ad
810 719 924 739 omnem
950 709 1158 738 dubitationem
1187 698 1325 744 pronior,
1358 713 1464 743 atque,
1493 712 1525 734 ut
1554 706 1667 734 Nume-

142 767 210 797 nius
233 766 298 803 (3)
319 764 409 800 dixit,
433 770 507 802 pene
529 763 626 792 nullus
651 771 707 791 esse
737 764 838 800 coepit.
887 761 981 798 Igitur
1004 769 1070 789 cum
1097 760 1211 788 Zenone
1231 759 1287 788 sibi
1313 766 1396 787 omne
1421 763 1560 786 certamen
1584 757 1667 785 insti-

141 815 200 846 tuit
221 816 289 853 (4)
309 817 468 853 ἀντίτεχνον
493 815 540 845 καὶ
566 815 692 849 ἆξιόνικον
716 815 875 851 tin-cimona
897 815 997 850 θεωρῶν
1019 812 1109 849 (5),
1138 818 1204 838 cum
1228 809 1292 846 ipse
1321 810 1399 837 Zeno
1426 809 1522 837 minus
1548 808 1666 839 Arcesi.-

143 865 192 904 (αι
214 866 397 896 incursiones
423 865 608 899 confutaret,
630 872 714 900 quam
738 873 804 892 cum
827 864 952 897 Blatone
975 868 1090 891 mortuo
1122 861 1228 889 bellum
1256 866 1362 897 gereret
1386 860 1469 896 (6).

179 916 260 947 Hinc
284 918 352 946 haec
377 917 518 947 recentior
538 916 694 945 Academia
719 915 881 950 emanavit,
902 915 988 951 cujus
1012 912 1174 949 principia,
1192 911 1222 941 in
1253 910 1402 940 Platonica
1423 909 1671 947 philosophiajlla·

142 969 255 1003 tentia,
274 968 495 1005 Dogmatismus
523 967 681 1003 excitavit,
703 973 732 995 et
757 967 793 996 ad
814 974 845 994 se
863 964 1054 1002 jugulandum
1076 965 1176 993 elicuit
1197 972 1229 993 ae
1253 961 1435 996 confirmavit
1461 961 1541 998 (7).

179 1019 332 1049 Arcesilas
362 1028 430 1048 vero
461 1020 491 1048 in
517 1020 642 1047 Zenonis
666 1018 851 1046 affirmatione
885 1015 1055 1052 configenda
1089 1015 1328 1051 profligandaque
1360 1013 1444 1042 unice
1477 1018 1661 1049 occupatus,

141 1076 275 1107 magnam
300 1078 365 1099 cum
387 1069 597 1106 Pyrrhonismo
620 1069 822 1106 cognationem
845 1067 948 1096 habere
970 1067 1103 1099 videtur:
1126 1067 1206 1103 quod
1228 1073 1294 1094 cum
1319 1065 1424 1094 Sextus
1447 1063 1579 1098 censuit,
1601 1069 1661 1094 tum

139 1120 225 1151 etiam
256 1120 441 1156 Numenius,
471 1121 522 1157 qui
544 1121 611 1158 (8)
634 1121 665 1150 in
692 1119 864 1157 Pyrrhone,
892 1124 1037 1154 tamquam
1067 1117 1096 1146 in
1126 1117 1256 1146 omnium
1283 1125 1375 1145 rerum
1403 1115 1569 1150 eversione,
1601 1122 1665 1143 eum

136 1171 320 1210 acquievisse
351 1171 444 1208 dicit,
477 1178 507 1202 et
536 1171 691 1202 Mnaseam
715 1171 820 1208 tradit,
848 1176 876 1200 et
902 1169 1095 1200 Philomelam
1123 1175 1151 1198 et
1183 1168 1326 1198 Timonem
1357 1167 1508 1205 Scepticos
1533 1167 1666 1204 philoso-

1571 1217 1668 1255 phos,

168 1299 219 1328 (ι)
234 1299 328 1323 Numan.
346 1301 362 1324 1.
385 1302 402 1322 ι.
426 1306 446 1323 c.
459 1305 481 1328 5.
501 1304 586 1328 p.729.
606 1300 633 1324 B.
654 1302 681 1323 c.
710 1299 779 1326 Diog.
796 1299 845 1322 VH.
868 1305 895 1327 ι,
910 1305 937 1327 2,
951 1304 974 1325 3.
1109 1292 1163 1324 (2)
1178 1297 1273 1319 Numen.
1293 1295 1309 1318 1-
1331 1297 1348 1318 1.
1367 1303 1392 1324 p.
1406 1302 1455 1324 729.
1473 1298 1501 1320 c.

146 1340 293 1369 ’(3)1.ι.
314 1346 400 1369 1²·729-
416 1341 446 1363 D.
1223 1360 1226 1363 ,
1562 1351 1566 1354 .

169 1381 222 1409 (4)
235 1381 331 1403 Numen.
356 1382 372 1404 1.
390 1383 405 1403 ι.
426 1388 450 1409 p.
463 1386 514 1409 72⁹·
531 1381 559 1403 C.
579 1386 600 1405 c.
613 1380 636 1403 6.
659 1386 744 1408 p-731.
764 1380 793 1402 C.
814 1380 844 1403 D.
868 1387 893 1408 p.
907 1384 958 1407 733.
988 1379 1037 1402 cic.
1052 1380 1123 1403 Acad.
1137 1379 1156 1402 1.
1176 1385 1212 1403 12.
1232 1379 1263 1402 11.
1282 1379 1367 1405 2⁴„ad
1387 1378 1450 1405 th-
1470 1377 1508 1403 JX·
1530 1383 1568 1400 22·
1601 1401 1603 1403 .

146 1450 155 1455 ,
171 1424 226 1452 (5)
241 1422 335 1444 Numen·
353 1423 370 1444 1·
390 1423 406 1445 ¹·
424 1429 447 1449 p-
458 1427 508 1449 793·
528 1421 558 1443 Α·
673 1422 683 1447 (
693 1420 724 1445 6)
740 1420 834 1442 Numen·
855 1422 872 1443 1·
890 1422 906 1442 ¹·
928 1428 952 1448 p·
969 1426 1024 1447 732,
1039 1426 1089 1446 733-

174 1464 227 1494 (7)
243 1462 356 1489 Augum‘n
378 1463 430 1484 adv.
451 1463 523 1484 Acad·
543 1462 570 1484 ll.
596 1468 619 1484 e.
637 1462 658 1483 6.
688 1459 756 1487 Sim.
777 1469 801 1488 ρ.
823 1468 877 1484 noe.
921 1462 1032 1488 „Novae
1051 1460 1184 1483 Academiae
1205 1452 1326 1482 discidium
1351 1465 1398 1481 non
1424 1464 1468 1480 tam
1499 1463 1577 1480 contra
1602 1464 1664 1480 vete-

145 1521 165 1537 ,
178 1512 226 1529 rem
247 1510 400 1532 conceptum,
422 1509 487 1531 quam
509 1507 588 1524 eontra
608 1502 697 1524 Stoicos
716 1503 814 1524 arbitror
833 1508 883 1524 esne
905 1507 1051 1524 commotum.
1089 1503 1140 1523 Nec
1158 1503 1214 1524 ve‘ro
1232 1499 1351 1523 discidium
1379 1505 1413 1521 est
1433 1501 1568 1527 putandum,
1591 1500 1664 1527 siqui·

144 1561 164 1576 ,‚
178 1548 230 1570 dem
250 1553 262 1569 a
281 1546 366 1567 Zenone
387 1544 468 1567 illatam
489 1550 571 1566 novam
595 1545 752 1571 quaestionem
778 1543 872 1566 dissolvi
895 1543 1024 1571 discutique
1042 1543 1169 1571 oportebat.
1207 1542 1263 1564 Nam
1291 1543 1319 1563 de
1344 1547 1390 1563 non
1411 1540 1572 1568 percipiendo,
1589 1547 1667 1569 quam·

146 1603 166 1617 ‚,
179 1588 215 1610 vis
236 1587 303 1610 nullis
323 1585 528 1608 conflictationibus
548 1585 644 1613 agitata,
658 1585 761 1607 incolens
782 1590 853 1607 tamen
876 1585 944 1607 etiam
963 1591 1066 1607 veterum
1085 1583 1274 1607 Academicorum
1296 1589 1380 1606 mentes
1400 1583 1510 1606 sententia
1524 1589 1570 1604 non
1589 1583 1665 1610 inipu-

141 1644 161 1658 υ
176 1629 258 1651 denter
278 1627 403 1651 existimata
424 1632 464 1649 est-
502 1627 569 1654 Quod
589 1628 657 1648 etiam
677 1627 748 1653 ipsius
769 1625 885 1653 Socratis,
910 1626 1055 1651 Platonisque
1076 1631 1102 1647 ac
1128 1625 1267 1652 reliquorum
1288 1630 1392 1647 veterum
1412 1623 1545 1647 auctoritate
1566 1625 1662 1651 probatu

145 1684 166 1700 2,
179 1670 250 1692 facile
274 1674 324 1696 est,
351 1668 389 1695 qui
408 1674 434 1690 se
462 1669 569 1690 hactenus
597 1667 741 1690 crediderunt
769 1668 796 1689 ab
823 1673 899 1689 errore
919 1673 987 1694 posse
1009 1668 1116 1694 defendi,
1136 1668 1154 1689 si
1175 1673 1198 1688 se
1218 1665 1343 1698 assensionl
1365 1654 1415 1687 non*
1431 1671 1515 1686 temere
1537 1666 1661 1687 commisis-

144 1725 164 1739 „
178 1715 246 1736 seut;
267 1708 367 1737 quamvis
389 1709 505 1737 propriam
526 1708 554 1730 de
574 1710 615 1731 hac
636 1715 661 1730 re
681 1708 853 1736 disputationem
875 1707 897 1729 in
921 1707 1010 1730 scholas
1029 1715 1078 1731 suas
1099 1715 1146 1732 nou
1164 1703 1348 1734 introduxerint,
1370 1713 1412 1728 nec
1431 1704 1458 1730 ab
1480 1705 1525 1729 illis
1546 1702 1663 1729 enucleate

144 1748 164 1782 '„
180 1751 298 1780 aliquando
318 1751 444 1779 quaesitum
462 1751 504 1779 sit,
519 1751 607 1779 percipi
625 1757 669 1773 nec
687 1757 716 1774 ne
737 1751 820 1774 veritas
843 1750 922 1778 possit.
954 1751 1023 1779 Quod
1042 1756 1092 1772 curn
1115 1751 1173 1770 Zeno
1192 1751 1248 1772 rude
1264 1755 1291 1772 ac
1311 1755 1395 1772 novum
1418 1747 1546 1775 intulisset.
1569 1753 1661 1770 conteu-

145 1809 163 1822 ‚,
178 1795 285 1821 defetque
305 1792 360 1815 nihil
374 1792 464 1821 percipi
486 1798 570 1821 posse,
585 1793 628 1815 nisi
651 1794 711 1820 quod
731 1799 808 1815 verum
828 1794 858 1815 ita
879 1797 951 1818 esset,
971 1797 994 1814 ut
1016 1792 1161 1814 dissimilibus
1181 1791 1242 1814 notis
1266 1799 1279 1815 a
1300 1792 1357 1814 Falso
1380 1792 1563 1817 discerneretur,
1586 1796 1661 1818 neque

146 1848 164 1864 a
180 1835 336 1863 opinationem
362 1835 499 1857 subeundam
527 1842 577 1858 esse
603 1836 719 1864 sapienti,
740 1842 806 1864 atque
831 1834 854 1858 id
879 1834 995 1854 Arcesilas
1017 1835 1119 1861 audiret,
1142 1834 1232 1861 negavit
1256 1833 1386 1860 hujusmodi
1402 1834 1525 1863 ¹quicquam
1545 1837 1614 1860 posse
1634 1831 1662 1853 ab

141 1890 161 1904 „
175 1875 266 1898 homine
287 1876 396 1903 reperiri,
418 1882 491 1904 neque
516 1876 549 1899 illi
576 1877 689 1905 opinionis
713 1876 829 1903 naufragio
850 1877 955 1904 sapientis
974 1877 1156 1899 committendam
1175 1882 1227 1898 esse
1248 1876 1325 1898 vitam.
1363 1875 1429 1897 Unde
1450 1873 1517 1896 etiam
1537 1872 1663 1903 conclusit,

144 1932 162 1944 „
177 1917 233 1939 nulli
257 1918 290 1940 rei
311 1924 360 1939 esse
380 1919 555 1942 assentiendum.
593 1921 675 1942 Verum
698 1926 746 1942 cum
768 1920 799 1942 ita
820 1926 854 1942 res
875 1926 898 1941 se
918 1919 1027 1944 haberet,
1047 1922 1073 1938 ur
1098 1922 1159 1937 retur
1184 1916 1303 1938 Academia
1329 1916 1401 1942 magis
1425 1920 1493 1936 auem
1516 1921 1579 1940 qnam
1600 1918 1662 1940 oppu-

141 1972 160 1986 u
173 1962 244 1984 8¹¹⁶st
263 1959 393 1986 videmur,
409 1960 484 1982 extitit
503 1960 606 1980 Philoni:
626 1961 715 1985 auditor
729 1961 862 1984 Amtoclmr.
887 1967 931 1983 etc.
958 1960 1028 1983 Conf.
1046 1960 1093 1982 Cic.
1114 1958 1185 1982 Acad.
1199 1959 1227 1984 11.
1247 1963 1281 1986 35.
1304 1963 1361 1981 extr.
1381 1965 1405 1986 p.
1421 1959 1469 1980 180.
1488 1957 1542 1980 edit.
1562 1957 1618 1978 Dav.
1639 1958 1661 1976 et

141 1998 238 2023 omnino
258 1999 373 2027 augum„
393 2001 412 2024 ι.
426 2002 443 2024 ι.
466 2007 486 2026 c.
502 2007 524 2029 5.
545 2001 566 2029 §-
581 2006 615 2025 ιι.
781 2002 833 2031 (z)
854 2002 869 2023 ι.
888 2000 903 2023 1.
924 2001 982 2024 ωε.
1001 2009 1023 2030 p.
1036 2007 1086 2028 73¹-
1106 2002 1132 2024 A.
1152 2002 1178 2022 Β.

863 2042 942 2072 G2
