1913 2417
220 173 260 201 94.
491 168 537 200 G.
598 167 978 199 GROEN›vAn
1036 168 1464 201 PRINSTERER

227 249 267 277 let
295 249 552 280 administraretur.
602 252 676 282 Vere
702 253 775 281 enim
805 252 958 281 Telcclides
979 252 1049 290 (1)
1079 261 1137 282 eam
1171 254 1295 283 Periclis
1322 254 1480 291 potentiam
1509 260 1737 288 commem-irat,

228 305 383 336 totumque
407 302 557 338 imperium
593 312 681 339 penes
711 303 807 339 ipsum
835 311 898 332 esse
925 303 1018 338 dicit,
1046 304 1129 334 etiam
1155 306 1307 335 civitatum
1338 305 1446 335 tributa
1473 306 1597 343 (πόλεων
1618 305 1738 344 φόρους)

230 351 254 379 ei
278 352 378 381 tradita
403 362 465 382 esse
489 354 622 389 affirmat3
646 354 753 389 quibus
777 355 923 390 quomodo
951 363 1020 382 usus
1046 355 1083 383 sit
1107 356 1266 386 videamus.

268 402 434 432 Verisimile
461 410 522 440 est,
551 413 650 441 usque
677 405 711 433 ad
733 413 833 441 pacem
865 413 931 433 cum
962 405 1056 434 Persis
1086 405 1212 443 factam,
1238 408 1267 436 si
1298 416 1357 437 non
1380 415 1513 444 omnem,
1541 412 1570 436 at
1591 406 1741 436 maximam

232 459 306 482 certe
330 455 467 490 pecuniae
489 461 594 490 partem
619 456 648 484 in
669 449 898 492 belli'apparatu
919 463 1100 485 consumtam
1125 458 1234 487 fuisse:
1257 466 1359 496 postea
1379 467 1509 488 crescens
1534 459 1564 487 in
1589 458 1647 487 dies
1670 466 1745 486 aera-

231 504 324 539 rium,
346 512 452 541 utpote
475 506 505 534 in
527 506 588 535 otio
606 507 686 542 quod
706 506 768 535 fore
791 508 940 536 videbatur
959 508 1148 546 diuturnum,
1178 510 1240 538 sine
1269 510 1327 538 ulla
1352 510 1473 539 utilitate
1496 509 1615 546 jacebat.
1656 508 1744 546 Quod

233 563 324 590 quum
356 556 478 585 Pericles
503 556 690 594 intelligeret,
721 567 773 587 nec
798 559 913 588 aliunde
937 559 1007 588 satis
1032 561 1170 596 pecuniae
1193 561 1228 589 ad
1257 561 1334 590 cives
1362 561 1419 589 sibi
1444 560 1668 595 devinciendos,
1697 567 1746 587 ur-

231 606 352 642 bemque
385 607 520 637 aedificHs
548 609 702 638 ornandam
740 607 872 646 haberet3
902 609 1077 640 Graecorum
1103 611 1256 640 facultates
1284 612 1318 640 ad
1344 611 1563 640 Atheniensium
1594 619 1664 639 usus
1695 610 1744 639 ad-

232 657 330 686 hibere
353 660 460 696 coepit.
500 659 568 687 Sive
587 659 694 689 invidia
716 660 745 689 in
766 661 909 690 Periclem
927 683 937 697 ‚
966 662 1026 691 sive
1052 663 1132 699 quod
1154 662 1269 691 honesti
1297 670 1400 691 sensus
1431 663 1620 691 Athenienses
1643 670 1659 690 a
1682 667 1745 690 tan-

232 713 261 738 ta
288 709 431 745 injustitia
457 711 632 746 revocabat,
654 711 709 740 hoc
737 712 791 741 viri
812 712 922 742 factum
943 721 1113 750 magnopere
1137 714 1337 750 reprehensum
1362 720 1417 743 est.
1468 713 1638 743 clamabant
1667 713 1744 741 enim

231 760 333 796 multi,
355 769 454 797 magna
478 761 627 791 Graeciam
656 763 761 800 injuria
777 763 875 801 {affici‚
905 771 933 792 et
953 771 1048 801 aperte
1079 764 1205 800 opprimi
1231 773 1263 793 ac
1287 765 1400 800 vexari,
1431 764 1455 793 si
1478 765 1533 800 iis,
1567 772 1639 800 quae
1669 762 1744 793 socii

232 812 267 839 ad
291 811 396 841 bellum
423 813 576 849 gerendum
604 813 798 851 mingebant,
829 815 957 844 Athenae
980 822 1193 844 exornarentur.
1242 815 1369 845 Pericles
1393 823 1486 844 autem
1515 815 1626 852 populo
1649 814 1742 850 dixit,

230 863 310 897 quod
333 863 389 891 sibi
413 864 575 899 persuaderi
603 866 733 900 populus
757 865 841 894 facile
862 874 969 902 passus
996 874 1059 902 est,
1085 867 1180 895 nullas
1204 867 1293 896 sociis
1323 867 1447 896 rationes
1470 866 1653 903 pecuniarum
1683 865 1745 893 red-

230 913 335 942 dendas
364 922 446 950 esse,
487 915 621 950 quoniam
655 915 733 952 ipsas
765 923 906 952 tamquam
939 917 1093 945 mercedem
1122 918 1317 954 accipiebant,
1346 926 1405 954 quo
1436 918 1471 946 ab
1498 918 1630 953 ipsorum
1660 915 1744 944 terris

229 963 364 993 barbaros
395 973 520 994 arcerent
550 967 638 1003 (τηε
662 975 734 1001 quae
753 969 901 996 excusatio
920 968 1000 1004 justa
1023 968 1149 1002 fuisset,
1171 969 1196 996 si
1222 969 1326 996 bellum
1351 975 1452 997 contra
1486 963 1584 997 Persas
1613 967 1741 995 nondum

229 1013 336 1043 fuisset
367 1014 479 1043 finitum
514 1023 542 1044 et
571 1025 691 1053 magnos
724 1024 840 1046 sumtus
869 1018 1059 1047 Athenienses
1094 1017 1187 1047 facere
1224 1027 1394 1055 magnumve
1426 1019 1549 1047 laborem
1584 1007 1744 1053 impendere

229 1058 418 1102 debuissent,
453 1073 486 1096 ut
515 1067 550 1096 ab
582 1067 712 1104 ipsorum
746 1068 857 1105 impetu
892 1069 990 1099 socios
1023 1069 1229 1100 defenderent:
1265 1079 1355 1106 quum
1385 1077 1478 1099 autem
1514 1076 1570 1105 pax
1598 1068 1673 1096 facta
1698 1075 1744 1095 es-

230 1123 293 1151 set,
322 1118 404 1146 nullo
427 1118 492 1154 jure
520 1119 666 1148 sociorum
693 1120 750 1148 sibi
782 1121 917 1156 pecunias
944 1120 1087 1151 vindicare
1116 1128 1266 1158 poterant,
1305 1130 1378 1158 quae
1407 1128 1456 1150 aut
1483 1128 1543 1149 non
1571 1125 1650 1148 erant
1674 1110 1745 1158 conJ·

231 1166 381 1203 ferendae,
410 1176 459 1197 aut
485 1171 636 1200 servandae
658 1171 825 1208 diligenter,
859 1171 886 1200 si
908 1171 983 1200 forte
1008 1172 1113 1201 bellum
1143 1173 1297 1208 aliquando
1326 1181 1392 1202 cum
1425 1171 1520 1201 Persis
1549 1176 1743 1200 renovaretur.

234 1219 290 1248 Sed
316 1220 546 1256 quandoquidem
575 1229 610 1250 ,ea
644 1222 826 1258 singulorum
856 1222 1005 1251 hom-inum
1039 1224 1214 1260 perversitas
1247 1230 1309 1261 est,
1339 1231 1393 1259 ut,
1429 1231 1519 1260 quum
1553 1221 1663 1250 viribus
1697 1228 1746 1263 vaf

226 1269 306 1306 lent,
336 1279 398 1299 raro
423 1279 523 1300 curent
554 1273 745 1308 aequitatem,
774 1281 790 1302 a
818 1273 983 1303 turbulenta
1013 1274 1218 1310 multitudine,
1252 1276 1322 1311 quid
1351 1283 1471 1311 aequum
1501 1274 1651 1311 justumve
1680 1279 1747 1315 spe·

228 1328 288 1348 rare
313 1322 480 1356 possemus!
505 1339 542 1344 —
561 1323 676 1360 Quanta
702 1330 793 1352 autem
817 1325 938 1360 pecunia
967 1325 997 1354 in
1019 1316 1205 1362 propylaea,
1220 1325 1427 1355 Parthenonem
1457 1331 1641 1361 caeteraque,
1671 1330 1746 1370 quae.⁸

229 1370 357 1399 Pericles
391 1373 559 1402 exstruenda
586 1373 725 1409 curavit,
754 1374 908 1410 aedificia,
946 1382 1100 1404 consumta
1127 1376 1239 1411 fuerit,
1269 1385 1335 1404 cum
1375 1384 1409 1404 ex
1441 1384 1538 1404 eorum
1576 1373 1745 1409 descriptio-

227 1429 264 1451 ne
295 1423 380 1459 (3).,
413 1429 473 1451 tum
510 1431 543 1452 ex
577 1423 745 1459 ruderibus,
776 1433 848 1460 quae
876 1431 943 1460 post
973 1430 1018 1452 tot
1051 1426 1162 1453 saecula
1191 1431 1367 1460 supersunt,
1399 1426 1542 1452 conficere
1573 1425 1650 1453 licet.
1700 1425 1744 1452 Ita

233 1472 378 1502 sociorum
408 1474 513 1510 opibus
533 1475 661 1503 Athenae
681 1481 853 1510 creverunt,
883 1482 935 1511 ut,
965 1483 1038 1511 quae
1069 1475 1139 1504 urbs
1163 1476 1293 1511 potentia
1319 1474 1456 1503 Graeciae
1482 1473 1676 1510 principatum
1702 1479 1744 1501 te-

231 1524 342 1559 nebat,
377 1526 470 1553 eadem
504 1525 717 1561 pulchritudine
748 1533 866 1561 quoque
894 1533 922 1555 et
956 1526 1165 1563 magnificentia
1193 1526 1315 1562 primum
1355 1524 1411 1553 sibi
1444 1526 1540 1553 locum
1579 1524 1745 1555 vindicaret.

232 1575 381 1603 Caeterum
407 1576 554 1611 probabile
578 1583 643 1611 est,
674 1576 865 1605 Athenienses
892 1586 907 1606 a
930 1577 1020 1607 sociis
1047 1586 1077 1606 ea
1099 1585 1216 1613 quoque
1240 1576 1403 1613 accepisse,
1426 1575 1534 1611 quibus
1557 1583 1744 1611 unaquaeque
1777 1566 1782 1581 ³

233 1626 311 1661 regio
337 1626 508 1656 abundabat.
549 1627 591 1655 Ea
614 1634 671 1655 erat
694 1627 749 1656 soli
771 1627 800 1656 in
826 1628 923 1656 Attica
953 1634 1072 1663 natura,
1102 1635 1133 1656 ut
1156 1628 1265 1656 incolas
1290 1628 1362 1656 alere
1384 1634 1444 1655 non
1475 1633 1592 1662 posset,
1622 1633 1648 1655 et
1671 1627 1743 1663 ipsis

234 1678 344 1713 multa,
371 1686 443 1713 quae
465 1678 500 1706 ad
522 1678 631 1707 victum
663 1679 830 1714 cultumque
861 1679 1071 1714 requiruntur,
1102 1679 1240 1706 deessent.
1282 1677 1390 1714 Igitur,
1419 1676 1484 1705 licet
1518 1677 1622 1713 procul
1651 1677 1740 1706 dubio

233 1730 321 1759 multa
347 1729 402 1757 sibi
423 1736 512 1757 emere
535 1729 701 1764 debuerint,
730 1735 823 1758 tamen
845 1730 922 1758 haud
945 1729 984 1758 ita
1004 1737 1103 1758 temere
1120 1729 1204 1758 nobis
1226 1729 1369 1765 conjicere
1386 1727 1533 1763 videmur,
1555 1728 1745 1757 Athenienses

231 1781 360 1818 potentia
384 1789 434 1809 sua
463 1789 495 1809 eo
520 1788 636 1816 quoque
657 1779 749 1809 fuisse
777 1780 906 1816 abusos,
937 1787 969 1809 ut
994 1781 1091 1810 socios
1116 1786 1270 1816 cogerent,
1298 1784 1409 1815 praeter
1436 1779 1622 1808 constitutam
1656 1770 1744 1815 pecu*-

232 1832 293 1860 niae
315 1840 453 1860 summam
475 1832 597 1867 plurima
621 1831 675 1859 sibi
700 1831 800 1860 tributi
827 1832 988 1861 munerisve
1014 1831 1132 1860 nomine
1160 1830 1356 1866 suppeditare3
1388 1829 1425 1858 ita
1453 1838 1580 1866 magnam
1602 1828 1740 1872 frumenti

232 1882 289 1911 vim
309 1891 342 1911 ex
364 1882 502 1918 Euboea,
523 1882 594 1919 ligni
617 1882 729 1919 copiam
749 1891 782 1912 ex
799 1881 969 1912 Macedonia
991 1883 1155 1912 arcessitam
1177 1882 1212 1910 ab
1233 1881 1269 1910 iis
1292 1881 1462 1917 opinamur,
1485 1887 1512 1910 et
1532 1881 1573 1910 sic
1598 1880 1745 1917 explican-

1675 1931 1743 1961 dum

259 2001 310 2028 fr)
331 2002 382 2024 Vld.
402 2001 465 2023 Plur-
487 2002 509 2022 ln
529 2001 628 2027 Perlcle,
651 2007 669 2023 c⁴
689 2001 722 2024 ιθ.
901 2001 956 2031 (a)
979 2001 1030 2025 Vld.
1053 1999 1116 2026 Plus.
1133 2000 1157 2024 la
1173 1998 1278 2029 Pericle,
1300 2004 1320 2022 c.
1336 2006 1370 2023 ιε.

258 2044 308 2071 (3)
330 2044 381 2066 Vid.
405 2043 469 2065 Plnt.
490 2043 513 2064 iu
532 2043 620 2065 Pericle
635 2057 642 2069 ,
660 2048 680 2065 c.
697 2047 729 2068 18.
1145 2047 1149 2050 ”
