1913 2417
685 134 1133 175 ὀιῐΑΤιο.Ἰ
1610 139 1654 183 ⁶¹7⁴

166 242 251 270 esse,
275 229 374 262 Vobis
393 238 489 272 quam
510 229 788 272 persuasissimum
817 230 895 267 erit,
918 241 1021 272 quum
1053 230 1296 261 Astronomiam
1324 231 1555 267 Orientalium,
1580 232 1644 264 Ae-

165 289 371 332 gyptiorum,
401 293 509 328 postea
553 285 592 316 ad
627 288 764 317 Graecos
794 285 945 324 delatam,
980 297 1054 317 cum
1088 285 1242 318 hodierna
1273 286 1451 330 perfectiori
1486 296 1645 320 astrorum

167 355 278 376 cursus
301 343 486 385 cognitione
513 343 788 384 comparaveritis;
822 353 988 385 quumque
1025 342 1111 374 illam
1143 343 1221 374 adeo
1252 344 1406 375 incultam
1433 345 1554 376 telluris
1582 346 1645 376 for-

165 412 236 433 mae
260 411 296 431 ac
315 398 547 441 magnitudinis
575 399 759 436 notionem,
785 409 881 441 quam
909 400 1035 441 antiqui
1059 399 1257 437 habuerunt,
1288 399 1461 431 hodiernae
1491 409 1646 432 terrarum

166 457 253 489 orbis
273 456 487 497 descriptione
517 455 740 497 opposueritis.
793 456 968 494 Novimus,
1003 457 1153 499 antiquos
1183 457 1382 499 navigatores
1409 464 1562 489 terrarum
1592 458 1644 489 lit-

163 520 232 545 tora
254 513 399 555 linquere
425 521 492 541 non
521 521 614 541 ausos
635 510 755 549 fuisse3
791 513 982 542 recentiores
1007 524 1046 543 ex
1079 513 1212 545 adverso
1243 513 1344 544 multa
1377 515 1489 545 itinera
1522 515 1643 545 mariti·

163 581 215 602 ma
238 570 359 601 circum
391 574 545 599 terrarum
574 566 684 598 orbem
718 566 911 606 absolvisse,
946 569 1127 611 multasque
1159 570 1342 612 antiquitati
1378 570 1557 613 incognitas
1594 582 1645 603 re·

162 629 273 671 giones
287 624 450 657 detexisse.
497 625 661 663 Quantum
689 634 787 666 porro
815 624 986 655 discrimen
1018 625 1100 656 inter
1128 627 1171 655 ita
1195 626 1310 656 dictam
1331 627 1541 669 antiquorum
1571 627 1643 659 rhi—

163 684 372 726 losophorum
398 680 562 723 physicam
583 686 614 711 et
640 690 722 721 quae
748 691 831 711 nova
860 687 892 711 et
918 681 1044 723 egregia
1072 682 1106 712 in
1138 689 1270 713 naturae
1302 682 1427 724 legibus
1459 685 1642 726 antiquitati

162 741 290 783 penitus
321 738 513 778 incognitis,
543 736 605 767 hoc
638 747 716 766 aevo
748 744 855 779 aperta
889 736 989 768 sunt!
1020 737 1184 769 Chemiam
1226 738 1384 782 denique,
1417 751 1498 781 quae
1526 748 1571 771 tot
1608 753 1643 772 ac

160 802 247 828 tanta
271 793 442 825 commoda
471 792 565 824 nobis
614 792 721 824 attulit
739 815 748 830 ‚
776 794 1024 825 recentissimam
1062 801 1161 826 artem
1188 806 1272 835 esse,
1305 796 1379 838 quis
1404 796 1554 828 Vestrum
1587 809 1643 829 ue-

160 851 309 896 gaverit?
1232 897 1234 900 .

146 946 149 950 x
202 912 287 940 Haec
305 914 409 940 autem
430 908 539 939 omnia
569 908 652 939 inter
677 908 794 951 viginti
822 915 962 951 quatuor
986 908 1167 941 seculorum
1195 910 1334 953 spatium
1359 921 1471 942 sumus
1492 911 1638 945 assecuti.

160 967 274 1009 Neque
315 963 451 1003 dubito,
481 965 561 1007 quin
584 965 767 1005 miremini,
801 965 973 998 Auditores
1002 966 1249 998 Humanissimi!
1272 968 1474 998 scientiarum
1500 978 1645 1010 progres-

160 1032 234 1053 sum
269 1028 332 1053 tam
369 1021 496 1063 tardum
537 1020 648 1052 fuisse!
699 1023 743 1054 At
777 1033 844 1053 non
876 1029 940 1062 est,
975 1023 1062 1066 quod
1095 1024 1253 1066 quispiam
1283 1023 1336 1054 hic
1364 1023 1518 1054 mireturl-
1560 1025 1644 1055 Cum

159 1079 247 1110 enim
280 1088 298 1108 a
328 1078 539 1109 remotissima
566 1078 755 1120 antiquitate
790 1077 1033 1118 adsoendimus,
1062 1080 1282 1111 retardationis
1318 1080 1416 1122 hujus
1449 1090 1559 1110 causae
1583 1090 1640 1112 no-

159 1134 212 1165 bis
235 1143 294 1165 sua
318 1140 436 1176 sponte
473 1139 657 1165 occur-runt.
712 1135 754 1165 Iis
787 1145 904 1177 nempe
939 1136 1140 1178 temporibus
1175 1137 1342 1168 thesaurus
1369 1137 1577 1167 scientiarum
1605 1147 1643 1168 ac

158 1191 358 1233 sapientiae,
390 1189 493 1232 qualis
521 1189 717 1227 habebatur,
747 1201 846 1232 penes
883 1191 1079 1230 sacerdotes,
1115 1194 1258 1223 Deorum
1289 1191 1414 1224 cultum
1443 1192 1641 1235 dirigentes,

159 1247 255 1278 unice
276 1252 346 1277 erat
371 1244 607 1284 inveniendus;
645 1256 726 1288 quae
754 1245 794 1277 de
820 1246 894 1279 Diis
918 1254 1013 1291 atque
1042 1248 1082 1279 de
1111 1248 1225 1279 mundi
1258 1249 1382 1291 origine
1419 1249 1643 1292 antiquissima

157 1302 293 1335 formata
324 1308 416 1335 erant
445 1301 617 1345 dogmata,
647 1314 794 1346 quaeque
830 1303 1022 1347 theogoniae
1050 1311 1082 1335 et
1112 1305 1340 1347 cosmogoniae
1366 1305 1640 1345 nominabantur,

155 1370 175 1391 a
197 1358 362 1391 Chaldaeis
378 1382 387 1398 ‚
419 1360 520 1391 Persis
536 1383 546 1396 ‚
577 1361 759 1403 Aegyptiis,
788 1366 819 1391 et
848 1361 964 1403 partim
990 1361 1085 1392 etiam
1108 1371 1126 1392 a
1154 1361 1285 1394 Graecis
1312 1372 1410 1404 quam
1433 1362 1634 1393 sanctissima

159 1415 276 1448 habita.
331 1415 464 1448 Nullum
507 1423 669 1448 auctorem
707 1416 825 1448 horum
862 1417 1051 1460 dogmatum
1078 1428 1170 1456 esse,
1206 1418 1264 1460 qui
1297 1417 1475 1449 doctrinam
1506 1425 1638 1450 naturae

156 1479 253 1515 atque
285 1479 444 1504 astrorum
474 1484 587 1504 cursus
617 1473 779 1516 explicet,
817 1474 880 1504 nisi
912 1474 1108 1516 petulantem
1134 1474 1257 1516 ingenii
1282 1474 1389 1505 lusum
1407 1497 1418 1513 ‚
1448 1485 1488 1505 ex
1514 1474 1638 1506 meliori

156 1535 265 1560 nostra
298 1530 428 1560 scientia
464 1531 579 1561 merito
609 1531 801 1561 concludere
834 1529 917 1561 licet.
972 1531 1018 1560 Ita
1050 1530 1133 1560 inter
1164 1529 1341 1560 sacerdotes
1360 1552 1371 1568 ‚
1408 1536 1439 1561 et
1476 1530 1637 1574 populos,

157 1585 214 1627 qui
243 1595 384 1628 semper,
406 1591 442 1615 ut
470 1596 527 1628 par
554 1592 617 1624 est,
640 1593 672 1617 et
697 1585 786 1628 quod
813 1596 978 1616 summum
1004 1596 1127 1616 numen
1154 1596 1221 1616 esse
1245 1585 1374 1627 probat,
1406 1588 1490 1618 Deos
1511 1587 1639 1630 religio·

155 1641 278 1672 sissime
311 1639 454 1678 coluere,
489 1651 603 1683 magna
637 1643 698 1672 erit
723 1641 893 1674 distantia:
924 1641 964 1672 de
999 1641 1049 1672 his
1072 1642 1168 1672 sacris
1193 1641 1397 1684 dogmatibus
1417 1642 1584 1681 dubitare,
1608 1645 1636 1676 si

155 1699 231 1740 quis
254 1697 404 1735 auderet,
435 1697 591 1740 sacrilegii
619 1698 753 1729 minime
785 1697 1037 1730 absolvebatur:
1067 1704 1099 1728 at
1124 1697 1256 1736 videtis,
1286 1704 1406 1741 quanta
1433 1700 1474 1730 sit
1510 1702 1639 1742 praeju-

157 1752 316 1784 diciorum
350 1759 381 1783 et
416 1752 580 1796 religionis
616 1753 779 1796 potestas!
813 1757 1021 1786 Summorum
1053 1753 1323 1797 Philosophorum
1350 1756 1569 1798 cognitionem
1595 1757 1635 1788 iis

157 1809 314 1840 imbutam
349 1807 462 1848 fuisse,
496 1820 781 1841 parnaconAz
811 1809 992 1853 exemplum
1028 1811 1162 1853 probat:
1202 1811 1228 1841 is
1254 1810 1389 1842 nullum·
1415 1812 1478 1842 nisi
1509 1819 1634 1843 motum

158 1865 358 1896 rectilineum
383 1871 414 1896 et
443 1866 629 1897 circularem
665 1868 700 1898 in
734 1867 924 1909 corporibus
953 1866 1144 1898 coelestibus
1170 1866 1335 1899 admittere
1359 1867 1479 1907 voluit;
1502 1871 1578 1912 quia
1597 1879 1632 1900 ea

157 1928 265 1953 motus
288 1923 407 1964 species
428 1932 446 1953 a
474 1922 677 1967 Pliilosophis
699 1923 908 1956 orientalibus
937 1922 1166 1966 perfectissima
1197 1923 1382 1957 habebatur.
1429 1927 1549 1971 Yerum
1566 1930 1630 1962 est,

963 1979 992 2013 C
1547 1979 1633 2011 huuc
