1913 2417
289 141 334 163 ιο
604 134 1446 171 -G.C.B,SUR1NGAR

301 213 371 242 duta
403 213 646 250 deprehenditur,
676 215 815 251 illiusque
845 221 902 244 rete
931 216 1116 245 vasculosum
1147 225 1182 245 ex
1205 217 1270 246 albo
1301 226 1355 248 suo
1382 218 1479 247 colore
1517 220 1723 259 distinguitur,
1753 225 1804 254 sed

303 264 396 293 nullas
420 265 587 294 eminentias
611 265 726 295 format.
772 266 869 294 Facies
893 265 1013 295 inferior
1038 274 1137 296 contra
1165 267 1222 296 sere
1244 276 1355 305 semper
1375 270 1550 306 inaequalis,
1580 272 1697 308 pilosa,
1725 276 1803 306 vasis

303 316 540 350 prominentibus
561 324 686 353 rugosa,
709 323 736 345 et
759 317 859 345 scabra
880 324 995 353 apparet
1014 317 1097 355 (6>;
1119 324 1146 346 et
1171 325 1311 355 praeterea
1331 320 1428 349 colore
1444 320 1595 358 dilutiori,
1624 323 1808 360 Epidermide
1840 330 1842 333 ’

297 365 418 400 laxiori,
441 366 586 402 glandulis
607 367 674 404 (7)
694 373 721 395 et
740 369 821 404 poris
843 368 1091 397 numerosioribus
1115 368 1257 399 instructa
1270 377 1324 399 est.

339 419 373 446 ln
393 417 473 446 foliis
495 425 589 446 autem
613 418 733 453 erectis,
768 427 891 455 quorum
915 419 1003 448 facies
1026 421 1111 448 altera
1136 419 1289 457 interiora,
1318 422 1402 451 altera
1427 422 1565 451 exteriora
1585 424 1699 459 plantae
1719 427 1811 463 respi-

296 468 354 503 cit,
385 476 566 504 quorumque
598 477 669 504 apex
696 470 779 498 coelo
808 470 967 499 obvertitur
997 471 1055 507 (ut
1083 471 1114 499 in
1140 471 1378 510 Graminibus),
1411 474 1479 502 haec
1508 474 1691 511 differentia,
1714 478 1812 512 quoad

297 526 448 555 utramque
470 519 590 554 faciem,
619 528 678 548 non
701 521 799 550 adest:
828 522 932 550 horum
963 523 1037 551 enim
1060 521 1198 553 foliorum
1226 530 1346 559 utraque
1371 524 1539 561 superficies
1572 527 1712 563 ejusdem.
1731 528 1809 557 duri-

297 570 368 605 tiei,
389 570 495 599 coloris
519 577 547 599 et
567 570 691 600 fabricae
715 572 943 607 deprehenditur.

337 621 384 649 Ad
399 620 510 650 discum
528 621 666 650 foliorum
691 623 835 651 notandus
850 630 995 659 praeterea
1014 631 1058 654 est
1074 626 1178 655 modus
1190 647 1201 661 ‚
1222 627 1280 662 quo
1298 625 1384 654 ramis
1409 626 1561 656 inseritur:
1585 627 1632 656 hic
1656 628 1686 657 in
1710 637 1810 666 genere

297 672 404 708 duplex
423 679 488 708 est,
517 672 615 701 discus
640 672 718 708 enim
739 673 800 703 sive
820 682 870 710 per
897 676 1059 711 petiolum,
1087 677 1147 705 sive
1179 677 1340 706 immediate
1369 685 1435 705 cum
1467 678 1564 713 planta
1589 679 1731 710 cohaeret.
1777 682 1812 708 In

296 724 495 759 utraque‘hac
521 724 686 753 insertionis
714 725 809 760 specie
834 724 934 763 magna
953 728 1105 756 admodum
1130 728 1301 756 observatur
1324 727 1463 757 varietas:
1491 729 1699 758 nonnullorum
1726 729 1814 759 folio-

295 783 380 810 rum,
409 782 442 802 ut
467 774 562 803 Nucis
591 784 620 804 v.
647 784 693 809 c.‚
722 777 794 804 disci
822 785 887 805 cum
920 779 998 806 caule
1027 787 1078 814 per
1103 778 1227 814 petiolos
1261 779 1299 806 ad
1322 779 1486 807 insertionis
1522 779 1622 808 locum
1658 781 1812 810 crassiores

295 826 473 862 coliaerent3
503 825 624 854 aliorum
660 825 798 856 foliorum
811 848 827 862 ‚,
859 834 891 856 ut
924 828 1110 864 plurimarum
1142 829 1303 865 plantarum
1335 828 1585 858 Umbelliferarum
1617 831 1707 868 (8),
1735 831 1812 861 disci

294 885 345 913 per
368 877 493 912 petiolos
515 877 685 912 elongatos,
707 883 799 906 totum
824 878 883 907 fere
903 881 1014 908 caulem
1034 880 1235 914 involventes,
1257 881 1344 909 ramis
1371 880 1560 909 inseruntur:
1582 881 1719 910 foliorum
1744 891 1812 911 cau.

296 929 337 963 li,
369 929 450 956 nullo
483 928 689 957 interveniente
718 928 847 964 petiolo,
876 930 1081 966 insidentium,
1119 931 1179 960 sive
1209 930 1353 960 foliorum,
1380 931 1546 967 sessilium,
1575 933 1714 962 nonnulla
1747 933 1810 962 basi

296 985 458 1007 transverse
483 979 591 1006 caulem
619 979 740 1015 cingunt
773 987 800 1008 et
828 980 980 1015 perfoliata
1004 981 1159 1016 dicuntur,
1190 981 1243 1010 alia
1274 981 1358 1016 basi,
1388 982 1489 1009 tubum
1517 982 1674 1018 formante,
1700 985 1811 1013 caulem

292 1029 473 1065 investium,
503 1035 534 1056 ut
551 1038 582 1057 in
605 1030 776 1066 Arundine,
804 1037 833 1059 et
856 1031 1024 1068 vaginantia.
1041 1031 1246 1071 nominantur,
1267 1032 1321 1062 alia
1341 1033 1453 1062 demum
1476 1032 1534 1062 allo
1556 1033 1642 1063 modo
1662 1042 1729 1064 cum
1753 1042 1812 1064 ma«-

292 1085 336 1109 tre
358 1081 458 1115 planta
479 1081 708 1118 conjunguntur.

1004 1163 1034 1199 ς.
1074 1172 1102 1201 4.

777 1236 952 1267 Anatomica
966 1239 1108 1274 foliorum
1128 1240 1340 1278 contemplatio.

333 1313 424 1342 Hisce
453 1311 677 1349 generalioribus
701 1313 887 1349 praemissis,
918 1315 1122 1343 transeundum
1151 1320 1193 1343 est
1222 1315 1256 1343 ad
1283 1314 1427 1350 partium,
1456 1321 1471 1342 e
1499 1314 1606 1350 quibus
1633 1315 1760 1350 petiolus
1782 1321 1811 1345 et

293 1365 364 1393 folia
385 1370 539 1399 corstant,
561 1370 733 1393 structuram
757 1365 962 1400 exponendam.
1012 1366 1091 1393 Folia
1115 1364 1327 1393 dissecantibus
1349 1372 1376 1393 et
1399 1373 1477 1395 ruore
1498 1366 1671 1393 Auatomico
1691 1373 1721 1394 ea
1747 1375 1810 1396 exa·

294 1413 494 1450 minantibus,
515 1415 544 1443 in
566 1415 602 1443 iis
623 1414 682 1443 fere
704 1416 812 1444 eaedem
836 1416 921 1444 nobis
946 1422 1106 1444 occurrunt
1128 1423 1240 1452 partes,
1264 1423 1338 1451 quae
1361 1415 1389 1443 in
1413 1416 1493 1443 caule
1511 1416 1670 1451 plantarum
1693 1417 1813 1446 adscen’-

293 1465 376 1493 dente
405 1469 432 1491 et
464 1466 654 1494 descendente
682 1466 883 1494 inveniuntur.
931 1467 976 1494 Ad
1009 1474 1118 1503 partem
1145 1466 1282 1495 foliorum
1313 1466 1478 1494 exteriorem
1511 1467 1606 1502 primo
1639 1467 1817 1498 offendimus«

294 1514 525 1551 Epidetmidem‚
557 1523 693 1551 tegentem
727 1517 895 1551 Corticem‚
926 1517 1009 1545 hunc>
1036 1517 1167 1552 sequitur
1194 1516 1406 1553 Parenchyma,
1442 1517 1570 1552 Lignum
1609 1525 1635 1545 et
1661 1518 1810 1548 Medulla..

288 1566 357 1604 Jure
381 1565 471 1602 igitur
496 1565 548 1594 Du
577 1565 729 1594 Hamelims
751 1568 840 1604 (9):
876 1575 948 1602 „on
975 1574 1046 1604 peut
1070 1569 1144 1596 donc
1175 1567 1254 1602 dire,
1289 1576 1344 1603 que
1374 1568 1414 1595 les
1445 1566 1559 1595 feuilles
1591 1575 1658 1596 sont
1688 1569 1819 1597 formetis

294 1637 313 1654 „
334 1618 383 1646 des
409 1617 514 1644 memes
539 1616 644 1652 parties
669 1619 862 1654 organiques,
893 1626 948 1654 que
977 1619 1017 1647 les
1046 1618 1202 1654 branches‚
1231 1618 1302 1646 mais
1327 1617 1404 1646 done
1432 1618 1458 1645 la
1477 1617 1655 1653 disposition
1680 1624 1724 1646 est
1753 1617 1815 1647 fort

291 1688 316 1703 „
336 1667 492 1696 differente.
504 1666 529 1679 ’⁷‘

1769 1706 1812 1736 Ut

317 1756 367 1784 (6)
387 1755 439 1778 Vid.
462 1756 566 1784 Mirha,
588 1757 648 1780 711.
671 1763 723 1784 pag.
739 1762 780 1783 2³7
796 1764 830 1785 sq.

318 1798 369 1825 (7)
389 1797 426 1819 Sic
447 1802 467 1817 v.
485 1803 505 1824 g.
544 1797 607 1819 ulcis
626 1798 683 1824 nigri
704 1798 812 1820 foliorum
834 1798 915 1820 facicm
936 1798 1068 1820 inferiorem
1093 1797 1219 1821 numerosis
1239 1796 1350 1825 glandulis
1374 1797 1504 1819 instructam
1526 1802 1593 1822 esse,
1619 1799 1677 1824 apud
1694 1799 1728 1821 Cl.
1751 1797 1814 1824 Rufi*

291 1844 420 1862 nunciatum
439 1838 569 1864 invenitur,
592 1838 720 1860 dicentem:
740 1854 756 1865 „
772 1840 813 1860 Die
834 1839 978 1861 Untcrssjiche
998 1847 1023 1861 an
1038 1842 1082 1861 den
1102 1840 1201 1861 bliittem
1220 1842 1260 1861 der
1278 1839 1428 1860 Gichtbecrcn
1445 1838 1534 1866 (Νι-ει
1549 1839 1652 1864 nigrum)
1677 1838 1696 1860 is
1715 1839 1813 1860 niisserx

290 1895 307 1908 „
325 1881 399 1901 athre
419 1879 457 1900 mit
483 1879 641 1904 blasssmbigen
668 1880 754 1901 Driisen
782 1881 871 1902 besetst.
913 1881 985 1903 Reibt
1009 1887 1058 1903 man
1087 1882 1151 1903 dicae
1173 1882 1270 1907 Praene,
1296 1886 1322 1901 so
1349 1879 1448 1900 crlnlren
1473 1879 1510 1900 dic
1537 1879 1616 1905 finger
1638 1878 1704 1900 einen
1723 1880 1814 1901 stul-ten

291 1937 308 1949 „
321 1921 430 1946 widrigen
449 1921 552 1944 Cernen,
570 1926 676 1945 wog¹¹gen
699 1921 736 1942 die
759 1922 891 1943 ‹Jberssfiche
913 1928 951 1948 aar
971 1923 1033 1943 nicht
1057 1921 1154 1943 riechz.''
1191 1922 1242 1943 Vil.
1268 1920 1328 1941 Cart.
1347 1920 1373 1942 G.
1391 1919 1471 1944 Rasu’t
1493 1919 1608 1946 Enmurs
1623 1920 1687 1939 einer
1705 1918 1814 1945 Pflflvzm

285 1962 350 1989 phys?
359 1961 443 1988 alogia,
463 1966 501 1980 aus
521 1960 566 1979 dem
590 1961 715 1980 Diinisclnen
738 1962 847 1983 iiber-sem
869 1969 915 1985 von
933 1963 959 1988 J,
975 1964 1004 1986 A,
1021 1962 1175 1988 Markumn,
1199 1968 1248 1989 pag.
1266 1963 1312 1986 1544-

318 2002 371 2032 (8)
391 2003 427 2023 Du
443 2001 534 2029 namot,
549 2003 616 2024 Tom.
631 2003 649 2024 l.
672 2009 696 2030 p.
715 2008 761 2028 107.
1044 2003 1104 2032 (9)
1126 2003 1176 2025 Vid.
1197 2003 1234 2024 Du
1257 2000 1337 2023 llam!
1358 2000 1373 2025 1.
1388 2007 1406 2023 c.
1427 1999 1539 2028 pag-1¹6-
