1913 2417
292 140 576 170 RESPONStO
603 150 651 171 Ar>
682 141 1033 178 QUAESTIONEM
1063 142 1506 173 HYDROQTATICAM.
1615 153 1660 195 32-

150 224 389 254 animadvertebat
410 224 497 261 (1).
541 225 683 254 Paradoxa
714 226 782 254 haec
805 227 845 255 Xl
870 234 1006 262 numero,
1036 226 1112 256 varia
1135 227 1284 256 continent
1314 233 1342 256 et
1372 227 1486 264 quidem
1517 226 1650 263 egregia,

146 287 180 307 ex
203 277 265 313 ipsa
287 275 368 304 fluidi
395 282 495 303 natura
516 275 623 311 petita,
644 284 733 311 eaque
757 276 933 305 confirmata.

181 330 220 358 Et
241 327 366 364 primum
393 326 505 361 quidem
527 326 693 355 Parad‹·x0n
712 328 768 364 jam
793 328 889 355 statim
917 328 1042 363 indicat,
1066 329 1203 365 Boyleum
1229 338 1287 358 non
1308 329 1398 357 facere
1415 338 1479 357 cum
1504 328 1648 362 Schotto,

145 381 196 417 qui
219 386 337 415 prorsus
360 377 535 412 pressionem
562 378 685 412 partium
714 387 804 413 aquae
823 379 1001 414 superiorum
1021 380 1050 408 in
1076 380 1225 408 inferiores
1247 386 1414 416 negaverat,
1437 381 1546 416 quippe
1572 378 1652 414 quod

141 441 176 461 eo
201 428 324 459 consilio
349 427 488 462 scriptum
514 433 576 461 est,
600 434 631 455 ut
655 429 778 464 probet,
800 432 832 458 in
855 440 952 468 aqua,
982 431 1105 469 aliisque
1122 431 1241 467 fluidis,
1259 437 1361 469 partes
1380 431 1534 466 inferiores
1555 429 1652 469 premi

142 492 162 511 a
176 478 387 519 vsuperioril'ms.
428 477 518 514 Quod
541 484 574 505 ut
596 479 801 508 demonstraret
826 480 971 517 Boyleus,
994 489 1117 516 sequens
1139 482 1264 510 instituit
1285 483 1518 518 experimentum.

184 531 294 561 Sumsit
315 538 364 558 vas
389 529 512 557 vitreum
537 536 610 563 aqua
635 529 691 558 fere
713 532 747 558 ad
778 540 923 560 summum
952 533 1091 568 repletum
1112 553 1121 567 ,
1156 539 1187 562 ut
1213 539 1239 561 et
1271 534 1372 561 tubum
1403 534 1523 561 vitreum
1554 533 1651 569 cylin-

139 585 269 617 dricum,
298 581 333 609 ab
359 587 479 616 utraque
510 587 588 616 parte
609 588 757 616 apertum,
784 589 811 610 et
834 591 936 618 parvae
958 583 1085 611 diametri
1115 584 1256 621 (octavae
1279 585 1325 613 vel
1349 591 1441 613 sextae
1466 583 1554 620 partis
1586 584 1652 619 pol-

140 635 240 672 licis).
287 633 384 669 Hujus
416 631 478 659 tubi
504 637 658 659 extremum
686 632 808 661 inferius
839 630 958 662 immisit
985 634 1015 662 in
1047 635 1142 662 oleum
1171 635 1442 663 terebinthinaceum
1462 654 1472 669 ‚
1500 641 1585 669 atque
1614 634 1651 661 li-

139 693 250 721 quore,
271 683 419 719 sugendo,
440 683 468 710 in
489 682 561 710 tubo
581 683 615 710 ad
638 691 839 719 quamcunque
860 685 1040 714 altitudinem
1065 686 1199 720 sublato,
1234 685 1374 714 orificium
1398 686 1531 721 superius
1558 684 1650 721 digito

138 735 281 765 celerrime
301 734 431 768 clausit,
463 741 497 762 ne
528 733 661 762 sublatus
691 734 788 769 liquor
813 735 1004 764 descenderet.
1052 736 1128 764 Tum
1153 736 1309 771 tubulum‚
1338 736 1453 771 liquore
1480 736 1531 764 illo
1559 735 1651 771 reple·

120 817 123 819 ,
143 794 225 820 tum,
247 784 520 820 perpendiculariter
543 784 622 819 vasi,
644 793 746 819 aquam
774 785 953 820 continenti,
974 785 1114 820 immisit,
1136 786 1174 814 ita
1198 787 1328 822 scilicet,
1352 794 1383 814 ut
1401 786 1569 821 superficies
1595 785 1652 814 olei

137 838 167 867 in
191 836 262 864 tubo
286 834 418 863 nonnihil
445 841 520 862 esset
547 835 632 863 altior
661 835 812 871 superficie
844 844 932 871 aquae
964 836 1051 864 vasis.
1094 837 1156 873 Jam
1180 846 1268 872 vcro,
1298 838 1389 873 digito
1414 845 1522 865 remoto
1547 846 1562 865 a
1587 836 1652 864 tubi

138 894 262 917 extremo
285 885 444 921 superiori,
467 886 560 914 oleum
583 894 634 922 per
658 894 812 915 extremum
834 887 977 922 inferius,
1007 895 1179 923 quamquam
1199 895 1349 924 apertum,
1370 897 1430 917 non
1452 887 1573 923 decidit,
1602 889 1652 916 sed

137 940 172 968 ad
193 938 328 973 eandem,
352 938 397 965 vel
416 937 540 965 circiter.
569 938 750 965 altitudinem
775 937 804 965 in
832 938 903 965 tubo
927 938 1026 967 haesit.

173 990 221 1019 En
241 989 465 1025 experimentum
493 988 609 1024 Boylei,
631 988 879 1024 simplicissimum
904 997 988 1023 sane,
1011 990 1061 1018 sed
1081 990 1116 1018 ad
1132 990 1227 1018 thesin
1245 990 1515 1025 demonstrandam,
1537 998 1571 1018 ex
1586 989 1648 1026 ejus

135 1041 295 1075 sententia,
316 1039 511 1075 aptissimum.
553 1059 576 1074 ,‚
599 1039 732 1074 Etenim,
748 1038 766 1050 ”
787 1038 854 1075 (sic
873 1039 1083 1077 ratiocinatur)
1118 1041 1247 1076 „oleum
1280 1041 1502 1077 terebinthinae,
1527 1048 1591 1068 cum
1610 1039 1649 1068 sit

133 1091 254 1120 fluidum
275 1098 379 1127 grave,
408 1091 540 1119 deorsum
569 1090 678 1125 tendit,
707 1096 734 1118 et
754 1097 820 1117 cum
845 1097 904 1118 non
936 1091 1087 1118 obturetur
1113 1091 1147 1118 ab
1177 1092 1243 1127 ipso
1273 1092 1368 1126 vitro,
1395 1092 1480 1128 cujus
1503 1091 1647 1120 orificium

133 1142 257 1172 inferius
280 1147 409 1178 apertum
429 1141 621 1176 relinquitur,
643 1147 721 1170 certo
742 1141 847 1169 certius
869 1149 919 1177 per
943 1141 1068 1169 fistulam
1089 1150 1139 1170 seu
1161 1142 1263 1171 tubum
1286 1143 1444 1177 decideret,
1467 1142 1523 1171 nisi
1545 1151 1560 1170 a
1579 1142 1648 1171 snb-

132 1193 252 1230 jacentis
278 1200 369 1228 aquae
391 1192 538 1228 pressione
565 1200 679 1220 sursum
713 1193 841 1227 nitente,
869 1198 1011 1221 teneretur
1039 1200 1233 1228 suspensum:
1265 1193 1346 1222 nulla
1377 1201 1531 1229 apparente
1560 1202 1650 1223 causa

94 1233 97 1235 ’
130 1242 205 1276 alia,
227 1243 276 1270 cui
298 1243 436 1268 vindicari
461 1242 580 1270 effectus
605 1251 670 1270 cum
691 1243 800 1271 ratione
816 1244 932 1278 possit,
954 1249 1040 1277 atque
1059 1243 1111 1271 hac
1133 1250 1233 1272 nostra
1256 1245 1290 1272 ad
1314 1244 1453 1273 rationem
1476 1245 1646 1274 reddendam

125 1292 291 1323 sufficiente.
300 1290 321 1303 ’'

168 1343 263 1380 Pergit
287 1343 384 1378 itaque
414 1341 539 1379 Boyleus
569 1343 598 1372 in
619 1343 867 1381 demonstrando,
894 1345 1070 1382 pressionem
1099 1354 1188 1382 aquae
1205 1366 1215 1382 ,
1245 1355 1338 1383 neque
1363 1347 1450 1376 ullam
1474 1348 1554 1376 aliam
1579 1356 1645 1376 cauu-

129 1404 186 1424 sam
198 1395 324 1431 ,'oleum
347 1394 377 1422 in
397 1394 470 1422 tubo
494 1394 622 1423 retinere.
663 1395 733 1424 Non
752 1397 826 1424 enim
851 1397 927 1424 hunc
949 1396 1082 1424 effectum
1106 1397 1174 1425 orIri
1198 1406 1233 1425 ex
1263 1406 1338 1433 aqua
1361 1405 1387 1426 et
1412 1400 1496 1433 oleo,
1524 1397 1645 1432 liquori-

132 1445 209 1481 bus,
228 1452 262 1473 ut
279 1445 335 1480 ait,
365 1464 390 1480 ,‚
412 1445 524 1473 misceri
546 1445 738 1481 negantibus,
761 1447 943 1475 manifestum
967 1447 1020 1482 fit,
1043 1449 1157 1482 quando
1179 1449 1268 1476 tubus
1283 1457 1342 1477 non
1366 1455 1422 1477 tam
1446 1448 1589 1482 profunde
1613 1448 1644 1477 in

132 1504 234 1532 aquarn
258 1495 443 1529 immittitur,
465 1495 515 1522 ubi
542 1496 638 1524 statim
664 1496 758 1524 oleum
784 1505 834 1532 per
855 1503 1009 1525 extremum
1036 1497 1158 1526 inferius
1186 1499 1308 1534 decidit3
1331 1500 1419 1526 donec
1444 1498 1542 1526 iterum
1565 1507 1644 1534 pres-

129 1547 222 1578 sionis
245 1554 312 1575 cum
338 1554 413 1582 aqua
433 1552 545 1574 externa
574 1546 761 1582 acquisiverit
782 1547 1079 1584 aequipollentiam.'’

168 1597 358 1626 Phaenomeni
379 1597 467 1634 hujus
495 1604 587 1625 veram
615 1605 731 1627 causam
755 1599 786 1626 in
810 1599 979 1633 aequilibrio
1002 1598 1075 1625 inter
1096 1598 1191 1626 oleurn
1216 1603 1243 1626 et
1270 1606 1372 1634 aquam
1396 1600 1497 1636 ponit,
1528 1606 1555 1629 et
1577 1601 1642 1638 qui-

125 1648 188 1678 dem
215 1646 252 1675 ob
278 1652 431 1681 sequentes
455 1646 600 1674 rationest

169 1697 209 1728 10.
239 1696 270 1726 Si
299 1695 448 1732 cylindrus
484 1696 540 1725 olei
568 1697 597 1725 in
626 1698 699 1728 tubo
722 1699 815 1728 multo
836 1700 920 1729 altior
949 1699 983 1729 fit
1015 1707 1101 1736 quam
1132 1699 1297 1737 superficies
1327 1710 1435 1738 aquae,
1465 1703 1558 1732 oleum
1591 1704 1639 1732 de-

125 1747 248 1779 scendit.

172 1798 218 1828 2⁰.
249 1798 301 1828 Ille
324 1798 380 1827 olei
403 1798 559 1828 descensus
585 1801 693 1830 tamdiu
719 1802 814 1830 locum
837 1801 974 1838 habebit,
997 1804 1089 1832 donec
1111 1803 1166 1832 olei
1188 1803 1217 1833 in
1241 1804 1338 1833 fistula
1361 1803 1527 1841 superficies
1553 1813 1638 1836 eous-

129 1858 185 1887 que
207 1849 265 1879 fere
292 1850 460 1888 descendit,
478 1851 529 1881 ubi
549 1858 592 1881 est
614 1851 782 1891 superficies
803 1861 893 1890 aquae
918 1860 995 1884 extra
1017 1853 1154 1884 fistulam.

1594 1906 1641 1946 3⁰·

156 1975 206 2007 (ι)
225 1973 276 2000 Vid.
291 1975 346 1999 ibid.
367 1980 390 2003 ι».
405 1981 428 2000 2.

906 2023 934 2051 D
955 2031 971 2060 ³
