1913 2417
323 116 709 150 COMMENTATIO
738 125 784 146 niz
812 114 1113 145 AFFINITATE
1137 115 1380 148 CHEMICA.
1567 124 1610 160 25

90 204 216 240 aequale
240 204 377 233 volumen
401 203 482 232 etiam
505 202 650 238 aequalem
675 207 836 229 atomorum
873 208 1022 228 numerum
1054 199 1175 234 liabere3
1207 199 1262 228 hoc
1288 200 1374 228 modo
1401 199 1467 229 solo
1491 199 1602 229 eaedem

84 254 163 291 leges
185 255 221 283 iis
246 255 386 292 applicari
409 260 546 290 possunt.

123 305 171 334 Ex
189 305 268 335 omni
298 305 386 342 hujus
413 305 540 333 theoriae
572 302 815 338 contempiatione
852 302 922 331 satis
955 301 1139 330 manifestum
1173 307 1240 337 est,
1269 302 1316 330 nte
1344 302 1476 338 inprimis
1504 302 1549 338 agi
1570 302 1604 330 de

86 362 252 385 atomorum
277 365 418 391 numero,
447 356 497 391 qui
525 363 584 383 non
609 354 665 383 nisi
689 361 721 382 ex
746 354 871 389 pondere
897 355 1106 390 cognoscitur3
1138 360 1223 389 atque
1249 353 1278 382 in
1311 353 1363 381 hac
1394 353 1530 389 ponderis
1556 355 1604 381 de-

84 407 284 436 terminatione
319 407 453 436 facillime
486 415 585 443 graves
628 406 760 433 oriuntur
789 413 908 434 errores,
957 404 1069 433 Etenim
1104 412 1187 440 saepe
1219 404 1249 433 in
1281 405 1371 440 prima
1402 405 1523 433 duorum
1551 404 1606 432 ele-

83 465 244 487 mentorum
275 459 511 493 combinatione,
533 459 623 494 cujus
646 457 775 484 notitiam
803 457 962 490 habemus,
986 444 1040 483 una
1069 457 1214 492 cujusque
1236 455 1367 483 elementi
1391 462 1506 484 atomus
1535 463 1605 483 con-

78 510 192 544 currit,
214 511 452 544 uuemadmodum
478 509 507 538 in
531 511 631 547 prima
656 507 785 537 Berzelci
807 508 867 544 lege
890 507 1047 535 indicatur:
1081 507 1132 535 hac
1157 508 1217 543 lege
1244 508 1333 544 igitur
1356 507 1436 536 ducti
1470 506 1605 542 ponderis

80 560 220 590 rationem
245 561 318 590 inter
340 562 388 590 iila
419 562 556 590 elementa
583 560 760 595 detegimus,
783 559 862 594 quod
896 566 993 586 verum
1027 559 1171 594 cujusque
1203 559 1290 587 atomi
1322 559 1437 594 pondus
1471 558 1603 587 liabetur·

79 611 121 641 At
139 620 220 641 nunc
239 612 305 647 illa,
324 621 409 648 quam
433 611 592 647 simplicem
611 612 777 647 putavimus
790 631 800 646 ‚
825 617 938 638 atomus
960 618 996 639 ex
1014 609 1128 637 duobus
1146 618 1241 638 revera
1262 609 1384 638 formata
1403 617 1468 638 esse
1485 608 1602 644 potest,¹

79 663 154 691 unde
188 662 216 691 in
242 663 321 692 omni
352 670 451 691 nostra
480 663 699 698 computatione
733 662 833 690 virium
859 661 1039 697 irrepsisset.
1092 659 1169 689 Hinc
1206 661 1293 697 igitur
1326 669 1391 696 est,
1421 661 1503 696 quod
1531 660 1606 687 mul-

75 714 169 749 tiplici
195 714 305 743 ratione
332 715 362 743 in
392 720 555 742 atomorum
590 714 706 749 pondus
741 714 911 748 inquirunt,
941 720 1059 748 quarum
1094 719 1149 740 tres
1183 721 1198 740 a
1225 712 1357 742 Berzelio
1391 719 1602 740 memorantur:

79 764 122 794 ιο.
144 766 304 794 reiucendo
335 765 564 800 proportiones,
595 764 704 800 quibus
734 765 792 792 duo
823 765 960 792 ele-menta
994 770 1240 798 componuntur,
1271 765 1304 791 al
1350 763 1603 800 simplicissimum

76 822 239 845 atomorum
270 824 445 844 numerum:
482 816 528 845 20.
549 817 742 851 comparando
781 815 898 851 gradum
930 815 1160 850 sulphuratmnis
1198 823 1263 842 cum
1305 816 1504 850 (afflatione,
1530 813 1605 841 inter

76 875 154 903 quos
182 875 286 896 nexum
311 874 339 895 et
361 868 589 896 convenientiam
618 875 714 895 revera
742 866 841 895 adesse
864 873 944 894 antea
975 866 1118 894 vidimus:
1150 873 1176 893 et
1206 865 1246 902 3⁰.
1272 866 1473 894 conclu.iendo
1496 871 1529 893 ex
1557 873 1602 893 sa-

76 917 148 948 uum
171 918 405 954 compositione,
435 919 470 946 ad
496 918 572 946 illam
603 919 788 954 OXY'tOl'Ul'Il,
813 926 935 953 quorum
963 917 1041 945 acida
1068 917 1235 952 multiplum
1270 917 1439 952 quantitatis
1467 915 1602 953 oxygenii

74 969 228 999 continent
249 969 344 1004 ipsius
365 970 465 1006 oxydi.
511 970 622 998 Praeter
639 969 780 1005 triplicem
803 969 876 997 hanc
900 968 1066 997 methodum
1093 976 1119 997 et
1143 967 1194 996 alia
1220 974 1355 1004 quaenam
1380 970 1504 1003 dantur,
1530 975 1604 1003 quae

76 1019 125 1048 htc
148 1019 291 1057 egregium
312 1028 396 1049 usum
423 1020 578 1055 praebent,
601 1029 731 1056 quaeque
748 1021 777 1048 in
793 1020 922 1048 Berze'l‘u'
945 1020 1109 1056 opusculo,
1129 1020 1203 1048 untie
1223 1020 1291 1047 haec
1316 1017 1486 1055 collegimus
1500 1039 1510 1054 ,
1531 1027 1602 1047 enu-

77 1077 239 1105 merantur:
270 1071 322 1099 has
347 1081 412 1100 vero
439 1072 592 1101 mittendas
617 1080 680 1100 esse
699 1079 852 1107 putamus;
873 1079 960 1106 quum
988 1080 1038 1106 ea,
1058 1079 1130 1106 quae
1153 1069 1187 1098 <ie
1205 1070 1339 1106 ponderis
1362 1069 1601 1099 determinatione·

75 1121 152 1152 dicta
175 1128 265 1157 sunt,
287 1131 347 1151 non
371 1123 427 1152 nisi
453 1124 487 1151 ad
511 1123 732 1152 illustrationem
756 1124 905 1158 quamdam
932 1123 978 1151 hic
1004 1122 1235 1151 memoravimus.

115 1173 238 1210 Egregia
268 1175 371 1209 procul
404 1175 493 1203 dubio
517 1183 547 1203 ea
572 1183 664 1209 sunt,
698 1182 771 1210 quae
799 1173 945 1204 Daltonus
961 1194 971 1208 ‚
999 1174 1161 1209 Lusacius,
1183 1181 1211 1202 et
1233 1172 1384 1203 Berzelius
1407 1172 1440 1202 de
1464 1162 1599 1210 legibus,

74 1224 158 1264 juxta
183 1233 254 1260 quas
276 1233 400 1261 corpora
424 1226 567 1254 cnemicas
593 1226 823 1254 combinationes
848 1225 966 1260 ineunt,
998 1232 1222 1261 proposuerunt.
1263 1226 1341 1254 Ante
1367 1225 1433 1254 illos
1453 1225 1510 1261 jam
1533 1221 1601 1260 p’lu-

76 1275 140 1305 rimi
164 1274 298 1304 Chemici
323 1276 499 1306 desudarunt
523 1277 551 1306 in
573 1277 732 1305 condendis
760 1277 839 1305 hisce
866 1277 998 1313 legibus,
1026 1277 1094 1304 haec
1119 1284 1214 1305 tamen
1240 1285 1283 1304 res
1310 1283 1443 1311 optatum
1464 1270 1621 1305 eventum’

76 1334 137 1356 non
162 1326 277 1355 habuit.
327 1326 509 1364 Bergmamzo
539 1328 633 1363 primo
662 1327 866 1355 accuratiorem
903 1326 1125 1363 proportionum
1161 1324 1351 1355 chemicarum
1383 1327 1514 1356 notitiam
1552 1326 1600 1356 de&

75 1376 195 1412 bemus,
223 1384 292 1413 post
321 1385 405 1412 quem
434 1378 614 1414 Riemann,
646 1378 788 1416 Hrggins,
813 1377 1025 1412 Bertbolletus‚
1054 1378 1184 1413 Proust,
1209 1379 1315 1414 aliique
1337 1378 1455 1406 maxime
1486 1379 1540 1406 hac
1565 1378 1601 1407 de

75 1436 105 1459 re
130 1427 224 1456 meriti
247 1434 336 1463 sunt,
364 1437 396 1456 ac
421 1429 503 1464 plura
533 1429 702 1458 invenerunt
732 1435 760 1457 et
785 1430 978 1458 observarunt
1011 1430 1113 1458 summi
1148 1430 1285 1458 momenti
1309 1429 1493 1458 aestimanda.
1537 1429 1598 1458 Ho-

73 1486 136 1512 tum
168 1478 293 1507 inventis
319 1479 601 1516 ›instructi„adjuti
633 1480 781 1516 gravitatis
815 1480 966 1516 specificae
994 1481 1176 1509 diversorum
1213 1486 1367 1515 corporum
1406 1479 1596 1516 gasformium

75 1529 330 1565 determinatione,
352 1536 425 1565 ⁴post
450 1530 591 1566 ingentem
619 1532 877 1567 experimentorum
902 1541 933 1561 ac
957 1531 1194 1561 observationum
1210 1538 1361 1559 numerum
1385 1531 1480 1567 magni
1503 1532 1545 1559 iili
1565 1532 1596 1561 in

70 1588 129 1610 arte
151 1581 204 1610 viri
231 1581 368 1617 quaedam
393 1581 593 1617 collegerunt,
616 1590 689 1617 quae
713 1583 779 1611 licet
805 1592 861 1612 rem
888 1583 923 1612 ab
951 1583 1028 1612 omni
1054 1589 1133 1620 parte
1148 1582 1278 1611 nondum
1304 1582 1475 1617 absolvant,
1498 1589 1593 1612 tamen

70 1631 149 1670 haud
174 1632 256 1667 parvi
282 1632 402 1661 omnino
420 1632 528 1661 valoris
551 1638 628 1662 sunt.
667 1633 729 1669 Jam
755 1643 835 1664 nunc
861 1643 928 1671 spes
958 1632 1095 1670 affulget,
1129 1633 1191 1662 fore
1215 1634 1388 1669 aliquando,
1415 1640 1446 1662 ut
1471 1633 1501 1662 in
1531 1634 1599 1662 cbe-

74 1683 178 1727 micis,
209 1691 298 1719 aeque
328 1691 360 1712 ac
388 1683 418 1711 in
448 1683 643 1720 mechanicis,
674 1685 850 1722 hydraulicis
887 1685 1053 1721 disciplinis
1082 1685 1277 1721 phaenomena
1307 1685 1342 1714 ad
1368 1685 1511 1714 calculum
1545 1693 1596 1714 vo·

69 1740 190 1774 centur:
214 1734 293 1770 quod
314 1734 371 1771 jam
397 1741 465 1770 post
488 1743 578 1770 pauca
602 1735 669 1764 haec
694 1737 847 1772 proposita
862 1737 958 1774 ,hodie
984 1735 1042 1765 fieri
1066 1743 1175 1772 potest.

115 1785 170 1814 His
191 1786 226 1813 de
251 1784 364 1821 legibus
388 1785 495 1820 dictis,
516 1786 599 1823 juxta
615 1795 686 1822 quas
705 1796 862 1826 corporum
883 1789 1020 1818 elementa
1039 1788 1277 1826 conjunguntur,
1298 1787 1333 1817 ad
1358 1793 1489 1825 quartum
1507 1780 1598 1827 hujus

69 1836 324 1868 commentationis
349 1842 436 1874 caput
460 1837 688 1875 progrediamur.
1590 1839 1592 1843 ’

859 1994 888 2024 D
1458 1990 1598 2023 CAPUT
