1913 2417
305 140 342 172 24
664 132 1456 170 G.c.n.SUR1NGAR

313 216 437 244 servavit
462 224 476 245 e
497 217 603 247 cortice
625 218 742 255 proprie
774 218 853 247 dicto
883 220 947 256 (un
976 227 1070 249 reseau
1096 222 1213 251 cortical
1236 222 1366 260 (34)),
1393 223 1553 252 numerosis
1584 222 1690 252 osculis
1718 222 1817 252 absor-

314 265 449 296 bentibus
483 269 625 306 (ghtndes
655 269 805 298 corticales
839 271 964 307 (35))
989 270 1130 301 instructo
1160 280 1186 301 et
1210 282 1242 302 ex
1269 273 1452 308 Epidermide
1475 282 1560 310 supra
1578 274 1634 311 jam
1660 273 1814 310 descripta.

310 316 367 346 nic
391 326 488 348 cortex
511 320 648 348 foliorum
678 320 793 355 proprie
815 320 910 348 dictus
938 323 1125 358 componitur
1148 332 1163 351 e
1184 324 1311 353 minimis
1336 325 1390 353 iilis
1417 325 1556 354 tortuosis
1582 331 1610 353 et
1633 325 1662 353 in
1683 333 1733 353 axe
1758 324 1818 360 pel-

309 368 432 405 lucidis,
464 379 535 405 quae
559 371 679 398 invicem
700 371 800 407 juncta
829 370 955 400 formant
982 379 1039 400 rete
1067 375 1153 409 (non
1176 381 1286 404 tantum
1309 375 1338 403 in
1363 376 1490 405 diversae
1513 375 1619 412 speciei
1642 375 1742 410 foliis,
1771 374 1820 403 sed

310 420 394 449 etiam
429 420 457 448 in
490 427 610 457 utraque
641 431 739 450 corum
770 421 842 450 facie
865 422 1007 451 diversum
1030 425 1160 461 (36)).,
1191 426 1275 462 cujus
1305 433 1382 455 areae
1407 427 1469 463 (les
1494 426 1627 464 mailles)
1657 425 1819 463 irregularis

305 470 460 499 admodum
488 479 557 500 sunt
583 472 701 509 figurae.

355 521 466 550 Oscula
488 523 689 560 absorbentia,
713 533 785 560 quae
817 525 894 554 nudo
928 526 1033 560 oculo,
1062 533 1093 554 ut
1128 533 1262 562 puncta,
1290 537 1352 557 sese
1374 528 1570 563 exhibebant,
1598 536 1675 557 nunc
1699 525 1816 562 conspi-

309 571 458 601 ciebantur
478 573 585 610 figurae
609 576 722 611 ovalis,
755 576 784 604 in
811 575 969 611 peripheria
996 585 1048 604 sua
1075 577 1236 613 pellucida‚
1263 579 1435 614 glanduloso
1469 579 1593 615 margine
1623 577 1819 611 circumdata,

308 630 336 651 et
359 623 387 651 in
415 632 517 653 centro
542 634 598 654 suo
622 634 743 663 corpore
771 627 900 663 oblongo
924 627 1087 662 instructa,
1117 629 1202 665 cujus
1229 628 1319 657 media
1341 637 1405 665 pars
1426 630 1455 658 in
1477 629 1541 658 aliis
1573 630 1673 657 iteruin
1699 627 1820 663 pelluci-

308 674 363 710 da,
385 675 414 703 in
438 675 502 703 aliis
524 685 614 712 opaca
634 677 913 713 deprehendebatur:
942 677 1009 706 haec
1034 679 1134 706 oscula
1157 679 1357 715 absorbentia,
1389 688 1461 715 quae
1480 687 1544 708 cum
1567 678 1725 715 parietibus
1750 678 1819 705 telae

308 725 450 754 cellularis
475 727 646 763 cohaerent,
671 728 701 756 in
726 727 799 757 facie
818 727 955 758 foliorum
981 735 1081 757 terram
1106 735 1252 766 spectante
1273 730 1439 766 copiosiora
1462 732 1649 766 plerumque,
1678 736 1763 765 quam
1788 728 1819 756 in

309 784 407 805 eorum
432 777 536 813 pagina
562 779 703 814 superiori
729 786 897 808 occurrunt.

347 827 456 856 Cortex
480 827 616 857 foliorum
643 830 672 858 in
698 831 861 860 universum
883 839 947 859 cum
964 831 1055 859 caulis
1080 831 1277 860 adscendentis
1298 832 1434 867 Cortice,
1460 841 1493 861 ex
1515 840 1574 868 quo
1600 836 1694 860 ortum
1714 823 1817 864 habet,

311 878 465 913 convenit,
495 878 523 907 in
547 879 627 909 foliis
651 889 719 909 vero
743 890 776 909 ex
800 881 885 910 unico
909 887 1018 910 tantum
1044 888 1133 910 strato
1153 889 1289 918 constat,
1310 884 1377 911 dum
1399 883 1429 911 in
1448 882 1512 911 aliis
1534 881 1738 919 vegetabilium
1756 888 1820 917 par-

309 928 389 956 tibus
410 937 424 956 e
444 929 576 964 pluribus
602 932 700 960 stratis
725 933 921 968 componitur.

348 979 436 1017 Quod
460 980 495 1007 ad
519 979 656 1010 foliorum
681 982 810 1011 Corticis
839 991 946 1017 usum,
975 983 1005 1011 in
1029 983 1099 1011 duas
1133 983 1283 1019 praecipue
1313 984 1404 1012 abiere
1427 982 1601 1012 sententias:
1631 991 1647 1011 a
1673 982 1822 1011 nonnullis

309 1038 410 1065 nempe
435 1030 554 1058 habetur
576 1040 716 1068 organum
745 1032 926 1069 absorptioni
951 1034 1074 1062 dicatum
1091 1053 1101 1068 ‚
1129 1042 1200 1069 quae
1224 1041 1316 1062 tamen
1342 1035 1502 1069 sententia,
1533 1042 1623 1070 quum
1650 1032 1821 1069 absorptio,

310 1081 388 1108 laeso
410 1080 537 1117 cortice,
560 1090 619 1111 non
647 1083 798 1119 turbetur,
821 1083 891 1112 falsa
918 1092 981 1113 esse
1003 1084 1132 1120 videtur;
1163 1085 1199 1113 ab
1220 1085 1284 1114 aliis
1306 1094 1373 1115 vero
1393 1086 1513 1122 majori,
1543 1091 1574 1113 ut
1602 1084 1673 1113 mihi
1693 1084 1825 1118 videtur,

314 1131 379 1169 jure
395 1131 516 1161 habetur
533 1140 671 1170 organum
687 1134 839 1165 descensui
855 1135 1020 1174 liquorum,
1038 1136 1067 1166 in
1083 1137 1304 1174 parenchyrnate
1327 1144 1518 1173 secretorum,
1538 1135 1711 1166 destinatum
1727 1136 1784 1174 (37
1793 1135 1821 1172 ).

1016 1229 1046 1265 S.
1088 1239 1118 1268 7.

961 1305 1173 1343 Parem-hyma-

351 1390 470 1418 Cortice
492 1390 629 1420 foliorum
663 1392 780 1428 ablato,
811 1394 972 1423 substantia
1001 1396 1136 1431 quaedam
1169 1395 1254 1424 nobis
1285 1394 1412 1423 occurrit
1439 1393 1547 1421 coloris
1571 1391 1676 1421 intensi
1707 1389 1826 1425 viridis,

316 1438 367 1466 sed
391 1440 477 1469 simul
501 1451 590 1478 opaca
607 1450 634 1471 et
661 1444 722 1473 sine
745 1445 916 1481 splendore,
939 1447 1149 1482 parenchyma,
1171 1447 1215 1474 vel
1240 1446 1329 1482 pulpa
1354 1444 1489 1473 foliorum
1515 1443 1607 1477 dicta,
1629 1442 1713 1479 cujus
1733 1442 1829 1477 splen-

313 1489 366 1517 dor
390 1489 574 1526 restituitur,
603 1494 627 1521 si
651 1504 717 1530 pars
743 1496 873 1524 Cortieis
899 1497 1027 1525 detracta
1060 1496 1084 1524 ei
1116 1505 1217 1525 rursus
1250 1496 1410 1532 applicatur
1441 1496 1500 1532 (38
1511 1497 1536 1531 ).
1585 1494 1661 1522 Haec
1689 1492 1778 1528 pulpa
1800 1491 1829 1520 in

315 1539 386 1567 areis
408 1548 423 1567 a
446 1540 525 1568 fibris
551 1542 674 1578 ligneis,
703 1554 775 1580 quae
806 1547 942 1575 sceletum
968 1548 1172 1583 constituunt,
1201 1547 1308 1575 relictis
1333 1545 1522 1580 invenienda,
1550 1543 1709 1573 substantia
1731 1543 1831 1571 admo·

315 1590 381 1619 dum
403 1591 585 1627 composita,
607 1602 665 1622 non
687 1597 861 1632 vasculosa,
885 1598 935 1626 sed
961 1599 1101 1626 cellulosa
1122 1606 1183 1626 esse
1205 1598 1326 1626 videtur.

355 1641 516 1670 Secundum
557 1643 755 1683 Alalpighium
794 1648 848 1676 hoc
888 1648 1079 1684 pai-enchyma
1109 1657 1123 1677 e
1155 1648 1291 1677 vesiculis
1313 1668 1323 1683 ,
1359 1655 1410 1676 seu
1446 1645 1579 1674 utriculis
1618 1643 1739 1673 invicem
1763 1644 1832 1681 J’un-

318 1692 394 1728 ctis,
415 1701 499 1730 saepe
524 1694 778 1734 horizontalibus,
801 1707 885 1735 saepe
909 1699 1107 1736 magnitudine
1136 1706 1163 1728 ct
1188 1699 1278 1736 figura
1298 1720 1309 1735 ,
1340 1699 1370 1727 in
1392 1697 1518 1726 diversae
1541 1695 1646 1732 speciei
1668 1694 1767 1730 foliis,
1790 1694 1833 1723 di·

1772 1754 1834 1775 vcr-

344 1836 412 1865 (34)
433 1838 536 1857 Saurrure
558 1838 574 1859 Ι.
593 1845 613 1860 c.
636 1846 684 1867 pag.
702 1847 739 1868 27.

348 1878 414 1906 (³3)
435 1880 538 1899 Samma
562 1880 576 1902 Ι.
591 1886 610 1902 ⁶-
633 1887 683 1908 pag.
700 1883 736 1904 60.
779 1883 808 1904 D.
828 1883 852 1908 J.
875 1884 899 1907 Γ.
921 1885 1082 1913 Blmnentmch,
1109 1885 1230 1907 llandhmh
1251 1885 1290 1905 dar
1311 1883 1530 1911 Narurgmhtchu,
1553 1883 1674 1911 contingen
1695 1887 1763 1911 1797,
1785 1887 1836 1910 ΡΨ

318 1920 360 1945 482
382 1920 405 1940 in
429 1925 489 1941 nota.
743 1923 805 1949 (36)
831 1925 978 1948 Blumcnhacl»
1001 1927 1017 1950 1,
1035 1933 1055 1948 c.

350 1960 414 1987 (87)
438 1960 489 1983 Vid.
511 1960 586 1984 Sectio
604 1961 641 1983 lv.
665 1968 715 1990 cap.
732 1968 752 1990 3.
772 1966 791 1990 S.
805 1965 828 1989 6.
1116 1968 1183 1996 (³⁸)
1204 1966 1256 1989 vid.
1279 1965 1409 1988 Samariae
1431 1965 1448 1987 Ι.
1465 1970 1485 1989 c,
1505 1971 1556 1993 pag.
1570 1969 1593 1990 s.
