1913 2417
703 174 1182 207 ORAT10.>-
1605 172 1646 208 13

210 269 259 304 ‘Ad
283 280 453 302 numerum
486 277 598 300 eorum
631 278 712 310 quae
740 269 919 299 testimonia
949 269 1113 299 eximioris
1156 266 1320 299 doctrinae
1349 267 1445 299 hodie
1469 267 1640 311 proferun-

171 336 248 368 tur,
279 326 415 359 adscribi
447 326 541 357 debet
574 323 626 355 ille
659 335 832 355 consensus
865 324 1031 363 laborum,
1066 331 1097 356 et
1133 326 1215 356 mira
1246 325 1495 356 communicatio
1526 326 1640 357 utilitas

170 393 254 423 mm,
277 394 376 427 quam
403 382 464 414 sibi
488 381 613 425 physici
640 388 905 423 comparaverunt
929 392 1003 412 cum
1031 382 1069 412 iis
1092 382 1149 424 qui
1175 388 1257 413 artes
1282 388 1438 415 exercent.
1497 384 1539 413 Eu
1562 391 1642 414 coni

165 440 321 479 suetudo‚
345 450 426 482 quae
445 438 549 470 indies
567 439 667 479 magis
692 437 867 475 increbuit,
889 437 1038 480 inprimis
1060 438 1158 481 digna
1173 445 1220 469 est
1241 449 1323 481 quae
1345 449 1362 469 a
1386 439 1480 471 nobis
1499 440 1640 471 animad-

164 502 346 529 verteretur.
389 496 471 527 Nam
491 494 570 538 quid
598 501 680 525 artes
707 493 856 525 beneficii
880 495 1035 537 accipiant
1060 506 1098 526 ex
1133 505 1195 526 usu
1225 493 1402 533 doetrinae,
1427 496 1491 538 jam
1520 503 1566 527 est
1587 498 1640 527 tri<

166 559 236 584 tum
260 558 499 595 argumentum.
543 552 648 591 Quam
675 562 753 582 vero
782 552 867 594 ipsae
893 558 992 588 artes,
1018 558 1048 582 et
1087 551 1216 583 rudium
1246 550 1416 582 hominnm
1441 552 1563 583 labores
1584 553 1640 583 ad·

161 610 310 653 jumento
339 608 463 652 possint
483 617 551 639 esse
571 607 755 647 doctrinae,
778 614 885 639 noslra
911 613 1054 648 tempora
1078 607 1209 639 demum
1233 607 1402 640 declarant.
1447 608 1528 640 Sunt
1552 610 1640 640 enim

164 665 323 709 principia
353 671 386 695 et
419 665 557 695 rationes
584 674 692 694 rerum
722 665 820 695 nimis
853 664 1026 710 aliqnando
1051 663 1091 695 ab
1115 664 1191 707 ipsis
1218 664 1314 695 rebus
1349 672 1510 705 remotae,
1542 677 1641 709 quam

160 728 197 752 ut
221 720 336 752 harum
364 721 550 752 varietatem
575 722 753 762 perspicere
786 721 878 763 plane
903 721 1083 762 possimus,
1115 721 1179 751 nisi
1205 721 1245 751 ad
1271 731 1323 751 eas
1356 732 1413 763 per
1442 733 1474 752 se
1499 723 1641 755 conside-

162 776 277 808 randas
312 786 373 807 nos
406 776 569 808 interdum
599 775 804 807 demutamus
828 777 902 816 (3).
957 776 1162 819 Philosophia
1186 777 1342 808 naturalis
1369 785 1476 811 autem
1505 778 1554 808 vel
1584 789 1640 809 na-

163 840 253 865 turae
272 842 376 875 ‚opera
410 831 546 875 explicat
564 855 573 870 ,
603 831 654 863 vel
685 833 829 872 artium3
863 833 954 876 sique
981 844 1017 864 ea
1044 834 1165 876 optima
1189 834 1363 876 judicanda
1384 836 1424 865 sit
1449 835 1639 877 disciplina,

163 900 245 933 quae
266 894 414 920 naturam
436 889 664 931 experimentis
692 895 846 932 perpetuo
880 896 1061 928 scrutatur,
1093 890 1204 921 eadem
1231 891 1317 933 cogit
1343 897 1379 922 ut
1401 899 1482 922 artes
1508 903 1639 934 quoque

159 945 423 982 consideremus,
453 945 481 975 si
518 955 630 976 earum
661 946 800 976 rationes
837 946 965 986 penitus
996 946 1172 989 intelligere
1202 949 1379 990 cupiamus.
1425 947 1522 987 Quod
1551 949 1641 979 enim

158 1003 201 1040 ad
236 1008 385 1034 naturam
417 1001 636 1043 experimenta
672 1001 778 1032 valent
799 1025 808 1041 ,
838 1001 872 1032 id
903 1002 943 1033 ad
975 1002 1154 1035 doctrinam
1188 1004 1227 1035 de
1255 1011 1346 1035 motu
1379 1011 1411 1035 et
1441 1004 1480 1035 de
1513 1005 1641 1036 mecha·

160 1061 249 1097 nica,
273 1068 369 1101 opera
389 1055 558 1088 artificum.
604 1060 686 1088 Sunt
711 1057 858 1089 officinae
883 1069 996 1089 eorum
1020 1060 1112 1102 quasi
1133 1060 1258 1092 scholae
1284 1061 1319 1092 in
1345 1059 1464 1102 quibus
1483 1068 1640 1103 perpetua>

156 1117 307 1149 visuntur
336 1113 566 1155 experimenta.
625 1115 711 1152 Quas
746 1113 832 1145 adire
854 1125 893 1145 eo
926 1115 1051 1158 saepius
1082 1127 1142 1147 nos
1178 1123 1323 1159 oportet,
1353 1128 1440 1159 quc,
1472 1119 1500 1149 si
1520 1128 1558 1149 ex
1585 1118 1642 1150 his*

161 1170 341 1205 rationibus
370 1169 507 1212 excipias
538 1171 785 1208 astronomiam,
819 1169 943 1202 fatearis
979 1183 1105 1203 necesse
1139 1173 1199 1211 sit,
1228 1173 1395 1216 physicam
1430 1173 1536 1205 adhuc
1564 1166 1661 1217 plus>

160 1227 334 1271 aliquando
362 1225 553 1264 hominurn,
577 1236 674 1268 quam
699 1227 799 1268 ipsius
832 1234 963 1259 naturae
988 1239 1084 1271 opera
1111 1228 1281 1271 explicare.
1324 1232 1409 1261 Dum
1446 1236 1552 1262 autem
1580 1230 1638 1262 do*

155 1285 260 1317 ctrina
284 1293 353 1314 nou
380 1281 519 1324 amplius
541 1292 574 1312 ae
607 1282 647 1312 ab
677 1288 743 1313 arte
775 1285 926 1322 secernit,
953 1295 1087 1328 eamque
1111 1286 1238 1328 ignorat
1265 1297 1363 1329 quam
1388 1288 1471 1318 tueri
1490 1286 1637 1327 deberet,

163 1351 270 1383 neque
292 1349 344 1370 ars
371 1338 406 1369 in
428 1337 568 1369 tenebris
592 1339 709 1370 versari
738 1339 860 1371 mavult
893 1342 996 1384 seipsa
1028 1349 1198 1381 comenia,
1220 1342 1370 1375 sedeam
1394 1343 1456 1375 sibi
1475 1344 1634 1388 praesidio

159 1398 300 1442 quaerit,
322 1397 375 1427 cui
399 1393 556 1426 auxilium
582 1394 700 1426 laboris
727 1396 778 1427 sui
808 1397 948 1428 vicissim
975 1405 1133 1441 praestare
1159 1406 1272 1443 potest.

167 1487 169 1490 ,
201 1450 481 1494 Quemadmodum
507 1452 605 1493 igitur
634 1459 707 1484 ante
737 1453 899 1484 saeculum
930 1465 1005 1485 cum
1032 1455 1168 1487 dimidio
1195 1457 1332 1500 amplius
1355 1457 1388 1489 id
1418 1457 1480 1489 illis
1509 1464 1635 1501 tempo.

156 1506 247 1539 ribus
266 1506 354 1538 laudi
377 1506 488 1538 datum
513 1513 575 1546 est,
605 1508 695 1550 quod
728 1515 797 1540 tum
824 1512 966 1552 primum
996 1522 1058 1542 usu
1085 1513 1175 1544 venit
1200 1520 1236 1544 ut
1264 1513 1350 1544 docti
1379 1515 1440 1546 viri
1465 1516 1640 1547 societates-

156 1565 240 1595 inter
273 1573 306 1595 se
332 1563 470 1602 inirent,
498 1574 537 1594 ex
565 1564 685 1605 quibus
715 1564 761 1594 illi
795 1567 1051 1605 Commentarii,
1084 1568 1173 1610 pleni
1206 1580 1314 1601 rerum
1349 1577 1445 1613 atque
1469 1571 1639 1613 quoddam·

158 1620 248 1663 quasi
273 1618 428 1662 pabulum
450 1618 622 1661 physicae,
641 1621 744 1651 exorti
775 1628 873 1658 sunt‚·
901 1622 946 1653 sic
968 1621 1013 1653 de·
1032 1626 1150 1656 nostris
1180 1625 1379 1669 temporibus
1400 1626 1433 1656 id
1451 1627 1524 1669 jure
1544 1639 1634 1671 prae-

156 1674 329 1708 dicandum
356 1682 452 1718 puto,
475 1674 565 1717 quod
587 1675 759 1707 Societates
787 1676 858 1708 illae
888 1678 929 1709 ad,
952 1685 1078 1711 mentes
1097 1681 1206 1713 minus
1228 1681 1429 1713 eruditorum
1450 1693 1632 1717 accommo-

155 1731 245 1768 datae
269 1731 357 1770 sint,
379 1731 442 1770 viri
464 1731 620 1774 ingeniosi
646 1732 683 1763 in*
712 1733 834 1765 artibus
859 1739 890 1766 et
926 1736 1063 1778 negotiis
1092 1745 1253 1770 versantes
1283 1738 1323 1769 ad
1351 1749 1404 1770 eas
1434 1738 1554 1772 fuerint
1577 1742 1631 1774 ad·

158 1788 286 1830 scripti,
317 1788 378 1830 ipsi
405 1794 512 1819 aulem
538 1787 708 1820 liberaliter
735 1790 775 1821 de
800 1791 867 1822 suis
900 1792 1081 1824 rationibus
1109 1805 1185 1826 cum
1217 1794 1358 1838 physicis
1392 1798 1632 1831 communicare

157 1843 303 1882 nolant,
326 1854 442 1887 easque
468 1850 583 1888 sponte
610 1844 784 1888 aliquando
810 1847 844 1879 in
869 1859 965 1880 usum
990 1861 1197 1882 communem
1225 1852 1371 1883 omnium
1392 1851 1540 1894 proferre.
1586 1857 1632 1887 Ut

156 1901 222 1938 sic,
245 1900 517 1943 quemadmodum
544 1902 578 1932 in
609 1908 742 1942 natura,
766 1903 809 1934 ita
833 1904 867 1935 in
886 1912 952 1937 arxe
977 1907 1017 1938 ab
1044 1909 1264 1951 experimento
1293 1914 1324 1939 et
1351 1908 1422 1951 ipso
1445 1908 1631 1944 discrimine

159 1966 266 1990 nrum
289 1956 422 2000 profecti
451 1957 492 1991 ad
523 1957 767 2001 explicationem
798 1961 955 2006 cujusque
982 1966 1149 2008 pervenire
1165 1989 1175 2005 ,
1211 1972 1243 1999 et
1263 1971 1419 2009 'tanquam
1447 1967 1542 1998 variis
1564 1978 1631 2009 gra·

1582 2021 1630 2054 di-
