1913 2417
406 99 917 132 COMMENTATIO
974 100 1329 131 BOTANICA.
1594 101 1633 132 29

116 204 141 221 „
162 191 231 214 vant
255 185 289 214 de
313 193 445 215 nouveau
467 185 584 215 l'action
608 186 646 213 du
674 184 768 214 soleil.
808 184 850 212 La
879 185 1049 214 maceration
1075 184 1257 220 interrompit
1283 191 1316 212 ce
1342 180 1502 218 spectacle:
1525 187 1559 208 en
1581 179 1630 207 de·

115 255 139 272 „
160 237 274 264 tacitam
298 245 344 265 ces
372 245 458 272 corps
487 237 525 265 du
553 236 629 264 tissu
653 235 823 271 cellulaire3
852 236 889 264 ils
914 245 943 265 se
968 237 1137 266 mouvoient
1161 245 1195 265 en
1222 242 1303 263 touls
1335 242 1411 262 sens.
1449 232 1481 268 Je
1502 239 1537 259 ne
1554 229 1629 264 sais,

113 307 137 323 „
159 288 184 317 si
209 289 238 324 J'e
257 296 302 316 me
330 295 457 324 trompe,
483 288 552 316 mais
580 287 606 315 le
627 293 812 315 mouvement
833 287 867 314 de
893 296 939 316 res
962 296 1048 323 corps
1075 296 1118 316 me
1142 289 1236 324 paroit
1259 286 1339 315 avoir
1361 285 1395 313 de
1419 283 1536 320 grandes
1561 289 1629 310 ana-

111 359 136 375 „
157 339 247 376 logies
269 348 336 367 avec
361 340 454 374 celui,
476 347 531 374 que
554 337 640 366 Corti
664 346 678 365 a
698 337 822 366 observe
850 339 920 367 dans
940 340 1081 374 quelques
1109 337 1264 374 plantes-'⁵

147 391 243 427 Hujus
265 390 402 418 foliorum
430 390 570 418 medullae
594 389 642 416 ille
661 388 776 417 videtur
799 398 862 417 esse
885 399 973 425 usus,
996 397 1028 418 ut
1059 389 1297 424 quemadmodum
1322 389 1350 415 in
1371 386 1490 423 reliquis
1515 390 1630 422 vegeta-

108 441 210 470 bilium
225 441 355 478 partibus
374 440 482 479 (62),
508 441 722 477 receptaculum
745 441 889 477 quoddam
904 443 999 475 succis
1023 441 1217 470 alimentariis
1239 439 1386 477 praebeat.

806 532 835 567 ς.
879 540 925 562 10.

596 609 643 638 De
653 610 796 647 foliorum
818 612 935 646 organis
955 609 1136 640 primitivis

143 686 304 724 Hucusque
324 687 529 723 exposuimus,
551 694 566 714 e
582 687 758 722 quibusnam
784 687 937 723 partious,
961 687 994 714 ad
1019 688 1128 716 nudum
1155 688 1272 715 oculum
1299 685 1510 723 distinguendis
1525 705 1535 720 ,
1558 682 1629 712 folia

104 745 262 774 conStent,
289 744 316 766 et
349 739 482 773 quisnam
516 738 614 765 harum
646 739 770 773 partium
802 738 840 766 sit
872 746 954 767 usus,
1001 738 1090 766 Nunc
1124 746 1216 766 autem
1253 737 1376 765 breviter
1410 735 1630 765 monstrandum

105 795 257 825 superest,
282 796 419 824 quaenam
444 788 502 816 sint
521 796 625 825 organa
643 788 812 824 Primitiva⁷
834 789 896 816 sive
918 788 1109 817 Elementaria
1134 789 1199 826 (sit
1226 788 1308 816 venia
1326 788 1462 825 verbo),
1487 794 1560 823 quae
1573 794 1628 822 pro

105 841 213 876 modo,
235 848 297 875 quo
318 840 554 876 conjungantur,
576 839 703 868 diversas
727 839 865 867 foliorum
888 847 1066 875 componant
1089 847 1195 875 parteS.

142 891 209 921 Hoc
229 899 318 920 sensu
340 890 412 920 folia
428 890 679 925 examinantibus,
706 890 799 926 primo
824 890 890 919 loco
917 899 978 919 sese
995 890 1080 919 nobis
1107 889 1189 919 offert
1209 891 1263 919 tela
1283 891 1444 925 cellulosa,
1464 889 1526 918 sive
1548 889 1629 918 Con-

102 948 203 972 textus
226 942 393 977 cellularis,
416 942 467 978 qui
493 947 584 969 totius
609 940 674 968 folii
700 949 808 977 corpus
832 947 966 976 occupat.
1008 942 1086 970 Haec
1108 941 1246 970 foliorum
1271 943 1325 970 tela
1346 942 1504 976 cellulosa,
1527 948 1627 976 quem-

101 995 255 1023 admodum
285 993 315 1020 in
342 992 406 1021 aliis
440 993 603 1028 plautatum
633 992 765 1027 partibus
783 1012 794 1028 ,
822 1000 837 1020 e
863 992 977 1021 laminis
1012 992 1190 1021 tenuissimis
1211 1013 1221 1028 ,
1254 993 1284 1021 in
1313 993 1453 1028 plurimas
1485 992 1628 1026 cellulas,

103 1045 198 1074 variae
219 1044 348 1078 formae,
374 1042 431 1071 sibi
457 1043 609 1078 oppositas
633 1043 760 1078 divisis,
788 1050 922 1072 constare
943 1043 1074 1071 videtur:
1102 1043 1158 1072 hoe
1183 1049 1322 1072 contextu
1358 1043 1502 1071 celluloso
1524 1048 1627 1070 omnes

99 1096 266 1134 iunguntur
284 1101 313 1123 et
335 1094 552 1123 circumdantur
577 1101 689 1130 partes,
711 1094 818 1130 quihus
844 1094 916 1123 folia
940 1095 1060 1131 gaudere
1086 1103 1175 1131 supra
1198 1094 1337 1123 vidimus.

137 1148 185 1176 Ad
211 1154 316 1184 organa
342 1144 478 1174 foliorum
502 1144 650 1174 Primitiva
684 1144 827 1174 referenda
854 1146 936 1174 etiam
963 1152 1032 1174 sunt
1055 1153 1150 1181 vasa,
1181 1146 1289 1182 quibus
1318 1145 1389 1175 folia
1421 1145 1629 1174 instruuntur:

100 1199 234 1235 quamvis
257 1197 331 1226 enim
358 1196 528 1232 Physiologi
559 1196 688 1225 nondum
714 1198 907 1225 demonstrare
929 1197 1097 1233 potuerint,
1125 1196 1155 1225 in
1182 1197 1310 1233 plantis,
1338 1204 1425 1233 aeque
1448 1205 1480 1225 ac
1508 1196 1540 1224 in
1565 1194 1629 1224 ani-

99 1249 246 1282 malibus,
267 1247 494 1276 Circulationem
522 1254 678 1275 succorum
705 1247 836 1276 obtinere
858 1249 976 1283 locum;
1006 1256 1118 1277 certum
1144 1255 1237 1277 tamen
1261 1254 1348 1283 atque
1367 1254 1444 1277 extra
1467 1247 1626 1276 dubitatio-

97 1300 146 1330 nis
173 1300 260 1328 aleam
285 1297 418 1334 positum
445 1303 511 1331 est,
533 1296 563 1326 in
591 1297 727 1327 omnibus
752 1299 913 1335 plantarum
936 1298 1070 1335 partibus
1095 1307 1163 1328 vasa
1189 1300 1307 1335 adesse,
1337 1299 1454 1334 succis,
1484 1299 1535 1335 qui
1559 1306 1626 1335 pat-

94 1352 151 1381 tim
183 1351 343 1387 plantarum
376 1348 540 1377 evolutioni
571 1355 598 1377 et
634 1349 791 1378 nutritioni
825 1350 1015 1385 inserviunt,
1054 1351 1156 1386 partim
1184 1359 1252 1380 vero
1287 1350 1456 1387 (foliorum
1490 1356 1518 1378 et
1548 1348 1623 1377 radi-

97 1412 162 1432 cum
181 1401 264 1439 (63)
283 1400 361 1436 ope)
382 1406 597 1434 excernuntur,
623 1401 803 1429 adducendis>
826 1407 853 1429 et
880 1401 1066 1437 deportandis
1090 1402 1244 1431 destinata.
1289 1402 1402 1432 Horum
1428 1406 1564 1431 vasorum
1587 1399 1620 1428 in

95 1453 177 1483 foliis
201 1452 307 1488 duplex
333 1457 377 1479 est
400 1459 511 1488 genus,
535 1459 726 1480 succosorum
751 1460 854 1487 nempe
874 1459 901 1480 et
922 1453 1086 1488 spiraliu-m.

137 1505 215 1533 Vasa
240 1511 381 1536 succosa,
403 1496 476 1536 quae
504 1501 601 1530 ubivis
626 1502 655 1530 in
679 1503 761 1532 foliis
786 1504 992 1539 inveniuntur,
1013 1505 1043 1533 in
1065 1505 1237 1533 adducentia
1258 1510 1286 1531 et
1305 1502 1466 1531 reducentia
1492 1501 1622 1538 dispesci

96 1562 243 1593 possunt,
267 1561 392 1590 quorum
415 1552 463 1580 illa
486 1552 616 1588 liquores
639 1562 654 1581 a
676 1553 823 1582 radicibus
848 1555 1025 1591 absorptos,
1055 1562 1083 1583 et
1107 1563 1157 1591 per
1183 1555 1295 1591 lignum
1330 1555 1421 1582 caulis
1446 1554 1621 1582 adscendena

97 1614 158 1641 tes,
181 1606 214 1634 ad
231 1604 421 1640 pai-enchyma
441 1603 571 1638 vehunt,
594 1603 661 1631 haec
679 1612 747 1634 vero
773 1605 921 1640 liquores,
951 1606 981 1634 in
1005 1605 1142 1635 foliorum
1165 1606 1385 1642 parenchymate
1409 1612 1556 1639 secretos,
1582 1603 1621 1636 ad

98 1657 191 1689 caulis
215 1655 353 1686 corticem
378 1654 534 1684 revehuntz
557 1654 605 1683 illa
624 1654 653 1684 in
676 1656 805 1692 sceleto²
830 1657 898 1686 haec
922 1664 991 1686 vero
1014 1657 1046 1686 in
1069 1656 1190 1687 Cortice
1213 1656 1354 1686 foliorum
1377 1656 1575 1686 inveniuntur.

1161 1712 1163 1714 '
1535 1706 1619 1736 Prae-

119 1785 188 1816 (62)
206 1786 258 1807 Vld.
279 1784 416 1812 Senmbx'er,
436 1786 465 1808 T.
481 1786 498 1810 ῐ.
518 1793 567 1814 pag.
581 1793 630 1815 273.

119 1827 189 1855 (ω)
210 1827 306 1848 Radices
321 1827 380 1848 enim
395 1828 507 1854 liquores,
527 1829 645 1851 nutritioni
659 1828 781 1857 plantarum
796 1836 841 1852 non
860 1829 955 1856 amplius
969 1830 1138 1856 inservientes,
1162 1828 1191 1850 de
1210 1835 1234 1851 sc
1258 1828 1370 1852 dlmittere
1391 1827 1507 1853 (cacare)
1530 1824 1617 1853 primns

90 1868 237 1893 observavit,
256 1873 279 1889 et
292 1867 408 1890 indefesso
422 1870 499 1891 labore
519 1870 625 1892 institutis
648 1871 811 1898 experimentis
830 1873 995 1893 demonstravit
1015 1872 1049 1894 111.
1068 1871 1237 1897 Brugumrtst'm-
1275 1870 1326 1892 Vid.
1348 1869 1369 1891 S.
1383 1867 1409 1892 J.
1430 1868 1568 1893 B‘ssg'mv’f:
1587 1865 1613 1885 46

90 1908 154 1931 Lolio
171 1907 305 1933 q'utdemque
325 1908 393 1928 varia
415 1909 488 1935 specie
508 1915 565 1929 noxa
586 1916 608 1930 et
627 1917 684 1938 usu,
703 1913 872 1935 commentatio
891 1914 918 1936 ab
935 1912 1058 1935 Academia
1078 1913 1151 1940 Regia
1172 1911 1322 1934 scientiarum
1340 1908 1485 1931 Berolmensi
1508 1908 1617 1936 praemio

87 1954 183 1978 meti,
204 1957 226 1975 ι.
239 1952 301 1977 1715.
330 1949 366 1973 Cf.
380 1949 506 1979 Virrium,
527 1951 605 1973 Caulan
623 1953 641 1976 Ι.
664 1959 682 1976 c.
700 1961 723 1981 p.
737 1959 773 1982 ῃ,
795 1955 856 1977 Nota
876 1962 895 1977 1,

884 1995 952 2033 Ds
