1913 2417
294 190 579 222 RESPONs.to
608 198 659 219 At>
687 186 1058 227 QUAESTIONEM
1086 185 1515 217 PHILOSOPHICAM.
1616 198 1653 227 ²3

150 276 214 305 dein
245 275 332 311 paulo
362 275 418 312 jam
452 272 638 308 instructior,
669 273 779 301 tandem
803 272 838 300 ab
864 272 942 300 omni
973 277 1052 308 parte
1079 270 1210 298 munitus
1242 268 1445 305 perfectusque
1467 270 1515 298 sit.
1555 268 1648 306 Igitur

143 327 197 356 alia
220 334 452 363 argumentorum
475 325 558 361 copia
584 332 611 353 et
635 324 755 352 tfficacia
778 332 880 352 sensus
903 324 1070 359 impugnare
1093 328 1250 358 potuerunt
1276 320 1405 349 Eleatici
1432 328 1458 349 et
1480 321 1648 358 Megarici,

140 379 193 406 alia
218 378 330 414 Pyrrho
354 384 381 405 et
406 377 522 410 Timon,
554 376 607 404 alia
638 376 787 405 Arscsnlas
812 383 839 403 et
862 374 1046 408 Carneades,
1076 373 1128 401 alia
1150 374 1267 401 Sextus.
1305 372 1409 400 Eadem
1435 372 1507 400 ratio
1528 372 1557 399 in
1584 372 1650 400 reli-

144 429 210 463 quis
232 429 434 464 philosophiae
460 427 590 463 partibus
615 426 731 463 obtigit.
780 426 842 454 Nec
869 426 966 462 potuit
989 425 1024 452 ab
1058 424 1202 452 Eleaticis
1225 430 1274 451 aut
1297 423 1478 460 Megaricis,
1507 423 1550 451 vel
1568 424 1651 452 etiam

133 488 155 508 -a
179 480 328 516 Pyrrhone
350 486 377 507 et
402 479 578 514 discipulis,
596 478 621 506 si
645 480 689 507 vel
714 479 898 513 voluissent,
920 476 1064 513 pevfecta,
1086 476 1201 510 sibique
1227 481 1386 507 constan93
1407 481 1434 502 et
1458 474 1535 502 omni
1562 474 1648 502 modo

136 529 276 558 instructa
297 536 383 565 atque
406 531 577 558 universalis
602 530 752 558 dubitandi
777 529 930 564 disciplina
960 529 1135 564 exspectari:
1167 535 1297 562 quaeque
1335 525 1408 554 intra
1442 524 1527 553 unius
1546 525 1647 554 aetatis

139 581 265 616 spatium
288 580 401 609 absolui
426 589 485 609 non
506 588 651 616 potuere,
669 581 856 617 relinquenda
878 586 956 608 etant
980 579 1160 614 sequentium
1185 584 1306 606 actatum
1330 577 1437 606 studio.

174 631 294 660 Tertius
326 631 490 659 immutatae
521 632 703 668 Scepticismi
735 631 842 660 formae
870 631 939 660 fons
964 630 1033 659 latet
1061 630 1089 658 in
1123 630 1260 665 opposito
1302 628 1513 665 Dogmatismo.
1562 626 1652 664 Quod

140 680 271 710 bifariam
300 689 396 717 potest
422 682 554 719 intelligi.
595 684 752 711 Enimvero
778 691 828 711 sua
845 689 945 710 natura
968 681 1175 717 Scepticismus
1192 688 1270 708 omni
1294 680 1411 708 omnino
1431 679 1650 715 Doguiatismo,

139 738 283 768 tamquam
307 733 508 769 Dogmatismo
528 733 690 762 contrarius
712 741 769 762 est:
795 742 851 769 qua
876 733 985 762 ratione
1011 733 1142 761 universa
1161 731 1354 764 Dogmatismi
1378 730 1509 759 conditio
1533 730 1654 758 formam

139 784 322 820 Scepticismi
343 791 491 821 temperat.
535 784 640 813 Verum
668 785 780 820 saepius
812 784 1021 821 Scepticismus
1056 792 1144 812 unum
1174 783 1274 810 habuit
1307 791 1325 817 p
1343 782 1448 810 collare
1469 780 1654 818 Dogmaticae

140 836 345 871 philosophiae
367 843 458 871 genus
478 835 507 864 in
531 837 648 864 advena
670 836 734 863 acie
751 836 809 864 sibi
834 835 1024 871 oppositum,
1055 835 1132 870 quod
1160 840 1312 869 postquam
1337 841 1407 860 casu
1437 839 1485 860 aut
1507 833 1560 860 alia
1585 841 1658 868 qua·

140 886 202 915 dam
224 894 310 915 causa
335 888 441 914 factum
465 893 541 921 erat,
570 893 631 914 tum
659 886 769 921 effecit,
800 893 831 914 ut
854 894 919 914 cum
945 894 1000 915 una
1025 885 1076 913 hac
1107 884 1214 912 familia
1241 884 1432 919 Scepticismo
1463 884 1583 911 maxime
1607 891 1651 912 res

142 943 227 965 esset.
271 938 375 965 verum
403 945 459 965 tam
489 936 517 965 iu
541 937 592 965 hac
618 938 808 973 particulari,
838 945 921 972 quam
949 937 979 964 in
1008 936 1056 964 illa
1089 936 1222 963 universa
1244 943 1359 971 pugna,
1390 935 1524 965 definitur
1545 935 1656 971 Scepti-

141 987 226 1016 cismi
255 986 343 1016 facies
373 996 410 1016 ex
438 989 651 1025 Dogmatismi‚
681 997 807 1023 quocum
832 988 1023 1025 digladiatur,
1052 994 1172 1016 ratione.
1220 986 1367 1014 Nimirum
1406 986 1596 1021 Scepticismo
1622 994 1655 1016 eo

140 1038 346 1066 collimandum
371 1046 433 1073 est,
463 1046 495 1067 ut
520 1039 652 1076 profliget
676 1039 929 1075 Dogmaffismum,
962 1038 1042 1073 quod
1065 1037 1092 1066 in
1114 1037 1168 1065 alia
1193 1037 1416 1065 adversariorum
1444 1044 1585 1066 armatura
1608 1037 1658 1066 ali-

141 1094 184 1116 ter
212 1088 420 1118 instituendum
446 1096 502 1118 est.
542 1089 632 1118 Porro
657 1089 866 1125 scepticismus
895 1089 1034 1124 imprimis
1061 1096 1221 1124 aucupatur
1251 1088 1324 1117 vitia.
1352 1088 1564 1125 Dogmmismi,
1594 1088 1660 1124 qui-

141 1137 198 1167 bis
222 1140 414 1169 adversarium
436 1147 543 1177 premat
564 1147 592 1169 et
614 1147 786 1169 msectetur:
811 1140 891 1176 quod
911 1139 1058 1177 pugnandi
1081 1147 1171 1176 genus
1197 1149 1249 1175 pro
1272 1140 1352 1168 aliter
1375 1140 1503 1169 ordinata
1525 1140 1657 1169 hostium

144 1197 205 1218 ace
234 1196 375 1221 mutatur.
415 1191 470 1220 Sed
493 1192 704 1228 Scepticismo,
735 1192 859 1226 reliquas
886 1190 1055 1226 disciplinas
1086 1191 1220 1226 tollenti,
1251 1191 1404 1220 videndum
1435 1199 1502 1227 est,
1530 1199 1565 1220 ne
1596 1191 1659 1226 ipse

143 1239 226 1277 prius
249 1249 264 1269 a
289 1243 392 1271 ceteris
419 1243 557 1272 tollatur:
589 1243 678 1280 igitur
709 1243 845 1272 adversus
871 1242 1101 1278 Dogmatisrnum
1119 1262 1130 1277 ,
1159 1242 1337 1270 existentiam
1372 1250 1452 1271 suam
1485 1249 1657 1278 oppugnans

144 1295 158 1319 t
175 1300 221 1326 m,
252 1295 391 1322 securitas
416 1302 468 1322 sua
492 1289 664 1323 stabilienda
686 1302 717 1322 ac
744 1294 898 1322 munienda
923 1300 977 1323 est.
1018 1293 1087 1330 Quo
1112 1293 1165 1328 fit,
1195 1300 1225 1320 ut
1252 1293 1281 1321 in
1303 1292 1470 1329 perfectiori
1492 1293 1659 1329 Dogmatis-

145 1348 214 1376 mo,
243 1344 454 1379 §ceptieismus
476 1346 561 1373 etiam
587 1345 743 1381 perfectior
765 1352 826 1372 esse
856 1352 996 1380 cogatur,
1026 1350 1056 1372 et
1075 1344 1111 1372 ad
1132 1345 1213 1372 istam
1244 1343 1364 1373 formam
1395 1344 1557 1381 redigatur,
1587 1350 1661 1379 quae

142 1390 386 1428 Dogmaticorum
420 1397 548 1432 impetus
578 1397 723 1426 retundat.
774 1396 818 1424 lta
849 1396 934 1424 variis
961 1395 1055 1424 modis
1085 1394 1307 1430 Dogmatismus
1337 1396 1519 1431 scepticismi
1552 1395 1661 1424 formas

142 1441 259 1477 fataque
282 1445 423 1479 gubernat
451 1455 484 1475 ac
504 1448 618 1483 dirigit:
648 1454 683 1476 ut
708 1447 829 1483 maiores
851 1446 910 1474 fere
936 1454 1046 1481 semper
1075 1453 1168 1481 partes
1200 1445 1307 1474 fuerint
1340 1446 1532 1482 Dogmatismi
1561 1446 1590 1475 in
1617 1455 1661 1474 re-

149 1492 241 1528 gendo
263 1493 474 1530 Scepticismo,
497 1505 578 1531 quam
607 1496 790 1533 scepticismi
812 1497 843 1525 in
863 1497 914 1525 illo
936 1496 1108 1525 coercendo.
1145 1496 1261 1525 Etenim
1286 1497 1331 1525 hic
1355 1497 1416 1525 sine
1436 1497 1487 1526 illo
1516 1498 1662 1527 subsiste·

145 1550 176 1571 rc
199 1550 315 1578 potest,
338 1547 510 1575 contrarium
533 1556 593 1577 non
613 1555 721 1585 potest.

186 1593 296 1632 Quarta
315 1596 438 1632 deniqne
458 1607 564 1633 causa,
593 1608 666 1635 quae
693 1599 802 1636 insigni
831 1605 978 1628 momento
1002 1598 1077 1645 ualet
1106 1599 1141 1627 ad
1169 1599 1354 1635 Scepticismi
1390 1599 1509 1628 formam
1534 1600 1661 1630 conderi-

146 1644 230 1680 dam,
259 1646 295 1674 ab
330 1647 446 1684 ingenio
481 1650 676 1686 proficiscitur
712 1651 852 1680 auctoris.
901 1651 994 1687 Igitur
1026 1650 1149 1686 primum
1178 1658 1306 1686 magnam
1333 1650 1395 1686 qius
1423 1651 1460 1678 rei
1493 1650 1548 1678 vim
1574 1650 1660 1680 habet

147 1694 274 1731 sceptici
302 1697 468 1734 institutio,
497 1707 524 1729 et
554 1710 617 1730 cum
649 1702 793 1737 magiStris
827 1701 1008 1738 conjunctio.
1049 1701 1125 1729 Dein
1147 1701 1201 1729 alia
1234 1701 1379 1729 doctrinae
1401 1701 1462 1737 ejus
1485 1707 1527 1728 est
1546 1700 1661 1736 forma,

150 1753 249 1781 prouti
273 1748 308 1775 ad
329 1748 531 1785 Dogmaticum
552 1753 671 1788 aliquoi
693 1760 817 1788 systema
842 1751 983 1781 sententia
1005 1760 1057 1780 sua
1083 1753 1172 1788 magis
1196 1751 1327 1780 minusve
1350 1759 1447 1787 vergat
1469 1759 1497 1780 et
1518 1751 1656 1786 inclinet;

149 1803 205 1832 pto
228 1798 356 1827 veritatis
382 1807 442 1836 ejus
462 1809 555 1830 amore
580 1802 672 1839 magis
698 1803 764 1831 min·
779 1812 830 1832 sve
853 1803 984 1838 ardentm
1005 1811 1059 1839 pro
1086 1811 1174 1831 sensu
1200 1803 1300 1830 morali
1323 1803 1431 1832 acriore
1459 1809 1508 1830 aut
1531 1802 1659 1831 hebetio-

147 1846 190 1882 τῖς
214 1856 267 1883 pro
291 1850 431 1879 acuminis
454 1858 481 1880 et
503 1854 675 1884 auditionis
697 1854 883 1890 diversitate,
912 1860 940 1882 et
963 1853 1107 1890 imprImis
1134 1854 1218 1882 etiam
1252 1862 1305 1889 pro
1333 1853 1514 1890 eloquentiae
1536 1854 1664 1882 ubertate

147 1903 176 1925 et
197 1899 293 1934 copia.

186 1947 241 1976 His
268 1950 354 1986 igitur
375 1961 522 1983 causarum
550 1957 680 1987 terminis
699 1957 852 1995 multiplex
876 1956 1033 1986 formarum
1057 1955 1089 1985 in
1111 1955 1301 1992 Scepticismo
1323 1951 1492 1988 diversitas,
1516 1959 1660 1988 tamqfflm

147 1999 312 2036 regionibus
334 2003 417 2039 suis,
436 2005 611 2037 continetur.

938 2052 960 2082 Β
982 2059 999 2089 3
1587 2052 1662 2083 CA·
