1913 2417
408 152 912 204 COMMENTATIO
970 152 1324 185 BOTANICA.
1584 161 1623 192 57

115 238 258 276 delphiam
279 238 400 267 classem
425 239 650 276 pertinentium,
672 240 832 275 plantarum
857 238 926 267 folia
946 237 1025 266 acida
1048 237 1124 266 varia
1146 235 1246 265 elicere
1268 236 1420 271 videntur,
1451 235 1493 263 sic
1517 244 1546 264 γ.
1568 243 1612 269 ας,

111 296 146 318 ut
169 290 257 319 unius
286 295 397 318 tantum
420 298 454 318 ex
477 290 532 318 hac
555 291 647 319 classe
667 290 780 326 plantae
800 290 974 318 mentionem
997 288 1119 324 faciam,
1142 287 1252 317 Ciceris
1275 287 1389 317 arietini
1411 285 1482 315 folia
1502 285 1613 315 acidum

107 341 250 370 oxalicum
272 347 425 370 excernunt
445 341 538 378 (40).

146 392 213 421 Alia
235 392 348 421 tandem
373 397 442 421 sunt
461 391 648 428 vegetabilia‚
675 399 799 428 quorum
826 391 899 421 folia
928 390 1071 420 materiem
1094 397 1237 425 amaram,
1265 389 1296 418 in
1319 389 1377 425 qua
1397 388 1509 418 acidum
1529 387 1615 417 Prus=

105 442 200 474 sicum
224 444 337 481 haeret,
359 450 505 473 excernere
525 443 669 473 videntur.

814 521 844 558 §-
883 518 912 550 6.

568 598 654 627 Folia
673 605 797 636 corpora
816 597 982 635 gassormia
1006 595 1157 627 exhalant.

146 674 248 710 Folia,
273 682 364 711 aquae
388 675 557 710 submersa,
582 674 677 711 plures
705 675 739 704 de
761 683 793 703 se
815 673 955 702 dimittere
982 673 1077 701 bullas
1100 673 1212 707 aeseas,
1242 671 1352 707 primus
1374 669 1538 699 observavit
1561 675 1621 697 sae-

106 725 179 762 pius
201 726 333 755 laudatus
353 726 515 762 Romanus,
537 726 589 762 qui
610 726 663 755 Vir
678 726 728 755 Cl.
741 746 751 761 ,
773 734 861 761 quum
884 726 918 753 ad
942 723 1033 757 folia,
1049 723 1104 751 sub
1122 722 1197 758 aqua
1216 721 1359 751 destinata
1384 721 1478 756 posita
1492 740 1502 755 ‚
1529 719 1623 748 nullas

105 774 250 813 bullulas,
272 784 300 805 et
321 784 422 806 contra
446 778 481 806 ad
505 785 623 813 eorum,
645 786 716 813 quae
739 778 768 805 in
793 784 894 811 aquam
908 796 918 810 ,
938 775 1040 811 magna
1067 774 1138 802 a'e'ris
1163 772 1248 808 copia
1272 772 1469 808 inquinatam,
1492 769 1622 798 immissa

105 834 202 863 erant,
231 828 417 864 superficiem*
439 827 598 856 crebriores
627 836 674 856 eas
703 827 918 860 observaverit,
947 825 1018 853 folia
1041 824 1119 852 hunc
1142 824 1230 851 aerem
1260 830 1293 852 ex
1314 830 1387 857 aqua
1411 822 1549 849 attrahere
1568 827 1623 855 pu·

103 883 147 908 tat
167 879 267 918 (41).
307 878 390 907 Hanc
418 879 587 907 sententiam
620 878 684 907 dein
714 878 757 906 sic
787 876 912 913 explicat
943 875 1050 913 (42),
1080 875 1131 902 has
1155 873 1252 901 bullas
1277 873 1369 901 aereas
1398 880 1433 900 ex
1457 871 1518 899 aere
1539 869 1620 898 foliis

106 930 297 966 adhaerente,
320 930 371 966 qui
391 931 546 959 accedente
572 929 668 957 calore
683 928 772 957 solari
788 928 945 962 dilatetur,
967 926 1133 955 derivandas
1155 932 1237 953 esse:
1262 925 1335 952 uude
1351 922 1499 952 concludit
1517 921 1624 958 (43),

103 980 207 1011 harum
234 982 377 1010 bullarum
402 982 584 1018 eruptionem
607 989 667 1009 non
691 989 707 1008 a
730 979 883 1007 functione
906 978 1027 1013 quadam
1049 976 1131 1005 vtalii
1155 976 1286 1011 pendere.

140 1030 240 1061 Rnilas
264 1041 340 1067 ,vero
371 1034 464 1062 aeteas
494 1032 564 1061 folia
595 1031 723 1059 exhalare
750 1030 860 1065 primus
892 1027 993 1056 docuit
1016 1027 1064 1056 Cl.
1094 1025 1291 1062 Prtesdeyus,
1320 1026 1406 1062 cujus
1438 1023 1627 1060 experimenta

104 1080 240 1117 repetiit,
261 1083 464 1120 comprobavit
486 1089 514 1112 et
540 1082 619 1111 auxit
641 1081 840 1111 Doctissimus
866 1078 1103 1116 Ingenhwsstus,
1133 1077 1184 1113 qui
1209 1075 1280 1104 folia
1309 1075 1397 1105 variis
1431 1074 1626 1111 corporibus,

102 1135 213 1159 statum
245 1135 416 1169 gasformem
448 1135 656 1168 induentibus,
686 1130 869 1160 excernendis
893 1129 1033 1158 destinata
1061 1136 1123 1157 esse
1140 1149 1151 1165 ‚
1179 1135 1268 1164 eaque
1298 1133 1427 1163 tempore
1461 1127 1564 1156 diurno
1595 1131 1623 1154 et

98 1187 250 1212 nocturno
275 1184 387 1214 differre
408 1185 519 1223 (44),
547 1184 658 1222 egregie
678 1181 903 1220 comprobavit,
924 1187 953 1209 et

333 1262 423 1298 ,Quid
440 1262 505 1291 solis
528 1262 627 1295 radii,
649 1261 724 1296 quid
741 1261 857 1292 tristis,
878 1263 959 1286 nocte
976 1255 1152 1294 profundd,

330 1311 434 1344 Caligo
453 1310 534 1343 officit
551 1314 683 1343 pracatec
701 1308 873 1334 mortalibus
892 1308 1014 1341 aegris,

335 1357 494 1396 Explicuit
507 1356 599 1392 felix⁴

102 1432 193 1461 Hunc
214 1433 317 1461 Virum
336 1433 538 1462 Clarissimum
555 1433 652 1468 plures
670 1433 735 1461 dein
753 1431 844 1461 secuti
860 1440 928 1462 sunt
946 1431 1171 1469 ingeniosissimi
1195 1432 1385 1469 Physiologi,
1407 1433 1624 1469 Sennebc'erz'us2

106 1482 286 1518 Achardus,
308 1483 484 1519 Scherarus,
506 1485 671 1518 Saffo-avus,
692 1484 920 1520 Barneveldius,
941 1484 1110 1512 Rukkertus
1128 1484 1231 1520 (45),
1253 1491 1280 1512 et
1296 1484 1342 1512 aiii
1359 1485 1430 1512 bene
1447 1484 1539 1512 meriti
1558 1484 1623 1513 viri.

145 1532 304 1563 Videamus
337 1543 414 1564 nunc
446 1534 552 1572 igitur,
582 1543 721 1571 quaenam
751 1543 872 1572 corpora
903 1534 1060 1572 gasformia
1090 1542 1105 1562 e
1131 1534 1211 1563 foliis
1242 1535 1414 1571 eliceantur,
1440 1541 1467 1563 et
1497 1534 1629 1570 quisnam

109 1592 208 1614 eorum
229 1585 268 1613 sit
285 1584 364 1614 fons.

135 1686 206 1717 (4ο)
231 1688 285 1711 Vid.
305 1689 402 1717 Κῐηεν,
421 1690 532 1712 Elemenn
552 1695 596 1714 etc.
615 1690 632 1714 Ι.
646 1696 667 1714 c.
898 1690 969 1719 (4¹)
989 1690 1042 1713 Vid.
1067 1690 1154 1710 Banner
1172 1688 1188 1711 Ι.
1203 1694 1222 1712 c.
1239 1695 1289 1717 pag.
1304 1688 1340 1712 26.

137 1727 208 1756 (42)
228 1730 315 1750 anw
334 1731 350 1754 ¹.
363 1737 382 1755 c.
401 1738 450 1758 pag.
470 1738 504 1758 31.
895 1732 964 1760 (43)
988 1732 1074 1752 Bomt
1094 1732 1110 1753 ¹-
1131 1736 1150 1752 ⁶-
1174 1736 1224 1757 pag.
1238 1735 1273 1756 3³·

136 1770 208 1798 (44)
230 1772 294 1794 Eme
316 1773 352 1793 Cl.
379 1772 534 1798 lnganlmmu't
554 1771 679 1799 theoriam,
702 1773 766 1800 quod
783 1777 866 1800 nempe
886 1773 957 1800 folia,
979 1778 1083 1800 tempore
1110 1777 1237 1797 nocturne,
1260 1777 1299 1797 gas
1321 1772 1387 1798 plane
1407 1770 1434 1792 ab
1455 1775 1500 1796 eo,
1520 1768 1583 1795 quod
1601 1767 1636 1789 in-

89 1841 92 1846 ·
112 1812 189 1833 aerdiu
210 1813 238 1833 ab
260 1812 288 1834 iis
308 1814 440 1841 exhalatur,
461 1814 576 1837 diversum
597 1816 625 1836 de
648 1820 671 1836 se
692 1814 817 1841 dimittant,
839 1815 875 1837 cl.
897 1814 1054 1834 Sennehierim
1075 1819 1120 1836 non
1142 1817 1226 1835 tantum
1245 1811 1266 1833 in
1289 1810 1380 1833 dubium
1401 1811 1507 1837 vocavit,
1529 1811 1569 1832 sed
1583 1815 1635 1831 tan-

113 1858 181 1880 qum
202 1853 305 1878 injustam
327 1854 475 1877 oeconomiae
501 1857 570 1878 totius
597 1861 689 1878 naturae
710 1855 887 1878 criminationem
914 1854 1042 1878 damnavitt
1064 1854 1103 1876 hic
1123 1859 1178 1875 vero
1197 1854 1234 1876 Ci.
1256 1854 1306 1878 vir,
1331 1859 1399 1879 quum
1419 1858 1465 1874 non
1484 1850 1636 1877 intelligeret,

111 1896 230 1921 quomodo
255 1895 316 1916 idem
335 1901 444 1922 organum
464 1897 570 1918 foliorum
591 1903 726 1924 secernens,
748 1896 808 1919 vario
828 1903 930 1924 tempore
951 1903 1049 1924 corpora
1067 1895 1143 1918 variae
1167 1893 1250 1916 indolis
1276 1894 1392 1915 elaborare
1416 1899 1438 1914 ex
1459 1894 1562 1914 exhalare
1581 1896 1634 1918 12⁰⁵·

115 1935 163 1962 alt,
185 1941 231 1957 non
250 1937 371 1958 attendisse
392 1937 481 1960 videtur
499 1939 526 1960 ad
547 1940 618 1965 legem
642 1940 703 1961 illam
725 1938 912 1966 Physiologicam,
934 1939 996 1966 quod
1016 1942 1138 1964 corporum
1159 1941 1297 1959 secretorum
1316 1935 1421 1963 iudom,
1441 1940 1488 1956 non
1505 1937 1589 1955 tantum
1607 1931 1633 1952 ab

113 1982 248 2003 organorum
269 1978 432 2000 secer-nentium
455 1980 555 2006 sabi-ica,
578 1982 618 2002 sed
638 1986 659 2002 et
680 1987 692 2003 a
711 1980 774 2003 vario
795 1981 887 2003 stimulo
906 1980 950 2003 iilis
969 1979 1081 2008 applicato
1101 1979 1236 2007 dependeat.

143 2017 212 2046 (⁴⁵)
234 2019 286 2042 Vid.
311 2019 429 2042 [lumbam
447 2019 463 2044 Ι.
482 2025 502 2045 e.
523 2026 574 2049 pag.
592 2026 642 2044 iar.
787 2021 796 2024 ”
890 2048 919 2078 Π
