1913 2417
258 202 297 230 30
712 192 738 224 J.
807 193 837 221 P.
906 189 943 220 F.
1015 184 1276 219 VOUTE

301 289 441 320 Primum
467 288 572 330 itaque
598 296 636 317 ex
663 284 801 315 inventis
828 281 925 324 hujus
946 281 1056 313 aetatis
1079 291 1116 311 ea
1146 278 1377 318 considerabo,
1402 290 1469 311 non
1498 288 1637 322 quorum
1667 291 1728 312 nu.

258 355 400 381 merum,
429 343 484 375 sed
510 352 649 386 quorum
678 340 882 384 praecipuam
906 337 1045 382 aliquam
1077 338 1244 369 utilitatem
1273 337 1308 367 in
1331 335 1439 368 studio
1462 342 1592 368 naturae
1619 336 1729 369 videat·

258 411 350 445 posse
378 400 616 435 demonstrare3
649 395 763 427 deinde
787 395 821 426 in
845 393 1030 437 disciplinas
1053 393 1201 438 physicas
1234 393 1412 436 inquiram,
1444 403 1484 423 an
1514 392 1610 424 simul
1637 392 1731 426 falsas

258 458 335 490 olim
362 467 444 500 quae
467 454 692 498 judicabantur
718 453 858 484 rationes
880 457 911 482 et
936 451 1003 482 vias
1031 449 1228 489 deseruerit3
1259 449 1345 481 unde
1369 455 1563 493 postremum
1589 460 1671 492 quae
1694 451 1730 482 in

258 524 391 545 munere
415 511 623 555 physicorum
650 508 745 540 hodie
777 508 913 539 maxime
942 506 1140 538 observanda
1171 506 1360 544 videantur,
1390 505 1526 537 breviter
1552 506 1730 538 ostendam.

304 571 326 601 Ι.
358 570 442 599 Inter
470 568 589 610 prima,
611 576 752 609 quorum
773 563 959 596 excellentia
985 562 1189 606 philosophia
1214 562 1366 594 naturalis
1390 562 1475 594 haud
1504 573 1616 606 parum
1638 574 1728 606 prae-

259 633 340 658 stare
368 624 510 663 videtur,
535 622 727 653 numerandi
752 627 829 653 sunt
851 630 1061 664 progressus,
1085 629 1167 662 quos
1201 620 1373 650 novissime
1394 618 1506 650 habuit
1538 620 1572 650 in
1598 619 1729 663 physica

258 681 487 713 mathematica.
541 681 618 711 Eam
646 689 720 710 cum
752 676 847 709 multi
880 675 1033 720 praeclari
1060 676 1122 708 viri
1149 685 1204 707 sua
1241 685 1336 718 opera
1367 673 1630 713 elaboraverunt,
1661 681 1732 706 tum

260 739 289 769 ei
314 737 418 780 ipsum
450 743 576 778 tempus
614 734 781 767 cumulum
811 733 928 764 sensim
962 732 1092 764 addidit.
1144 733 1215 763 Una
1246 738 1294 763 est
1325 731 1412 762 enim
1448 730 1620 769 omniurn,
1650 742 1735 774 quae

263 793 303 825 ad
337 791 613 835 investigationem
643 791 710 822 veri
740 790 925 833 pertinent,
956 787 1124 832 disciplina
1149 788 1382 826 mathematica,
1413 797 1495 829 quae
1518 787 1656 830 propriis
1683 792 1736 821 rad,

263 849 406 881 tionibus
439 855 502 880 tota
528 849 658 886 nititur,
681 857 804 878 errores
831 857 898 877 non
922 855 1115 888 magnopere
1139 845 1274 886 metuit,
1297 844 1350 875 cui
1379 844 1407 875 si
1432 843 1589 875 industria
1613 854 1736 886 gnavo-

264 917 336 938 rum
362 906 552 943 hominum,
575 905 602 936 si
622 903 761 935 sollertia
788 909 819 933 et
843 902 1010 944 ingenium
1036 911 1103 932 non
1131 900 1224 943 plane
1247 899 1424 938 defuerint,
1448 899 1517 930 fieri
1544 911 1610 930 non
1628 906 1736 944 potest

262 964 343 1006 quin
379 962 419 993 ad
451 961 597 992 altiorem
636 959 771 1002 gradum
804 956 1010 1001 perfectionis
1040 962 1194 1000 perpetuo
1229 955 1410 987 adscendat»
1439 955 1628 987 *Saeculum
1660 967 1739 987 cum

263 1018 399 1051 dimidio
426 1017 563 1059 amplius
589 1016 782 1054 intercessit,
804 1024 878 1045 cum
905 1013 1014 1056 plures
1040 1013 1216 1044 matheseos
1246 1011 1350 1044 fontes
1373 1012 1490 1054 reperti
1514 1018 1606 1049 sunt,
1635 1023 1670 1044 ac
1692 1014 1734 1044 si-

264 1075 332 1107 mul
361 1075 431 1116 ejus
465 1072 585 1103 utilitas
614 1071 761 1114 apparuit
797 1069 838 1101 ad
869 1075 1019 1100 naturam
1048 1068 1323 1111 investigandam,
1357 1078 1398 1099 ex
1425 1078 1489 1111 qua
1520 1067 1646 1110 physici
1673 1068 1738 1100 sibi

264 1131 415 1163 certiores
438 1128 505 1161 vias
530 1127 707 1170 comparari
736 1132 921 1165 senserunt,
952 1135 1050 1168 quam
1077 1135 1223 1168 unquam
1247 1131 1340 1156 antea
1368 1130 1594 1167 cognoverant.
1639 1124 1684 1155 Ut
1709 1124 1739 1156 si

265 1186 329 1218 hoc
355 1185 454 1218 modo
479 1184 635 1215 illustrare
663 1182 758 1216 nobis
784 1182 912 1221 liceret,
945 1192 1155 1225 quaecunque
1185 1180 1246 1214 sub
1279 1191 1391 1212 ¹sensus
1413 1180 1545 1217 cadant,
1571 1191 1638 1212 non
1664 1181 1737 1224 phi„-

266 1243 376 1287 lophia
405 1240 559 1274 naturalis
591 1247 646 1272 aut
676 1240 818 1272 novitate
847 1249 973 1276 carere,
1006 1245 1060 1270 aut
1095 1237 1135 1268 ab
1169 1238 1290 1280 optima
1322 1237 1497 1269 disserendi
1525 1238 1648 1270 ratione
1682 1237 1738 1271 de÷

267 1300 354 1332 flecti
383 1309 527 1342 unquam
551 1308 644 1342 posse
661 1295 842 1329 videreturz
867 1304 1052 1338 progressus
1075 1304 1151 1326 suos
1175 1294 1319 1325 inventis
1349 1293 1554 1326 solummodo
1578 1295 1740 1338 signaret,

268 1362 364 1399 atque
388 1355 467 1387 adeo
493 1354 593 1397 hujus
625 1353 853 1397 disputationis
879 1353 987 1384 omnis
1013 1362 1107 1383 causa
1130 1349 1378 1394 praecideretur..

312 1412 361 1444 Ea
387 1408 494 1454 itaque
532 1410 611 1442 ratio
627 1432 638 1448 ‚
668 1420 750 1453 quae
786 1411 985 1441 mechanicae
1020 1419 1089 1440 uno
1114 1407 1269 1444 nomine,
1303 1406 1447 1438 aritificia
1474 1406 1621 1440 humana
1641 1408 1741 1442 simul

268 1475 301 1500 et
335 1467 490 1498 maximas
519 1467 743 1497 conversiones
779 1466 858 1497 caeli
893 1464 1159 1509 comprehendit,
1195 1470 1364 1505 utramque
1397 1469 1518 1505 partem
1551 1463 1630 1496 adeo
1666 1476 1738 1508 pei·-

269 1525 344 1556 secit
362 1547 372 1562 ‚
410 1529 448 1554 ut
485 1523 520 1553 'm
552 1521 648 1554 altera
680 1523 744 1564 jam
777 1522 948 1553 consistere
977 1519 1240 1563 quodammodo,
1279 1520 1312 1550 in
1340 1518 1435 1550 altera
1457 1529 1534 1550 vero
1560 1518 1744 1552 facultatem

271 1580 415 1623 quotidie
451 1589 566 1622 augere
605 1589 698 1621 posse
731 1578 894 1612 videatur*
941 1578 1053 1624 ‘Leges
1084 1585 1218 1614 motus,
1258 1584 1344 1617 quas.
1369 1585 1407 1605 ex
1437 1576 1641 1607 Astronomia
1675 1578 1749 1619 pri-i

270 1647 363 1668 mum
387 1635 507 1678 accepit
523 1659 533 1674 ,
564 1635 592 1666 si
615 1633 763 1665 adhibuit
791 1634 826 1665 in
856 1635 926 1676 ejus
951 1631 1191 1675 quaestionibus
1224 1629 1443 1668 difficillimis,
1473 1636 1508 1661 ut
1534 1631 1634 1662 multa
1658 1632 1750 1674 iguo·

275 1699 306 1723 ta
338 1692 515 1735 reperiret,
552 1691 672 1722 incerta
704 1688 854 1732 pleraque
897 1687 1102 1720 confirmaret
1115 1711 1127 1729 ,
1166 1686 1400 1718 dubitationem
1432 1685 1503 1717 fere
1526 1696 1655 1718 omnem
1681 1687 1742 1719 tol·

275 1748 352 1780 leret
375 1747 393 1789 (
414 1758 425 1779 1
446 1748 478 1788 ).

320 1805 409 1844 Quae
444 1800 575 1845 quidem
613 1808 650 1833 ut
685 1801 770 1833 ultra
804 1800 1016 1843 perveniant,
1054 1810 1122 1831 non
1153 1798 1232 1830 adeo
1267 1808 1350 1830 nova
1381 1798 1509 1828 inventa
1541 1795 1718 1831 desiderare
1730 1823 1747 1841 ,Δ

275 1870 374 1903 quam
406 1857 601 1901 aliquamdiu
632 1858 698 1900 jam
735 1867 864 1900 poscere
894 1855 1066 1894 videmur,
1104 1862 1141 1886 ut
1167 1854 1206 1886 ad
1239 1853 1480 1896 intelligentiam
1515 1864 1719 1887 communem
1732 1879 1749 1896 ‚‚

277 1922 373 1958 atque
402 1913 443 1946 ad
476 1924 605 1945 omnem
635 1913 869 1945 institutionem
901 1912 1065 1955 physicam
1095 1912 1196 1954 magis
1219 1909 1558 1947 accommodarentur,
1588 1910 1649 1942 sivi
1672 1923 1741 1944 cre·

280 1971 338 2004 bra
361 1969 580 2013 expositione,
601 1971 668 2002 eive
690 1970 799 2013 aliquo
832 1968 987 2002 tractandi
1013 1966 1112 2001 modo
1138 1966 1283 2000 faciliori.
1345 1964 1624 2009 Quemadmodum
1651 1968 1747 2000 enim.

1663 2034 1750 2069 quae
