1913 2417
693 147 1083 188 (οΒΛΤῙο.
1590 153 1633 191 '27

145 241 310 276 bilissimi!
337 241 469 285 quinam
501 240 624 273 fructus
650 248 864 285 quaestusque
889 241 990 273 Vobis
1017 242 1082 273 sint
1117 240 1341 284 comparandi,
1373 241 1430 273 ubi
1458 241 1631 273 mathema·

149 307 219 332 tum
244 311 280 330 ac
303 310 412 330 rerum
443 298 637 329 naturalium
668 298 967 341 perscrutandarum
998 297 1103 329 studia
1134 309 1208 329 cum
1247 298 1423 329 litterarum
1460 298 1630 330 liumauio·

146 367 221 388 rum
242 355 330 387 cultu
355 354 601 397 conjuiixeritis!
647 348 825 386 Matlieseos
850 356 938 386 enim
965 355 1070 386 studia
1096 355 1195 385 animi
1222 355 1384 386 facultates
1407 354 1626 397 amplificare,

147 424 263 456 easque
292 412 366 443 inde
392 413 492 454 magis
513 412 678 454 magisque
704 422 843 443 crescere
859 435 868 450 ,
894 423 953 443 nec
978 423 1044 442 non
1077 413 1246 454 praecipua
1273 418 1376 442 vestra
1406 411 1510 442 studia
1528 422 1627 454 quam

146 472 295 501 maxime
323 468 510 506 sublevare,
543 468 645 500 Vobis
678 467 830 510 probavi3
861 468 1003 512 adeoque
1037 479 1076 499 ex
1107 469 1166 508 iis,
1199 478 1282 511 quae
1309 467 1393 498 dicta
1424 475 1519 507 sunt,
1552 469 1629 499 satis

147 527 352 570 perspicuum
375 532 438 563 est,
466 524 543 556 haec
566 525 671 556 studia
694 525 795 556 Vobis
820 525 859 556 ad
885 532 1033 556 naturam
1060 525 1218 568 sapienter
1250 523 1528 567 contemplandam
1557 536 1629 568 ape-

147 583 231 620 rire,
258 582 423 624 Vobisque
446 592 482 612 ea
513 582 623 612 omnia
661 581 888 624 intelligentiae
925 583 1107 625 mentisque
1138 581 1245 612 felices
1272 580 1363 612 dotes
1390 581 1565 624 impertiri,
1591 582 1626 613 in

145 639 267 682 quibus
297 649 403 669 veram
434 639 534 669 vitam
561 649 785 681 summamque
810 637 991 670 felicitatem
1015 638 1199 669 collocatam
1218 647 1305 677 esse,
1331 648 1443 668 omnes
1475 639 1623 669 omnium
1644 669 1647 672 ,

147 695 347 727 saeculorum
382 695 445 725 vii-i
477 695 702 737 sapientissimi
732 705 857 737 semper
894 696 1097 737 ingenueque
1136 693 1273 736 professi·
1302 700 1391 725 sunt.
1446 694 1626 726 Incumbite

147 752 267 794 igitur,
297 754 435 782 Juvenes
467 749 685 781 Nobilissimi!
715 751 749 781 in
776 752 831 782 has
856 750 949 782 dotes
976 749 1221 794 comparandas!
1268 751 1353 787 Vos,
1385 756 1421 781 ut
1446 760 1628 781 Aizis‘rir·

139 817 215 840 ‘rus
246 806 331 850 apud
365 816 578 838 vi’riinvm
589 817 615 837 Μ
647 813 775 845 censet,
810 808 898 839 viros
925 807 1084 845 reddent3
1114 813 1190 838 sunt
1217 807 1302 837 enim
1326 806 1506 849 juventutis
1529 817 1625 837 orna·

140 870 272 904 menta,
294 863 396 896 vir-ilis
413 866 523 895 aetatis
539 863 637 896 decus
654 870 685 896 et
700 863 803 907 gloria
813 886 824 904 ,
848 865 1020 897 senectutis
1036 863 1184 907 voluptas
1199 869 1294 906 atque
1310 862 1413 896 dulcis
1430 861 1623 896 consolatio!

181 1087 352 1130 Superest,
385 1085 560 1120 Auditores
596 1083 840 1128 spectatissimi!
869 1092 908 1117 ut
942 1086 1120 1117 orationem
1149 1088 1355 1122 convertam,
1387 1080 1428 1114 ad
1459 1081 1621 1127 implenda

135 1142 195 1174 illa
224 1142 352 1181 officia,
385 1154 467 1186 quae
490 1143 666 1174 'solennitas
698 1142 797 1185 hujus
829 1142 921 1181 festi,
949 1149 981 1174 et
1004 1154 1022 1173 a
1047 1153 1098 1173 me
1121 1141 1214 1173 toties
1241 1139 1411 1172 desiderati
1433 1139 1511 1179 diei,
1542 1139 1623 1171 dum

143 1199 282 1230 oblatam
318 1200 353 1230 in
378 1210 430 1231 me
455 1199 740 1231 extraordinariam
775 1198 1006 1242 professionem
1033 1199 1172 1241 suscipio
1187 1221 1199 1240 ‚
1226 1208 1270 1229 ex
1303 1207 1415 1234 more,
1446 1206 1466 1227 a
1493 1196 1622 1239 majori-q

132 1255 200 1288 zhus
224 1256 309 1288 >bene
331 1256 501 1295 instituto,
523 1255 605 1286 mihi
633 1256 782 1299 imponit.

185 1314 312 1346 Gratias
340 1324 438 1356 quam
468 1313 622 1344 maximas
650 1323 711 1356 pro
739 1313 851 1353 tantis„
876 1323 918 1345 veit
942 1313 1032 1356 regio
1060 1309 1205 1350 decreto,
1234 1310 1270 1342 in
1292 1320 1345 1342 me
1367 1307 1494 1341 collatis
1526 1314 1622 1353 atque

131 1369 180 1401 ad
208 1369 295 1401 bunc
317 1380 419 1412 usque
455 1369 538 1401 diem
573 1381 640 1401 non
669 1370 857 1402 intermissis
889 1369 1078 1407 beneficiis,
1109 1370 1232 1411 optimo
1261 1368 1360 1410 Regi,
1385 1365 1622 1398 benevolentis·

137 1427 221 1458 simo
239 1437 311 1458 meo
326 1426 473 1470 [fautori,
496 1426 612 1458 referre
637 1438 745 1458 meum
768 1433 824 1458 est.
871 1428 995 1458 Gratias
1025 1436 1156 1469 quoque
1183 1424 1279 1456 Vobis
1303 1424 1427 1461 debeo,
1452 1424 1522 1453 Viri
1547 1426 1622 1454 Am·

135 1483 274 1526 plissimi
295 1490 326 1515 et
349 1483 565 1516 Perillustres!
592 1485 649 1526 qui
681 1484 766 1515 haud
794 1483 893 1515 dubie
919 1484 958 1514 ad
984 1483 1120 1514 delatam
1144 1482 1178 1512 in
1206 1492 1258 1512 me
1281 1480 1512 1524 professionem
1540 1479 1620 1521 Regi

140 1539 272 1570 consilia
310 1551 377 1571 non
407 1539 587 1583 denegatis!
625 1541 751 1572 Gratias
776 1539 898 1576 Vobis,
933 1540 1002 1571 Viri
1029 1536 1246 1580 Amplissimi!
1271 1537 1389 1580 quibus
1413 1539 1497 1572 Rex,
1521 1545 1619 1578 quem

139 1607 198 1639 pro
225 1607 285 1627 suo
308 1597 343 1628 in
365 1599 499 1628 Patriam
518 1607 645 1630 amore,
668 1603 763 1639 atque
786 1597 820 1627 in
845 1596 928 1627 bene
953 1596 1084 1626 meritos
1107 1593 1322 1636 benignitate,
1340 1593 1619 1624 observantissime

135 1664 358 1692 veneramur,
394 1653 477 1685 hanc
510 1653 761 1684 illustrissimam
799 1652 1007 1685 Academiam
1045 1650 1220 1682 curandam
1256 1649 1406 1688 tradidit-3
1435 1648 1618 1692 quibusque

133 1709 211 1741 huic
240 1712 359 1741 Patriae
385 1709 523 1752 palladio
546 1709 734 1748 consulere,
760 1720 834 1752 prae
855 1710 986 1740 caeteris
1006 1706 1234 1739 commendare
1262 1706 1381 1745 voluit3
1404 1715 1501 1748 quem
1528 1706 1617 1736 Prin-

136 1768 241 1809 cipem
273 1767 477 1798 scientiarum
504 1767 685 1810 artiumque
706 1769 880 1798 Patronnm
906 1772 1002 1809 atque
1027 1767 1306 1800 Resiauratorem,
1330 1772 1412 1805 quae
1439 1761 1618 1804 majoribus

135 1831 243 1862 erant,
266 1824 507 1864 institutorum,
531 1835 590 1854 nec
617 1834 684 1854 non
711 1824 808 1866 hujus
835 1822 876 1854 ab
903 1822 1119 1854 infensissimo
1144 1828 1282 1863 tyranno
1306 1817 1370 1850 fere
1393 1828 1520 1849 eversae
1545 1820 1618 1848 Mu-⁴

133 1891 242 1911 sarum
278 1879 377 1917 sedis,
401 1882 484 1917 Vos,
508 1879 662 1923 dignitate
685 1890 890 1919 mumerum,
920 1878 1087 1910 nobilitate
1110 1877 1253 1920 generis,
1285 1882 1380 1918 atque
1408 1875 1556 1917 inprimis
1580 1874 1616 1904 in

135 1939 273 1969 Patriam
302 1937 446 1978 ueritis,
469 1937 666 1971 Petiliustres
692 1935 878 1970 Curatores!
910 1935 976 1967 'hoc
1003 1934 1085 1968 festo
1114 1933 1184 1974 die,
1215 1934 1299 1964 inter
1325 1942 1405 1972 nos,
1431 1937 1515 1962 tanta
1539 1938 1614 1959 cum

889 1992 919 2023 :D
941 2002 962 2030 ἢ
1511 1985 1616 2027 digni:
