1913 2417
313 113 676 145 COMMENTATIO
703 122 751 146 DE
779 114 1090 146 AFFINITATE
1119 115 1361 148 CHEMICA.
1558 127 1599 159 2?

82 195 160 226 Hine
186 198 298 236 egregie
320 199 550 228 observationem
574 199 717 235 vulgarem
747 199 887 236 explicare
912 200 1058 235 valemus,
1090 200 1168 236 quod
1193 200 1349 236 nimirum,
1371 200 1423 229 ubi
1444 201 1501 230 duo
1525 202 1596 230 salia

83 256 116 277 se
135 248 257 277 invicem
283 250 515 285 decomponunt‚
544 250 583 278 ita
612 256 643 277 ut
667 251 778 279 acidum
804 251 888 279 unius
913 252 994 280 basin
1021 252 1139 279 alterius
1167 259 1264 288 petat,
1295 251 1360 279 inde
1386 260 1497 287 semper
1521 253 1598 281 obti-

84 307 206 328 neantur
221 301 291 329 salia
310 301 337 330 in
360 302 456 329 eodem
477 301 661 329 saturationis
680 308 768 331 statu.
810 302 840 330 Si
866 302 935 331 salia
956 302 1072 331 fuerunt
1089 309 1206 337 neutra,
1223 302 1312 330 'etiam
1337 302 1404 337 illa,
1426 312 1498 338 quae
1524 304 1600 332 obti-

84 358 207 387 nentur,
227 360 327 380 neutra
351 359 445 381 erunt.
482 352 545 380 lloc
562 361 577 381 a
594 352 727 388 plurimis
745 352 799 380 fuit
821 353 1022 389 observatum3
1043 354 1093 382 sed
1114 360 1276 382 accuratum
1299 354 1430 390 inprimis
1449 355 1535 391 hujus
1554 364 1598 383 ra-

84 402 192 431 tionem
222 403 343 431 reddidit
372 403 583 438 mummius,
612 404 729 438 quando
760 403 794 431 de
818 405 976 439 capacitate
1005 405 1191 433 saturationis
1221 405 1290 441 agit.
1340 404 1482 440 Exemplo
1512 405 1599 434 nobis

86 454 125 483 sit
145 455 267 491 sulplias
289 461 421 482 neutrum
445 454 556 489 plumbi
577 460 604 482 et
627 454 823 483 subcarbonas
853 455 955 484 sociae:
986 464 1064 484 nunc
1084 462 1183 492 agatur
1205 457 1239 484 de
1271 457 1520 492 decompositione
1544 464 1600 494 379

84 512 161 543 part.
184 506 328 540 sulphatis
353 505 462 540 plumbi
491 507 545 534 huc
567 506 740 534 adhibendae
763 513 847 534 erunt
878 514 1008 543 13:3‚599-
1033 513 1109 542 part.
1136 507 1355 536 subcarbonatis
1381 508 1480 536 sodae.

123 555 306 585 Formabitur
329 556 425 591 itaque
442 557 636 592 compositum
655 566 688 585 ex
713 565 767 586 100
788 564 861 592 part.
880 557 953 585 acidi
973 557 1137 593 sulphurici
1161 565 1188 586 et
1211 560 1320 595 78‚467
1343 559 1449 593 sodae,
1474 567 1524 587 seu
1542 559 1602 587 sul-

82 609 155 646 phas
180 614 312 636 neutrum
341 608 444 637 sodae:
469 615 496 636 et
524 615 632 644 55‚132
654 614 727 644 part.
754 608 827 637 acidi
853 609 997 637 carbonici
1027 616 1094 636 cum
1121 618 1177 645 279
1202 611 1357 646 protoxydi
1389 610 1501 645 plumbi
1530 611 1602 638 alte-

85 668 148 689 rum
166 667 294 695 corpus⁷
319 667 370 687 seu
394 657 589 688 subcarbonas
610 659 721 695 plumbi
744 660 937 688 constituent.
977 659 1053 688 Idem
1078 669 1195 696 quoque
1212 661 1319 690 valebit
1342 662 1375 690 de
1399 661 1507 689 salibus
1534 669 1601 690 cum

87 720 207 740 excessu
229 711 317 746 liujus
344 710 458 738 illiusve
482 710 635 746 principii,
664 719 736 746 quae
767 717 949 740 constantem
971 719 1082 746 semper
1111 711 1301 747 quantitatem
1330 712 1442 741 basium
1467 712 1605 741 salifiabi-

83 763 156 792 lium
181 769 208 790 et
229 762 302 790 acidi
324 761 505 796 suscipiunt.

128 814 227 848 Atque
251 813 318 840 haec
339 812 366 840 in
383 812 484 848 primis
506 821 536 841 ea
556 812 718 854 videntum*
733 821 806 849 quae
828 813 925 849 quoad
942 813 1071 849 analysin
1089 821 1123 841 ex
1144 813 1359 842 combitationis
1384 814 1445 850 lege
1467 815 1607 849 explicari

91 870 229 902 possunt.
272 863 461 892 Absolvimus
478 863 581 899 igitur,
600 872 684 898 quam
704 865 789 893 nobis
804 865 1005 893 elaborandum
1025 865 1255 900 proposuimus,
1273 865 1489 901 responsionem
1507 867 1541 895 ad
1558 867 1608 894 da·

88 922 143 944 tam
166 915 382 951 quaestionem:
402 915 492 950 probe
506 921 600 943 tamen
616 915 767 951 convicti,
783 916 905 944 multum
921 916 1040 950 abesse,
1062 922 1094 944 ut
1110 916 1177 944 haec
1196 916 1249 943 rite
1264 916 1398 945 absoluta
1413 917 1472 945 dici
1489 925 1606 953 queant.

87 967 160 998 Erat
185 973 276 995 autem
311 965 398 994 tironi
421 965 574 994 difficilima
602 966 669 994 haec
695 967 845 1002 quaestio,
876 968 959 1004 eujus
988 967 1208 996 elaborationem
1235 968 1300 996 ideo
1327 974 1438 996 tantum
1467 970 1604 1006 suscepi,

89 1020 157 1055 quia
182 1017 329 1053 aptissima
355 1017 426 1044 mihi
449 1017 598 1045 videbatur
620 1019 653 1046 ad
677 1018 808 1047 notitiam
829 1018 897 1046 mihi
918 1018 1139 1054 comparandam
1169 1018 1436 1054 phaenomenorum
1462 1021 1609 1050 chemico-

89 1077 172 1105 rum,
195 1077 250 1104 qua
272 1068 302 1096 in
329 1076 358 1096 re
382 1074 503 1096 eventus
528 1069 736 1104 exspectationi
762 1070 845 1105 plane
871 1069 1026 1105 respondit.
1069 1070 1185 1097 Summa
1211 1070 1284 1098 enim
1307 1063 1373 1099 cum
1399 1072 1522 1100 utilitate
1540 1080 1599 1101 non

89 1122 206 1156 solum,
228 1120 278 1149 sed
303 1126 330 1148 et
351 1119 503 1155 voluptate
525 1120 634 1156 egregia
660 1120 848 1155 Bartholletzg
871 1120 1020 1156 Berzdti,
1046 1120 1225 1156 aliorumque
1250 1121 1357 1158 scripta
1388 1123 1537 1159 pervolvi3
1571 1131 1605 1152 ex

90 1173 198 1210 quibus
217 1180 247 1200 ea
263 1170 386 1208 collegi,
411 1179 483 1206 quae
505 1171 533 1199 in
552 1171 604 1199 hac
621 1171 863 1200 commentatione
879 1171 983 1207 vobis,
1006 1171 1045 1200 V.
1064 1172 1101 1201 C.
1121 1173 1283 1201 traduntur.
1305 1189 1342 1195 —-
1363 1173 1454 1209 Spero
1474 1174 1555 1209 fore,
1577 1181 1610 1203 ut

90 1232 125 1252 ex
147 1224 246 1259 paucis
268 1223 348 1250 hisce
371 1221 518 1257 diligentia
544 1221 572 1250 in
594 1222 747 1251 scribendo
771 1229 873 1251 navata
899 1223 985 1251 vobis
1012 1223 1147 1260 patefiatg,
1179 1232 1270 1258 quum
1295 1225 1355 1253 sola
1384 1224 1477 1254 fretus
1512 1233 1607 1254 vestra

90 1275 119 1303 in
139 1274 295 1311 judicando
314 1273 451 1303 facilitate
475 1273 548 1302 hane
565 1281 654 1302 meam
678 1274 915 1310 scriptiunculam
937 1274 1023 1303 vobis
1042 1274 1162 1311 offerre,
1183 1282 1273 1310 eaque
1290 1275 1325 1303 de
1347 1276 1474 1312 praemio
1498 1284 1606 1311 certare

87 1333 176 1355 ausus
197 1333 263 1354 sun.

661 1407 1048 1439 TANTUM.

321 1534 396 1563 Sunt
412 1542 478 1563 vcro
501 1534 583 1568 heic,
609 1533 654 1561 uti
676 1533 767 1569 alibi,
790 1536 824 1564 in
838 1534 1023 1574 Philosophia
1048 1535 1200 1565 Naturali
1222 1536 1419 1574 phaenomena
1444 1537 1607 1573 nonnulla⁵

354 1594 430 1623 quae
452 1595 470 1612 a
491 1589 622 1612 consueto
643 1584 791 1614 declinare
819 1586 957 1615 videntur
981 1586 1102 1622 ordine,
1132 1588 1202 1616 haec
1230 1590 1330 1617 instar
1352 1590 1539 1617 cometarum
1554 1590 1608 1616 lma

355 1636 419 1663 beri
436 1641 551 1673 possunt
570 1635 694 1664 nondum
715 1639 787 1666 sacis
813 1637 1044 1673 observatorum,
1071 1646 1102 1666 ut
1123 1639 1285 1668 eorumdem
1308 1640 1513 1678 detegerentur
1536 1640 1614 1667 orbi-

357 1691 434 1721 tae,·
460 1687 589 1715 iteratae
617 1687 846 1725 observationes,
871 1696 899 1718 et
926 1689 1030 1718 idonea
1061 1693 1262 1729 experimenta
1292 1691 1452 1730 aliquando
1479 1691 1613 1720 tenebras

356 1735 520 1775 dispellent.

1204 1802 1418 1825 BERGMAN.
