1913 2417
313 167 595 201 RESPONffiO
626 177 673 199 an
699 169 1071 209 QuAas‘rtoN-EM
1093 168 1520 204 PHILOSOPHICAM.
1640 180 1679 212 ας

211 251 289 281 Haec
313 253 342 282 in
364 253 439 282 bello
464 255 599 284 adversus
619 254 828 290 Empirismum
853 254 960 283 semina
983 254 1100 282 fuerunt
1123 261 1150 282 et
1175 254 1331 291 primordia
1357 255 1555 293 Scepticismi:
1578 266 1678 287 verum

166 303 211 333 his
234 313 294 333 non
315 305 408 335 omnis
433 305 616 342 Scepticismi
638 306 814 342 praeparatio
833 313 897 333 ante
919 306 1098 342 Pyrrhonem
1123 314 1277 336 coercetur.

205 355 452 392 Philosophorum
478 357 511 385 de
533 346 675 385 humanae
692 356 869 392 cognitionis
895 356 1047 392 principiis
1080 356 1234 385 conflictus
1259 365 1287 385 et
1317 362 1419 386 causae
1446 360 1581 395 politicae
1607 362 1676 398 (1)

162 414 286 443 genuere
306 408 468 445 sophistas,
499 408 550 443 qui
573 415 657 436 artem
681 408 872 436 condiderunt
898 408 932 436 de
962 408 1041 436 omni
1066 416 1094 436 re
1122 407 1151 436 in
1177 414 1328 444 utramque
1359 414 1468 445 partem
1491 411 1677 449 disputandi,

161 463 189 485 et
211 466 294 486 omne
316 467 413 487 verum
438 467 469 486 ac
492 465 600 487 certum
622 459 785 487 dialectices
810 458 939 487 artificiis
960 465 987 487 et
1011 458 1257 487 conclusiunculis
1283 461 1423 489 tentandi.
1462 459 1555 498 igitur
1581 463 1675 499 perfe-

157 515 260 536 cerunt
279 509 486 544 Dialecticam,
511 518 629 546 eamque
646 511 819 547 argutiarum
843 517 871 538 et
895 510 1086 546 captiosarum
1104 510 1438 546 interrogatiuncularum
1467 518 1566 550 magna
1590 516 1675 551 copia

157 558 357 588 instruxerunt
382 567 409 588 et
440 562 668 597 compleverunt.
710 562 794 590 Unde
821 560 927 597 quanta
953 560 1093 597 praesidia
1110 561 1299 597 Scepticismo
1328 563 1520 599 accesserint,
1547 565 1572 593 is
1602 566 1679 602 opti-

155 617 204 638 -me
224 611 398 648 perspiciet,
421 614 471 648 qui
493 614 578 643 Sexti
595 614 731 642 adversus
749 613 938 650 Dogmaticos
962 611 1088 641 certandi
1105 613 1242 641 rationem
1260 614 1378 642 -noverit
1394 615 1409 651 (
1420 615 1471 651 2).
1511 615 1676 654 Praeterea,

158 669 378 692 commoverunt
398 664 599 700 sophistarum
627 664 909 700 disputatiunculae,
938 661 1093 700 omnisque
1116 663 1190 692 firmi
1214 672 1246 692 ac
1269 665 1338 693 certi
1361 672 1522 695 contemtus
1545 674 1572 696 et
1600 669 1677 698 labe·

156 711 280 742 factatio
308 715 523 751 philosophos,
557 723 587 744 ut
606 717 705 753 majori
730 715 932 752 Dogmatismo
957 723 1037 743 suam
1055 714 1220 751 dignitatern
1247 721 1414 752 tuerentur,
1444 725 1478 746 ex
1504 727 1562 754 quo
1577 720 1678 750 debuit

155 764 347 800 philosophia
374 767 408 793 ad
439 767 573 803 antiquas
603 767 804 796 contentiones
830 766 936 801 relabi,
965 773 991 794 et
1018 765 1200 801 Scepticismi
1229 766 1376 804 fastigium
1411 769 1502 805 magis
1527 772 1676 808 magisque

154 823 333 851 praeparare.
376 817 514 846 Omnium
537 824 631 847 autem
653 818 726 846 inter
745 818 943 853 Philosophos
962 815 1174 845 dissensionum
1192 819 1274 854 origo
1297 825 1324 845 et
1345 827 1393 846 arx
1412 820 1565 856 hucusque
1581 822 1674 852 fuerat

159 865 190 894 in
207 874 297 894 rerum
317 868 488 896 naturalium
506 870 623 906 studio,
644 877 766 905 quarum
784 867 948 897 obscuritas
963 868 998 896 ad
1015 866 1227 896 confessionem
1245 867 1433 904 ignorationis
1445 871 1502 907 J'am
1520 873 1675 904 adduxerat

152 916 375 954 Democritum,
397 921 630 957 Anaxagoram,
654 919 874 958 Empedoclem,
896 926 995 948 omnes
1014 927 1086 955 pene
1102 925 1229 954 vetere5‚
1253 920 1304 955 qui
1327 920 1400 949 nihil
1417 924 1580 960 cognosci,
1601 926 1676 955 nihil

154 969 285 1006 percipi,
307 969 379 998 nihil
401 970 468 999 sciri
483 980 572 1007 posse
596 972 748 1007 dixerunt3
774 977 916 1007 angustos
939 978 1063 1005 sensus,
1085 969 1248 998 imbecillos
1271 971 1405 1008 animos,
1426 979 1454 1001 et
1471 980 1503 1002 ut
1520 974 1673 1006 Democri-

154 1025 231 1055 tus,
249 1020 277 1048 in
299 1020 446 1056 profundo
470 1021 616 1050 veritatem
637 1030 701 1050 esse
723 1022 879 1050 demersam
900 1022 915 1058 (
927 1021 981 1058 3).

191 1070 298 1099 Eadem
324 1071 486 1101 obscuritas
507 1073 540 1101 ad
562 1073 675 1102 eandem
704 1072 894 1109 ignorationis
916 1070 1130 1101 confessionem
1157 1072 1273 1100 adduxit
1288 1074 1436 1103 Socratem
1458 1076 1544 1114 (4);
1566 1084 1673 1107 etcum

150 1121 280 1159 priorum
302 1124 362 1160 περὶ
387 1126 442 1153 τῶν
464 1126 583 1161 Φυσικῶν
601 1125 848 1161 philosophorum
868 1123 1027 1152 sententias
1049 1123 1201 1152 eludendas
1226 1131 1359 1160 censeat,
1381 1132 1467 1161 atque
1489 1126 1665 1165 irridendas,

156 1193 182 1210 „
204 1172 325 1209 liber‚’'
345 1176 385 1203 ait
410 1175 510 1204 Cicero
530 1176 621 1214 (5),
644 1196 672 1211 ⁷„
692 1184 707 1205 a
728 1175 777 1203 tali
797 1175 928 1203 irrisione
952 1174 1014 1210 ipse
1037 1173 1190 1209 Socrates,
1213 1176 1263 1211 qui
1287 1175 1360 1205 nihil
1385 1177 1505 1205 istorum
1534 1178 1601 1206 sciri
1618 1187 1673 1215 pu-

154 1243 180 1259 „
201 1230 242 1252 tat
264 1233 361 1260 posse.
373 1224 392 1237 ’'
432 1226 579 1256 Nimirum
606 1227 735 1256 mirabile
759 1226 815 1262 ipsi
836 1225 1012 1260 videbatur,
1045 1233 1105 1254 non
1129 1226 1185 1262 jam
1215 1232 1248 1255 ex
1274 1233 1307 1253 eo
1331 1225 1424 1262 ipsis,
1454 1228 1503 1263 qui
1529 1228 1602 1258 vitae
1628 1236 1670 1259 ta-

148 1274 337 1304 bernaculum
363 1277 391 1305 in
413 1283 468 1312 τοῖς
491 1282 614 1317 φυσικοῖς
637 1276 822 1313 'explorandis
842 1275 1007 1312 ponendum
1032 1281 1198 1310 censerent,
1227 1277 1413 1312 perspicuum
1438 1286 1501 1308 csse
1522 1280 1572 1309 has
1595 1281 1671 1312 divi-

146 1331 204 1352 -nas
223 1332 287 1358 res,
308 1325 345 1353 τὰ
366 1324 492 1360 &airadum
515 1326 586 1361 (6)
606 1325 641 1353 ab
667 1324 834 1353 hominibus
849 1322 1019 1360 investigari
1040 1333 1100 1353 non
1116 1334 1221 1361 posse,
1245 1328 1325 1362 quod
1345 1328 1386 1356 illi
1404 1330 1508 1365 etiarn,
1531 1331 1580 1367 qui
1606 1333 1674 1368 plu-

145 1374 253 1403 rimum
278 1374 312 1402 de
334 1374 379 1402 his
406 1375 620 1411 disputationes
643 1377 800 1414 jactarent,
828 1383 887 1404 non
909 1374 986 1403 ‘inter
1014 1383 1044 1404 se
1067 1377 1286 1413 consentirent,
1315 1379 1365 1407 sed
1390 1380 1483 1409 eadem
1514 1382 1588 1411 inter
1619 1391 1668 1412 eos

146 1432 226 1454 esset
249 1434 320 1461 quae
343 1425 521 1455 furiosorum
548 1428 641 1462 rati03
673 1435 740 1455 cum
765 1426 813 1454 alii
835 1434 924 1454 unum
950 1434 1013 1454 esse
1038 1428 1151 1463 omnia,
1179 1426 1227 1456 alii
1260 1429 1399 1459 infinitam
1434 1432 1664 1467 multitudinem,

151 1476 248 1505 omnia
274 1485 386 1512 semper
408 1477 517 1506 moveri
540 1478 607 1512 alii,
637 1478 685 1506 alii
712 1477 785 1505 nihil
805 1484 932 1512 unquam
956 1478 1082 1512 moveri,
1112 1478 1160 1506 alii
1185 1479 1280 1507 omnia
1309 1480 1367 1508 fieri
1398 1489 1425 1511 et
1451 1483 1564 1510 interire
1580 1503 1590 1517 ‚
1619 1484 1667 1512 alii

149 1526 225 1554 nihil
254 1536 379 1563 unquam
408 1535 457 1557 aut
493 1528 554 1557 fieri
580 1534 629 1557 aut
654 1527 771 1557 'interire
802 1528 998 1564 opinarentur.
1037 1528 1135 1564 Atque
1164 1529 1233 1558 haec
1261 1530 1295 1558 de
1318 1531 1374 1565 iis,
1403 1531 1453 1567 qui
1477 1532 1542 1560 talia
1565 1540 1667 1563 tracta-

150 1576 242 1612 bant,
264 1578 446 1615 proferebat,
468 1579 532 1616 ipse
557 1586 649 1608 autem
672 1587 783 1614 semper
803 1579 837 1606 de
860 1579 1015 1613 humanis,
1036 1583 1091 1612 τοῖς
1113 1581 1280 1616 ἀνθρωπείως
1306 1581 1395 1618 (7),
1418 1582 1574 1612 disserebat
1589 1585 1665 1622 (8).

145 1626 241 1663 {gitur
262 1637 327 1657 cum
353 1630 387 1658 ab
411 1630 541 1666 antiquis
566 1630 751 1667 philosophis
776 1637 871 1664 usque
899 1629 934 1657 ad
958 1630 1105 1658 Socratem
1135 1632 1246 1659 numeri
1279 1639 1433 1668 motusque
1459 1641 1662 1672 tractarentur,

145 1685 175 1706 et
198 1680 272 1708 unde
294 1681 388 1710 omnia
413 1682 575 1719 orirentur,
597 1689 692 1718 quove
713 1680 888 1716 reciderent3
918 1680 1108 1716 studioseque
1139 1682 1173 1710 ab
1205 1682 1251 1712 his
1277 1683 1404 1713 siderum
1434 1687 1662 1723 magnitudines,

1621 1737 1664 1767 in-

171 1806 225 1835 (1)
248 1807 300 1832 Vld.
321 1809 426 1830 Stb'odlu'n
444 1812 460 1834 ι.
475 1812 490 1834 ι,
513 1818 536 1839 ρ,
549 1810 599 1834 216,
615 1816 666 1839 sqq.
833 1808 886 1837 (a)
907 1810 976 1832 conf.
1000 1809 1070 1830 Bulule
1092 1811 1108 1831 l.
1125 1816 1189 1838 supra
1211 1812 1271 1834 laud.
1289 1819 1312 1840 p.
1326 1819 1377 1842 24⁴·
1391 1817 1441 1840 sqq.

173 1849 226 1876 (8)
249 1849 297 1873 cte,
314 1851 384 1874 Acad.
407 1853 424 1874 1.
449 1858 482 1876 ¹2.
648 1851 703 1877 (43
720 1851 767 1872 Cic.
789 1851 834 1874 1.1.
1000 1851 1052 1878 (⁵)
1073 1853 1143 1874 Acad.
1162 1853 1206 1878 lv,
1221 1858 1256 1880 39-

171 1889 226 1917 (⁶)
249 1891 301 1919 Quo
323 1898 388 1913 sensu
410 1893 549 1916 inteflexerlt
564 1895 679 1917 Socrates,
704 1893 826 1920 explicavit
847 1893 874 1913 V⁴
888 1892 924 1915 cl.
941 1890 1049 1911 Schrb'der
1070 1892 1093 1913 in
1115 1893 1199 1920 disput.
1217 1899 1286 1921 super
1302 1894 1400 1918 Socratis
1416 1895 1528 1919 sententia
1546 1898 1574 1919 de
1592 1898 1659 1924 Phys.

140 1928 278 1955 disciplinae
299 1934 388 1957 studio,
405 1933 427 1954 ln
444 1939 563 1956 comment·
581 1936 619 1956 lll.
635 1934 719 1955 Classis
743 1932 836 1954 {natituti
857 1933 914 1958 Reg.
929 1932 990 1958 nelg.
1012 1940 1035 1960 p.
1048 1938 1088 1958 ¹70
1103 1939 1152 1960 sqq.

172 1973 225 2000 (7)
253 1975 370 2002 Quaenam
394 1978 438 2000 sint
461 1977 495 1999 τᾰ
516 1972 654 2002 ἀνθρώπεια
666 1992 673 2003 ,
692 1984 749 2005 quae
771 1978 836 1999 unlce
855 1977 883 1998 ad
901 1981 927 1996 se
945 1976 1059 2002 pertinere
1078 1976 1179 1998 Sacram
1199 1977 1354 2007 existimabat,
1368 1980 1460 2009 planum
1477 1978 1655 2003 scelestorum

142 2013 169 2038 U.
187 2014 223 2038 Cl.
245 2017 260 2039 l.
273 2016 290 2041 l.
457 2017 510 2047 (e)
525 2017 624 2046 λιπαρὴ,
645 2019 773 2046 Μριῃοηὺ,
787 2019 806 2042 1.
823 2023 844 2040 ι·
865 2018 886 2046 §-
906 2021 938 2038 ιι.
954 2021 1005 2044 sqq.

928 2057 974 2089 ,D
