1913 2417
239 132 518 165 RESPONsto
545 141 597 164 an
625 131 1000 171 QUAEsTloNEM
1031 132 1486 167 HYDROSTATICAM.
1585 137 1626 174 62

106 216 272 248 abs'olutum
301 219 422 255 habere,
448 218 499 248 sed
527 217 652 254 quisque
679 216 830 253 intelligit,
860 216 938 245 hunc
969 223 1108 246 conatum
1143 216 1253 245 irritum
1283 225 1362 253 esse,
1393 216 1529 254 quoniam
1556 215 1619 248 'hoe

104 271 278 308 (quidquid
299 276 407 299 veteres
427 269 605 306 statuerint)
624 268 740 297 minime
759 266 900 304 negavi.'’
945 267 992 298 Sic
1013 268 1094 297 etiam
1119 276 1207 304 supra
1225 268 1350 298 vidimus
1375 270 1391 307 (
1403 271 1442 306 x)
1466 269 1621 299 Hesseiin-

105 322 186 359 ginm
209 329 334 359 negare,
350 330 381 351 se
405 321 520 357 thesin,
541 320 628 350 fluida
650 321 679 349 in
702 320 831 357 propriis
854 319 926 348 locis
951 327 1011 348 non
1036 320 1195 356 gravitant‚
1215 320 1254 350 ita
1276 321 1423 358 accipere,
1444 330 1479 350 ac
1502 322 1526 350 si
1553 321 1620 350 flui-

104 373 140 402 da
163 373 202 401 ibi
224 381 317 403 revera
342 373 461 410 pondus
478 381 564 403 suum
588 372 754 402 absolutum
777 371 947 408 perderent,
978 371 1018 401 ita
1041 377 1074 400 ut
1105 371 1220 401 materia
1239 373 1414 409 proprietate
1436 381 1489 402 sua
1506 371 1624 403 viminu-7

104 424 187 452 labili
208 424 399 455 fraudaretur.

139 475 230 505 Porro
254 476 368 506 Censor
390 484 551 514 anonymus
569 475 781 505 dIssertatIOnis
806 474 981 511 Hesseiingii
1004 474 1093 512 (2),
1116 474 1202 504 simili
1220 475 1306 504 modo
1324 475 1530 505 ratiocinatur:
1561 497 1579 511 ‚,
1593 476 1625 506 si·

105 527 307 564 quaeratur-‚⁹⁹
327 528 442 564 inquit,
466 537 529 564 „an
551 527 638 556 fluida
658 527 687 556 in
705 527 833 563 propriis
854 526 927 555 locis
945 527 1040 563 gravia
1055 527 1135 562 sint,
1155 533 1241 563 atque
1261 526 1329 555 haec
1349 528 1481 563 quaestio
1506 527 1619 563 signifi·

105 584 171 614 eet,
191 587 228 608 an
251 585 346 616 partes
375 579 457 609 fluidi
479 580 508 609 in
531 580 597 615 ipso
621 579 710 608 fluido
731 578 895 616 gravitatem
919 586 1001 607 suam
1019 578 1156 607 retineant
1166 598 1183 613 ‚.
1198 579 1351 614 eademque
1374 585 1477 616 agant,
1500 586 1625 615 respon·

105 629 151 659 sio
172 637 216 660 est
238 631 423 666 affirmativa,
445 637 473 659 et
494 629 714 667 Hesselingius,
735 635 763 658 et
788 629 887 666 quivis
913 629 962 658 aiii
982 629 1155 658 concedunt.
1165 628 1194 641 ”’

143 681 193 710 Sic
218 686 246 710 et
269 683 467 720 Coppenalius
493 683 560 720 (3)
582 683 662 711 doct.
697 681 809 710 Aeneae
830 687 932 718 rogat,
962 680 1080 710 ubinam
1104 680 1175 709 sub‘
1192 679 1287 716 aliqua
1312 681 1371 710 veri
1394 680 1627 717 speciem-dica-

102 733 204 768 verit,
230 741 261 762 se
289 734 351 771 ejus
377 742 441 763 esse
471 734 652 769 sententiae,
683 733 762 769 quod
793 741 868 769 aqua
897 732 928 762 in
958 740 1032 768 aqua
1063 731 1184 761 nullum.
1211 731 1326 760 haberet
1353 733 1477 768 pondus
1498 733 1625 762 absolu-

102 789 163 812 tum
191 784 272 821 (4)-

142 834 221 864 Hinc
243 836 427 866 manifestum
453 844 515 873 est,
544 844 638 873 neque
659 835 901 873 Hessesmgium,
931 842 1024 871 neque
1047 841 1224 870 anonymum
1241 854 1252 869 ‚
1280 841 1374 870 neque
1408 833 1628 870 Coppenaliunr

107 894 248 924 negasse,
269 888 390 917 fluidum
416 889 446 918 in
470 888 589 926 proprio
611 888 701 918 fluido
725 888 828 916 habere
855 887 972 924 pondus
1001 886 1183 915 absolutum.
1224 885 1264 914 At
1286 893 1353 914 cum
1382 892 1476 914 tamen
1502 894 1625 922 negave-

105 938 185 974 rint,
213 939 330 968 fluidum
353 940 384 969 in
408 940 500 970 fluido
534 940 701 978 gravitare‚.
719 938 793 968 nihil
823 938 899 975 ipsis
929 938 1089 975 negandum
1119 936 1287 974 superfuit,
1315 936 1372 966 nisi
1401 937 1516 973 pondus
1543 937 1627 967 fluidi

104 990 386 1022 animadvertendum
410 992 441 1022 in
464 992 592 1028 bilance,
619 998 706 1028 atque
731 989 805 1019 illud
825 998 883 1019 eos
899 988 1018 1019 omnIno
1048 996 1185 1025 negasse,
1212 994 1247 1017 ex
1271 987 1459 1024 sequentibus
1491 988 1543 1016 erit
1563 996 1624 1017 ma-

102 1040 256 1073 nifestumt

142 1091 351 1130 Hesselingiusv
366 1094 395 1123 in
412 1094 533 1124 Praefat.
557 1093 710 1124 Dissertat.
730 1101 799 1123 suae
820 1101 849 1129 p.
869 1092 924 1128 16,
953 1096 1051 1121 notam
1069 1098 1132 1120 esse
1149 1090 1222 1119 dicit
1242 1089 1437 1119 differentiam·
1452 1090 1535 1119 interv
1548 1099 1627 1127 pone·

108 1143 164 1172 dus
189 1144 355 1174 absolutum
386 1152 414 1174 et
439 1145 609 1175 relativum:
638 1145 719 1181 quod
742 1144 875 1173 ultimum
899 1149 942 1171 est
965 1150 1101 1171 excessus
1124 1141 1260 1178 ponderis
1284 1141 1417 1177 corporis
1440 1149 1529 1178 super
1548 1150 1632 1178 pon«

103 1194 158 1223 dus
176 1195 300 1232 ejusdem
316 1204 425 1225 massae
440 1196 540 1232 fluidi,
561 1197 591 1225 in
608 1205 667 1233 q-uo
684 1195 871 1232 ponderatur.
910 1193 976 1222 Hoc
991 1200 1080 1222 sensu
1100 1193 1191 1221 valere
1209 1191 1347 1221 omnibus
1361 1198 1514 1228 acceptam*
1529 1193 1625 1230 legem>

105 1247 329 1284 hydrostaticam
340 1269 357 1283 ‚v
372 1256 480 1284 corpus
497 1248 529 1277 in
544 1248 635 1277 fluido
657 1248 868 1284 ponderatum,
889 1244 1027 1282 ponderis
1050 1244 1188 1281 jacturam
1214 1244 1293 1280 pati,
1322 1251 1395 1279 quae
1418 1250 1465 1272 est
1487 1244 1517 1273 in
1538 1243 1634 1272 ratio--

104 1306 140 1328 ne
161 1299 311 1328 densitatis
333 1298 428 1327 fluidi.
463 1298 526 1336 Jam
551 1299 649 1328 eodem
675 1307 763 1327 sensu
787 1305 817 1326 se
839 1295 988 1326 defendere
1015 1296 1030 1333 (
1042 1296 1122 1332 quod
1136 1295 1201 1324 inde
1222 1303 1274 1331 per
1296 1302 1327 1324 se
1348 1295 1504 1333 sequitur)
1519 1302 1627 1332 aquam

102 1348 131 1378 in
156 1358 230 1386 aqua
249 1356 343 1380 totum
370 1358 456 1379 suum
479 1351 595 1387 pondus
623 1350 770 1385 amittere,
792 1348 929 1386 quoniam
951 1347 1036 1384 plane
1059 1352 1252 1376 sustentatur.

139 1403 278 1432 Similiter
297 1402 412 1431 Censor
424 1410 586 1438 anonymus
611 1402 632 1432 l.
651 1411 679 1432 c.
701 1403 816 1438 pergit,
843 1400 907 1436 „si
927 1406 997 1429 vero
1021 1398 1178 1434 quaestio,
1195 1406 1229 1427 an
1251 1398 1338 1427 fluida
1356 1397 1385 1427 in
1405 1396 1532 1433 propriis
1555 1395 1622 1424 flui-

97 1454 142 1483 dis
165 1454 261 1491 gravia
293 1454 374 1489 sint,
402 1453 567 1489 significet,
596 1460 692 1482 utrum
715 1461 782 1489 pars
805 1451 885 1480 fluidi
909 1451 939 1479 in
964 1450 1030 1486 ipso
1061 1449 1152 1478 fluido
1184 1449 1309 1485 pondere
1334 1457 1391 1477 suo
1418 1447 1449 1476 in
1471 1446 1615 1477 hilari-cem

97 1511 181 1542 agat,
203 1513 240 1533 an
265 1505 423 1540 ponderet,
444 1504 597 1541 responsio
622 1510 684 1539 est,
705 1512 766 1533 non
790 1503 848 1539 agit
872 1501 901 1530 in
926 1501 1086 1535 bilancem‚
1109 1508 1168 1528 non
1194 1500 1345 1535 ponderat.
1356 1497 1377 1510 ’⁹

135 1556 246 1586 Eodem
264 1556 350 1585 modo
367 1556 569 1593 Coppenaiius
587 1555 607 1585 1.
624 1564 650 1584 c.
674 1563 707 1591 p.
723 1563 749 1590 3.
771 1573 794 1589 ‚‚
807 1561 837 1582 se
855 1550 1065 1588 hydrostatices
1085 1550 1128 1579 uti
1147 1551 1290 1587 principio
1305 1550 1392 1586 dicit,
1413 1550 1530 1586 eodem,
1551 1546 1619 1585 ‘'J-uo

96 1608 173 1637 doct.
197 1607 328 1643 Aeneae,
356 1607 421 1636 scii.
456 1607 534 1643 quod
564 1606 659 1635 omnia
691 1613 830 1641 corpora,
860 1603 951 1632 fluido
978 1601 1133 1637 immersa,
1158 1607 1265 1631 tantam
1295 1602 1443 1638 patiantur
1473 1600 1616 1638 ponderis

93 1660 250 1696 jacturam,
283 1664 424 1694 quantum
452 1663 495 1686 est
519 1659 635 1694 pondus
665 1665 772 1686 massae
799 1655 902 1689 fluidi,
931 1661 1004 1690 quae
1026 1662 1042 1682 a
1065 1661 1187 1690 corpore
1218 1653 1351 1682 immerso
1383 1653 1451 1682 loco
1481 1659 1536 1681 suo
1567 1651 1616 1680 di-

94 1712 235 1738 movetur.
276 1708 370 1745 Atqui
395 1717 459 1738 cum
483 1717 556 1745 aqua
581 1708 619 1737 sit
643 1716 749 1744 corpus
771 1707 1002 1742 homogeneum,
1030 1705 1068 1734 ita
1093 1711 1120 1733 et
1140 1713 1213 1741 aqua
1236 1705 1266 1734 in
1297 1713 1370 1742 aqua
1395 1710 1490 1734 totum
1518 1710 1608 1732 suum

95 1759 210 1797 pondus
235 1759 343 1790 amittit
358 1781 368 1797 ‚
391 1761 470 1798 quod
493 1760 626 1791 enunciat
649 1759 764 1796 verbis,
786 1766 858 1796 aqua
880 1757 911 1786 in
933 1764 1006 1793 aqua
1031 1763 1093 1786 non
1120 1756 1259 1794 gravitat⁸>

101 1814 106 1819 ·
1529 1804 1615 1837 Haec

119 1905 170 1935 (¹)
191 1911 258 1935 wrm
279 1915 303 1935 ρ.
319 1913 356 1934 42.
802 1903 852 1933 (π)
872 1909 938 1931 snpra
959 1909 981 1930 Ρ·
995 1909 1033 1931 4³·

117 1947 168 1977 (³)
188 1948 213 1971 in
234 1950 302 1973 niter·
321 1955 361 1975 sua
380 1949 448 1979 epist.
468 1956 532 1979 μὴ
792 1945 846 1975 (4)
869 1945 930 1970 conf.
947 1951 1015 1974 supra
1035 1951 1060 1973 p,
1075 1948 1119 1971 5³3-
