1913 2417
199 209 238 244 32
479 203 520 235 G.
578 186 798 234 GRoEN
855 211 960 232 VA²N
1018 197 1456 232 PRINSTvERER

198 287 322 317 Difficile
345 287 463 318 omnino
491 293 556 323 est,
578 293 702 316 statuere
722 291 819 314 utrum
844 285 1038 314 Themistoclis
1058 292 1114 320 an,
1145 283 1287 321 Cimonis,
1316 292 1351 313 an
1370 292 1439 313 vero
1459 277 1582 313 Periclis
1601 283 1723 313 maxims

205 339 313 368 fuerint
339 340 368 368 in
390 340 606 376 Rempublicam
635 337 853 366 Atheniensium
873 335 990 372 merira3
1020 337 1050 365 id
1082 344 1149 364 vero
1179 335 1262 364 facile
1289 342 1332 363 est
1356 335 1528 370 intellectu,
1557 335 1583 364 si
1614 336 1718 364 horum

201 390 287 420 trium
312 399 372 420 uno
397 391 576 423 caruissent,
603 396 758 423 numquam
789 387 916 416 Athenas
943 388 978 416 ad
1004 393 1110 416 tantam
1141 386 1302 423 potentiam
1328 387 1508 423 gloriamque
1531 393 1716 422 perventuras

203 441 307 472 fuisse.
347 443 391 471 De
415 439 598 470 Themistocle
620 445 648 468 et
669 439 783 468 Pericle
806 439 862 475 jam
896 444 974 467 antea
999 439 1142 468 diximus:
1176 439 1316 468 Cimonem
1340 438 1370 466 in
1395 446 1428 466 eo
1452 438 1616 474 praesertim
1643 437 1722 473 opti·
1765 458 1772 460 f

200 501 245 522 me
262 494 297 522 de
316 493 431 522 civibus
453 492 514 520 suis
539 490 670 519 meritum
697 498 760 519 esse
784 497 952 525 censemus,
975 490 1053 525 quod
1075 489 1181 517 bellum
1207 495 1310 518 contra
1333 488 1451 524 Persas,
1480 497 1564 525 quam
1585 489 1644 517 fieri
1665 495 1728 524 poa

200 550 271 573 terat
300 543 482 578 diutissime,
514 542 646 578 duxerit3
675 547 707 569 ut
734 541 793 576 ita,
823 549 891 569 cum
919 541 1042 569 externis
1071 541 1194 577 negotiis
1218 540 1396 569 Graecorum
1423 540 1510 569 animi
1530 540 1719 568 distraheren-

201 601 268 630 tur,
293 595 327 624 de
350 594 487 623 civilibus
513 593 605 621 turbis
636 601 695 621 non
719 592 891 629 cogitarent.
938 592 1027 630 Quod
1047 591 1071 620 si
1095 600 1151 627 pax
1169 597 1244 619 esset
1258 590 1352 627 facta,
1373 597 1522 626 antequam
1540 590 1716 618 Athenarum

200 646 276 676 vires
300 646 369 674 adeo
392 652 491 674 auctae
516 644 756 679 confirmataeque
779 649 894 679 essent,
913 649 946 672 ut
967 643 1004 671 iis
1031 643 1104 671 socii
1126 644 1255 672 resistere
1269 650 1328 671 non
1347 643 1500 677 auderent3
1524 641 1720 677 obtemperare

200 696 429 727 Atheniensibus
458 703 485 725 et
510 695 617 724 tributa
642 694 772 724 conferre
805 695 1008 724 recusassent,-
1027 694 1121 723 *finito
1143 695 1219 723 enim
1250 694 1327 723 bello
1350 693 1432 722 etiam
1454 692 1607 722 *societatis
1635 699 1722 721 causa

201 749 366 779 tollebatur.

244 809 272 830 2.
295 801 392 829 Altera
418 808 503 828 causa
528 805 590 835 est,
612 801 692 835 quod
712 800 929 830 Atheniensium
952 799 1024 829 socii
1047 807 1147 836 magna
1172 807 1207 828 ex
1227 804 1307 836 parte
1328 797 1454 828 insulani
1479 803 1569 826 erant.
1600 797 1640 825 'Si
1665 804 1715 825 au-

203 858 259 881 tem
274 852 376 881 Chios
396 852 578 887 Lesbiosque
600 851 798 887 excipiamus,
824 852 853 880 in
878 860 952 887 quos
973 859 1074 887 magna
1100 850 1294 879 moderatione
1320 850 1365 878 usi
1389 855 1477 884 sunt,
1506 849 1639 877 timentes
1661 846 1718 876 sci-

203 904 271 932 licet
293 911 328 931 ne
353 902 388 930 ab
411 901 482 938 ipsis
508 901 563 930 sibi
594 901 754 937 periculum
781 903 947 937 exsisteret3
976 902 1100 936 caeteri,
1130 908 1221 936 quum
1242 908 1329 929 naves
1353 900 1425 936 ipsis
1453 900 1579 934 ademtae
1604 905 1717 934 essent,

204 961 232 983 et
256 954 446 983 Athenienses
478 961 553 980 mare
571 959 722 988 ¹tenerent,
744 952 892 981 deficiendi
911 961 962 981 nec
979 953 1098 988 agitare,
1119 959 1172 980 nec
1191 951 1401 979 communicare
1424 950 1546 979 consilia
1570 949 1615 978 vix
1636 955 1721 985 pote·

201 1012 274 1034 rant.
303 1004 493 1042 Quamobrem
508 1003 684 1037 cavendum,
704 1011 739 1031 ne
756 1003 905 1031 insulanos
922 1001 1090 1030 illos-nimis
1107 1001 1364 1037 reprehendamus,
1382 1000 1462 1035 quod
1480 1000 1585 1026 bellam
1603 998 1719 1034 saepius

204 1064 264 1084 non
286 1055 512 1090 commoverint;
535 1063 598 1082 nam
624 1053 850 1082 Atheniensibus
872 1052 984 1080 difficile
1014 1060 1072 1080 non
1094 1051 1219 1086 fuisset,
1241 1051 1369 1086 singulas
1394 1050 1503 1078 insulas
1527 1049 1656 1077 coercere
1679 1053 1722 1076 at-

205 1115 262 1142 que
291 1105 468 1142 opprimere,
499 1105 681 1141 praesertim,
714 1104 850 1142 quoniam
871 1104 1001 1138 ,ὑπηκόοις
1028 1103 1100 1132 nihil
1131 1101 1189 1140 fere
1212 1102 1342 1130 relictum
1366 1106 1424 1129 erat
1449 1108 1567 1134 eorum,
1591 1107 1663 1134 quae
1689 1097 1725 1126 ad

206 1159 274 1187 belli
297 1167 368 1187 usus
391 1157 597 1193 requiruntur3
627 1164 699 1192 quae
722 1157 746 1185 si
773 1156 829 1184 sibi
855 1164 955 1184 rursus
983 1162 1146 1189 comparare
1169 1153 1351 1186 voluissent,
1381 1159 1447 1180 mox
1475 1151 1544 1186 quid
1570 1150 1599 1178 in
1626 1149 1721 1178 animo

207 1209 363 1245 haberent,
393 1208 584 1237 Athenienses
607 1207 749 1243 suspicati
775 1207 911 1235 fuissent.
953 1205 998 1233 Illi
1028 1212 1120 1233 autem
1146 1204 1241 1238 socii,
1263 1204 1314 1240 qui
1336 1202 1512 1232 continentis
1544 1207 1632 1229 terrae
1658 1207 1722 1228 oras

208 1261 363 1295 tenebant,
386 1259 511 1288 barbaris
538 1259 656 1295 populis
681 1258 885 1295 cingebantur:
909 1256 1135 1292 .f1·equentes·in
1161 1263 1211 1283 eos
1234 1254 1433 1291 expeditiones
1455 1253 1612 1288 -suscipere
1640 1251 1726 1279 debe·

207 1311 294 1346 bant,
316 1311 479 1346 frequenter
501 1310 615 1338 eosdem
643 1310 809 1339 invadentes
840 1308 992 1344 repellere,
1021 1306 1095 1335 unde
1119 1306 1227 1335 factum
1252 1312 1317 1341 est,
1348 1311 1379 1333 ut
1407 1304 1478 1334 satis
1505 1303 1609 1332 virium
1637 1303 1673 1332 ad
1696 1310 1727 1331 se

209 1361 238 1390 in
262 1361 419 1397 libertatem
443 1360 630 1388 vindicandos
651 1368 709 1388 non
726 1360 870 1390 haberent.

251 1420 278 1448 3.
300 1410 399 1439 Tertia
422 1418 528 1445 causa,
557 1417 665 1444 eaque,
694 1416 797 1437 nostro
824 1409 938 1444 quidem
959 1408 1089 1443 judicio,
1122 1408 1309 1442 gravissima,
1338 1408 1482 1441 cnjusque
1514 1406 1543 1431 in
1564 1410 1625 1431 tota
1641 1404 1729 1431 Grae-

211 1470 310 1491 corum
335 1461 455 1489 historia
482 1469 613 1497 maguum
639 1460 696 1488 suit
731 1465 931 1492 momentum,
962 1457 1056 1493 posita
1080 1463 1125 1485 est
1151 1456 1181 1484 in
1211 1455 1394 1491 discrimine,
1425 1455 1504 1490 quod
1533 1453 1606 1482 inter
1635 1455 1729 1482 Dores

213 1520 240 1541 et
261 1513 345 1542 Iones
369 1512 435 1540 fuit.
479 1510 552 1542 Nou
580 1512 665 1540 modo
691 1510 821 1547 origine,
843 1510 891 1538 secl
911 1509 993 1537 etiam
1013 1507 1109 1536 indole
1133 1505 1320 1541 differebant3
1344 1513 1454 1533 summa
1472 1504 1611 1534 Doricum
1637 1511 1727 1541 genus

213 1571 270 1594 crat
286 1563 430 1600 'gravitate
457 1569 484 1591 et
511 1563 664 1591 admodum
696 1562 829 1597 antiquae
862 1559 1081 1589 consuetudinis
1107 1564 1211 1587 tenax:
1241 1557 1326 1587 Ioues
1353 1562 1453 1585 contra
1480 1555 1601 1584 mobiles
1628 1561 1725 1590 erant,

211 1614 308 1648 leves,
330 1613 482 1650 elegantiae
505 1613 651 1648 studiosi,
688 1621 827 1642 novarum
851 1619 943 1640 rerum
969 1610 1161 1646 cupidissimi.
1202 1609 1278 1637 Hinc
1302 1608 1354 1636 alia
1384 1608 1459 1643 apud
1488 1612 1627 1642 utrosque
1650 1612 1729 1634 erant

212 1664 365 1699 instituta,
394 1664 463 1692 aliae
489 1666 586 1700 leges,
615 1664 662 1692 alii
686 1673 798 1699 mores,
825 1663 897 1699 quin
929 1661 1011 1689 etiam
1048 1661 1144 1696 lingua
1179 1660 1332 1688 admodum
1368 1658 1479 1686 diversa
1513 1663 1582 1685 erat.
1624 1656 1725 1694 Quum

213 1715 303 1753 igitur
329 1720 379 1744 aut
407 1713 636 1744 Atheniensibus
664 1715 869 1751 unusquisque
897 1720 945 1742 aut
962 1711 1201 1741 >Lacedaemoniis
1234 1710 1426 1746 obtemperare
1449 1708 1579 1743 deberet,
1608 1714 1722 1736 neutra-

217 1774 277 1794 rum
305 1774 372 1794 vero
396 1766 520 1801 partium
549 1773 611 1794 esse
640 1765 807 1801 paucissimi
837 1765 996 1799 auderent3
1026 1771 1142 1792 necesse
1162 1769 1237 1797 erat,
1270 1769 1302 1790 ut
1335 1769 1387 1790 nec
1417 1760 1522 1788 Dorica
1552 1767 1602 1788 nec
1630 1758 1730 1788 ionica.

216 1817 318 1846 civitas
334 1823 419 1852 caput
450 1824 516 1846 suae
539 1817 632 1846 tribus
651 1817 734 1846 facile
756 1817 914 1850 desereret,
937 1823 1024 1850 seque
1048 1814 1163 1842 alterius
1187 1813 1280 1841 tribus
1303 1811 1394 1848 capiti
1416 1812 1591 1848 adiungeret.
1632 1809 1729 1845 Quam

218 1869 254 1896 ob
280 1876 335 1896 rem
363 1874 437 1896 recte
459 1868 514 1896 dici
538 1875 655 1905 potest,
687 1869 734 1897 illa
756 1867 884 1896 tribuum
911 1865 1069 1895 differentia
1102 1864 1295 1893 efficacissima
1324 1863 1417 1892 fuisse
1436 1863 1471 1891 ad
1493 1861 1589 1891 socios
1613 1859 1643 1889 in
1667 1859 1728 1889 offi-

217 1919 263 1947 cio
289 1918 462 1947 retinendos.
1699 1944 1701 1946 ,

257 1978 288 2004 4.
313 1969 420 2005 Quarta
445 1978 530 1999 causa
555 1977 617 2006 est,
640 1973 718 2008 quod
747 1980 922 2008 quocunque
950 1979 981 2000 se
1006 1970 1101 2000 miseri
1129 1969 1200 1999 socii
1223 1968 1389 2002 vertebant,
1415 1965 1443 1995 in
1473 1964 1663 1994 Athenienses
1686 1962 1732 1990 in·

217 2020 359 2049 cidebant.
402 2020 462 2049 Nee
497 2022 567 2051 adeo
599 2024 705 2052 classes
732 2032 831 2053 corum
867 2023 1029 2052 metuebant
1063 2030 1113 2059 per
1142 2029 1216 2050 mare
1244 2020 1387 2055 Aegaeum
1420 2017 1614 2053 navigantes,
1644 2020 1728 2050 quam

1683 2071 1735 2092 no-
