<?xml version="1.0" encoding="UTF-8"?>
<!DOCTYPE html PUBLIC "-//W3C//DTD XHTML 1.0 Transitional//EN"
    "http://www.w3.org/TR/xhtml1/DTD/xhtml1-transitional.dtd">
<html xmlns="http://www.w3.org/1999/xhtml" xml:lang="en" lang="en">
 <head>
  <title>
</title>
<meta http-equiv="Content-Type" content="text/html;charset=utf-8" />
  <meta name='ocr-system' content='tesseract 3.04.00' />
  <meta name='ocr-capabilities' content='ocr_page ocr_carea ocr_par ocr_line ocrx_word'/>
</head>
<body>
  <div class='ocr_page' id='page_1' title='image "annalesacademiae19rijk_0015.png"; bbox 0 0 1913 2417; ppageno 0'>
   <div class='ocr_carea' id='block_1_1' title="bbox 730 172 1692 219">
    <p class='ocr_par' dir='ltr' id='par_1_1' title="bbox 730 172 1692 219">
     <span class='ocr_line' id='line_1_1' title="bbox 730 172 1692 219; baseline 0.016 -17"><span class='ocrx_word' id='word_1_1' title='bbox 730 172 1166 210; x_wconf 73' lang='lat' dir='ltr'>LECTrloNtJM.</span> <span class='ocrx_word' id='word_1_2' title='bbox 1645 186 1692 219; x_wconf 59' lang='lat'>111</span> 
     </span>
    </p>
   </div>
   <div class='ocr_carea' id='block_1_2' title="bbox 515 280 1368 323">
    <p class='ocr_par' dir='ltr' id='par_1_2' title="bbox 515 280 1368 323">
     <span class='ocr_line' id='line_1_2' title="bbox 515 280 1368 323; baseline 0.006 -5"><span class='ocrx_word' id='word_1_3' title='bbox 515 280 855 319; x_wconf 83' lang='lat' dir='ltr'>FACULTAS</span> <span class='ocrx_word' id='word_1_4' title='bbox 914 283 1368 323; x_wconf 75' lang='lat' dir='ltr'><strong>THEOLOGICA.</strong></span> 
     </span>
    </p>
   </div>
   <div class='ocr_carea' id='block_1_3' title="bbox 195 375 1685 2062">
    <p class='ocr_par' dir='ltr' id='par_1_3' title="bbox 206 375 1684 475">
     <span class='ocr_line' id='line_1_3' title="bbox 206 375 1684 424; baseline 0.005 -16"><span class='ocrx_word' id='word_1_5' title='bbox 206 375 236 419; x_wconf 85' lang='lat' dir='ltr'><strong>J.</strong></span> <span class='ocrx_word' id='word_1_6' title='bbox 258 376 301 409; x_wconf 90' lang='lat' dir='ltr'>G.</span> <span class='ocrx_word' id='word_1_7' title='bbox 327 386 373 408; x_wconf 78' lang='lat' dir='ltr'>TE</span> <span class='ocrx_word' id='word_1_8' title='bbox 396 376 610 414; x_wconf 87' lang='lat' dir='ltr'>WATER,</span> <span class='ocrx_word' id='word_1_9' title='bbox 635 376 718 407; x_wconf 85' lang='lat' dir='ltr'>Loca</span> <span class='ocrx_word' id='word_1_10' title='bbox 745 375 864 408; x_wconf 85' lang='lat' dir='ltr'>Selecta</span> <span class='ocrx_word' id='word_1_11' title='bbox 888 378 926 409; x_wconf 87' lang='lat' dir='ltr'>V.</span> <span class='ocrx_word' id='word_1_12' title='bbox 951 384 982 409; x_wconf 87' lang='lat' dir='ltr'>et</span> <span class='ocrx_word' id='word_1_13' title='bbox 1003 379 1043 411; x_wconf 82' lang='lat' dir='ltr'><strong>N.</strong></span> <span class='ocrx_word' id='word_1_14' title='bbox 1067 380 1100 412; x_wconf 88' lang='lat' dir='ltr'>F.</span> <span class='ocrx_word' id='word_1_15' title='bbox 1124 379 1314 424; x_wconf 77' lang='lat' dir='ltr'>Theoiogice</span> <span class='ocrx_word' id='word_1_16' title='bbox 1342 387 1374 412; x_wconf 86' lang='lat' dir='ltr'>et</span> <span class='ocrx_word' id='word_1_17' title='bbox 1408 379 1603 424; x_wconf 83' lang='lat' dir='ltr'>Philologice</span> <span class='ocrx_word' id='word_1_18' title='bbox 1633 383 1684 415; x_wconf 82' lang='lat' dir='ltr'>in·</span> 
     </span>
     <span class='ocr_line' id='line_1_4' title="bbox 259 432 1489 475; baseline 0.004 -12"><span class='ocrx_word' id='word_1_19' title='bbox 259 433 483 475; x_wconf 67' lang='lat' dir='ltr'>terpretabitue·</span> <span class='ocrx_word' id='word_1_20' title='bbox 510 432 630 466; x_wconf 82' lang='lat' dir='ltr'>diebus</span> <span class='ocrx_word' id='word_1_21' title='bbox 650 434 779 470; x_wconf 77' lang='lat' dir='ltr'>lunae</span> <span class='ocrx_word' id='word_1_22' title='bbox 785 439 816 464; x_wconf 87' lang='lat' dir='ltr'>ct</span> <span class='ocrx_word' id='word_1_23' title='bbox 842 435 971 472; x_wconf 85' lang='lat' dir='ltr'>Martis,</span> <span class='ocrx_word' id='word_1_24' title='bbox 996 435 1075 467; x_wconf 87' lang='lat' dir='ltr'>hora</span> <span class='ocrx_word' id='word_1_25' title='bbox 1097 436 1154 474; x_wconf 84' lang='lat' dir='ltr'>XI.</span> <span class='ocrx_word' id='word_1_26' title='bbox 1485 462 1489 464; x_wconf 93' lang='lat'><strong>.</strong></span> 
     </span>
    </p>

    <p class='ocr_par' dir='ltr' id='par_1_4' title="bbox 202 484 1684 636">
     <span class='ocr_line' id='line_1_5' title="bbox 202 484 1683 545; baseline 0.004 -24"><span class='ocrx_word' id='word_1_27' title='bbox 202 486 230 533; x_wconf 86' lang='lat' dir='ltr'><strong>J.</strong></span> <span class='ocrx_word' id='word_1_28' title='bbox 255 500 339 522; x_wconf 82' lang='grc' dir='ltr'>νΑΝ</span> <span class='ocrx_word' id='word_1_29' title='bbox 363 489 602 528; x_wconf 90' lang='lat' dir='ltr'>VOORST,</span> <span class='ocrx_word' id='word_1_30' title='bbox 624 490 900 521; x_wconf 83' lang='lat' dir='ltr'>Hermeneuticam</span> <span class='ocrx_word' id='word_1_31' title='bbox 925 493 962 523; x_wconf 88' lang='lat' dir='ltr'>V.</span> <span class='ocrx_word' id='word_1_32' title='bbox 985 498 1016 523; x_wconf 89' lang='lat' dir='ltr'>et</span> <span class='ocrx_word' id='word_1_33' title='bbox 1038 494 1076 525; x_wconf 89' lang='lat' dir='ltr'>N.</span> <span class='ocrx_word' id='word_1_34' title='bbox 1101 496 1133 526; x_wconf 89' lang='lat' dir='ltr'>F.</span> <span class='ocrx_word' id='word_1_35' title='bbox 1159 484 1287 544; x_wconf 82' lang='lat' dir='ltr'>tradet,</span> <span class='ocrx_word' id='word_1_36' title='bbox 1296 500 1398 545; x_wconf 73' lang='lat' dir='ltr'>atque</span> <span class='ocrx_word' id='word_1_37' title='bbox 1423 494 1594 526; x_wconf 75' lang='lat' dir='ltr'>historiam</span> <span class='ocrx_word' id='word_1_38' title='bbox 1613 506 1683 539; x_wconf 85' lang='lat' dir='ltr'>pas-</span> 
     </span>
     <span class='ocr_line' id='line_1_6' title="bbox 249 546 1684 595; baseline 0.004 -18"><span class='ocrx_word' id='word_1_39' title='bbox 249 547 350 577; x_wconf 67' lang='lat' dir='ltr'>sionis</span> <span class='ocrx_word' id='word_1_40' title='bbox 372 557 407 578; x_wconf 88' lang='lat' dir='ltr'>ac</span> <span class='ocrx_word' id='word_1_41' title='bbox 430 547 672 578; x_wconf 83' lang='lat' dir='ltr'>resurrectionis</span> <span class='ocrx_word' id='word_1_42' title='bbox 693 547 720 579; x_wconf 84' lang='lat' dir='ltr'><strong>J.</strong></span> <span class='ocrx_word' id='word_1_43' title='bbox 745 546 825 582; x_wconf 82' lang='lat' dir='ltr'><strong>Chr.</strong></span> <span class='ocrx_word' id='word_1_44' title='bbox 849 549 1008 590; x_wconf 69' lang='lat' dir='ltr'>exegetice</span> <span class='ocrx_word' id='word_1_45' title='bbox 1034 556 1065 582; x_wconf 90' lang='lat' dir='ltr'>et</span> <span class='ocrx_word' id='word_1_46' title='bbox 1086 550 1196 582; x_wconf 82' lang='lat' dir='ltr'><strong>critice</strong></span> <span class='ocrx_word' id='word_1_47' title='bbox 1223 558 1383 595; x_wconf 83' lang='lat' dir='ltr'><strong>exponet,</strong></span> <span class='ocrx_word' id='word_1_48' title='bbox 1414 551 1530 583; x_wconf 79' lang='lat' dir='ltr'>dte&#39;bus</span> <span class='ocrx_word' id='word_1_49' title='bbox 1556 554 1684 594; x_wconf 81' lang='lat' dir='ltr'>Lunae,</span> 
     </span>
     <span class='ocr_line' id='line_1_7' title="bbox 251 586 922 642; baseline 0.005 -10"><span class='ocrx_word' id='word_1_50' title='bbox 251 603 382 642; x_wconf 87' lang='lat' dir='ltr'>Martis,</span> <span class='ocrx_word' id='word_1_51' title='bbox 404 604 492 636; x_wconf 82' lang='lat' dir='ltr'>Jovis</span> <span class='ocrx_word' id='word_1_52' title='bbox 517 610 548 634; x_wconf 91' lang='lat' dir='ltr'>et</span> <span class='ocrx_word' id='word_1_53' title='bbox 573 586 724 641; x_wconf 86' lang='lat' dir='ltr'>Veneris,</span> <span class='ocrx_word' id='word_1_54' title='bbox 749 603 828 635; x_wconf 87' lang='lat' dir='ltr'>hora</span> <span class='ocrx_word' id='word_1_55' title='bbox 852 605 922 637; x_wconf 78' lang='lat' dir='ltr'><strong>XII.</strong></span> 
     </span>
    </p>

    <p class='ocr_par' dir='ltr' id='par_1_5' title="bbox 309 651 1685 761">
     <span class='ocr_line' id='line_1_8' title="bbox 309 651 1685 713; baseline 0.007 -23"><span class='ocrx_word' id='word_1_56' title='bbox 309 661 496 691; x_wconf 87' lang='lat' dir='ltr'>Doctrinam</span> <span class='ocrx_word' id='word_1_57' title='bbox 523 662 597 691; x_wconf 85' lang='lat' dir='ltr'>Jesu</span> <span class='ocrx_word' id='word_1_58' title='bbox 626 661 846 707; x_wconf 85' lang='lat' dir='ltr'>Theoreticam</span> <span class='ocrx_word' id='word_1_59' title='bbox 872 668 905 693; x_wconf 88' lang='lat' dir='ltr'>et</span> <span class='ocrx_word' id='word_1_60' title='bbox 932 661 1091 694; x_wconf 85' lang='lat' dir='ltr'><strong>Moralem</strong></span> <span class='ocrx_word' id='word_1_61' title='bbox 1121 651 1383 713; x_wconf 75' lang='lat' dir='ltr'>interpretabitur</span> <span class='ocrx_word' id='word_1_62' title='bbox 1407 665 1523 697; x_wconf 87' lang='lat' dir='ltr'>iisdem</span> <span class='ocrx_word' id='word_1_63' title='bbox 1554 665 1685 709; x_wconf 77' lang='lat' dir='ltr'>diebus,</span> 
     </span>
     <span class='ocr_line' id='line_1_9' title="bbox 352 706 1431 761; baseline 0.007 -15"><span class='ocrx_word' id='word_1_64' title='bbox 352 716 431 748; x_wconf 84' lang='lat' dir='ltr'>hora</span> <span class='ocrx_word' id='word_1_65' title='bbox 455 720 494 749; x_wconf 82' lang='lat' dir='ltr'>X.</span> <span class='ocrx_word' id='word_1_66' title='bbox 584 706 588 707; x_wconf 30' lang='lat'><em>⁷</em></span> <span class='ocrx_word' id='word_1_67' title='bbox 1263 711 1265 713; x_wconf 29' lang='lat'><strong><em>¹</em></strong></span> <span class='ocrx_word' id='word_1_68' title='bbox 1430 758 1431 761; x_wconf 14' lang='grc' dir='ltr'><strong>Ἰ</strong></span> 
     </span>
    </p>

    <p class='ocr_par' dir='ltr' id='par_1_6' title="bbox 308 770 1682 876">
     <span class='ocr_line' id='line_1_10' title="bbox 308 770 1682 819; baseline 0.007 -17"><span class='ocrx_word' id='word_1_69' title='bbox 308 770 450 805; x_wconf 84' lang='lat' dir='ltr'>Examen</span> <span class='ocrx_word' id='word_1_70' title='bbox 481 774 523 806; x_wconf 85' lang='lat' dir='ltr'>de</span> <span class='ocrx_word' id='word_1_71' title='bbox 547 773 731 819; x_wconf 77' lang='lat' dir='ltr'><strong>praecipuis</strong></span> <span class='ocrx_word' id='word_1_72' title='bbox 755 774 924 819; x_wconf 82' lang='lat' dir='ltr'>utriusque</span> <span class='ocrx_word' id='word_1_73' title='bbox 947 774 1112 808; x_wconf 84' lang='lat' dir='ltr'>doctrinae</span> <span class='ocrx_word' id='word_1_74' title='bbox 1131 777 1224 808; x_wconf 75' lang='lat' dir='ltr'>Locis</span> <span class='ocrx_word' id='word_1_75' title='bbox 1252 777 1397 810; x_wconf 81' lang='lat' dir='ltr'>instituet</span> <span class='ocrx_word' id='word_1_76' title='bbox 1428 777 1480 811; x_wconf 82' lang='lat' dir='ltr'>die</span> <span class='ocrx_word' id='word_1_77' title='bbox 1506 780 1682 819; x_wconf 79' lang='lat' dir='ltr'>Mercurii,</span> 
     </span>
     <span class='ocr_line' id='line_1_11' title="bbox 351 828 559 876; baseline 0.019 -17"><span class='ocrx_word' id='word_1_78' title='bbox 351 828 430 860; x_wconf 87' lang='lat' dir='ltr'>hora</span> <span class='ocrx_word' id='word_1_79' title='bbox 453 833 493 863; x_wconf 91' lang='lat' dir='ltr'><strong>X.</strong></span> <span class='ocrx_word' id='word_1_80' title='bbox 543 851 559 876; x_wconf 50' lang='grc' dir='ltr'>ι,</span> 
     </span>
    </p>

    <p class='ocr_par' dir='ltr' id='par_1_7' title="bbox 311 873 1412 928">
     <span class='ocr_line' id='line_1_12' title="bbox 311 873 1412 928; baseline 0.006 -12"><span class='ocrx_word' id='word_1_81' title='bbox 311 873 520 919; x_wconf 78' lang='lat' dir='ltr'>Orationibus</span> <span class='ocrx_word' id='word_1_82' title='bbox 543 888 646 920; x_wconf 88' lang='lat' dir='ltr'>Sacris</span> <span class='ocrx_word' id='word_1_83' title='bbox 670 887 838 920; x_wconf 82' lang='lat' dir='ltr'>audiendis</span> <span class='ocrx_word' id='word_1_84' title='bbox 860 887 984 920; x_wconf 82' lang='lat' dir='ltr'>vacabit</span> <span class='ocrx_word' id='word_1_85' title='bbox 1007 888 1120 921; x_wconf 86' lang='lat' dir='ltr'>eodem</span> <span class='ocrx_word' id='word_1_86' title='bbox 1142 881 1213 928; x_wconf 84' lang='lat' dir='ltr'>die,</span> <span class='ocrx_word' id='word_1_87' title='bbox 1236 890 1318 923; x_wconf 82' lang='lat' dir='ltr'>hora</span> <span class='ocrx_word' id='word_1_88' title='bbox 1341 891 1412 924; x_wconf 87' lang='lat' dir='ltr'><strong>XII.</strong></span> 
     </span>
    </p>

    <p class='ocr_par' dir='ltr' id='par_1_8' title="bbox 312 943 1412 989">
     <span class='ocr_line' id='line_1_13' title="bbox 312 943 1412 989; baseline 0.007 -17"><span class='ocrx_word' id='word_1_89' title='bbox 312 943 505 984; x_wconf 80' lang='lat' dir='ltr'>Disputandi</span> <span class='ocrx_word' id='word_1_90' title='bbox 532 945 815 979; x_wconf 76' lang='lat' dir='ltr'>exercitationibus</span> <span class='ocrx_word' id='word_1_91' title='bbox 839 947 973 989; x_wconf 84' lang='lat' dir='ltr'>praeerit</span> <span class='ocrx_word' id='word_1_92' title='bbox 1000 945 1052 976; x_wconf 89' lang='lat' dir='ltr'>die</span> <span class='ocrx_word' id='word_1_93' title='bbox 1078 947 1229 986; x_wconf 84' lang='lat' dir='ltr'>Veneris,</span> <span class='ocrx_word' id='word_1_94' title='bbox 1253 947 1333 980; x_wconf 89' lang='lat' dir='ltr'>hora</span> <span class='ocrx_word' id='word_1_95' title='bbox 1356 949 1412 981; x_wconf 86' lang='lat'><strong>111.</strong></span> 
     </span>
    </p>

    <p class='ocr_par' dir='ltr' id='par_1_9' title="bbox 196 995 1681 1049">
     <span class='ocr_line' id='line_1_14' title="bbox 196 995 1681 1049; baseline 0.006 -19"><span class='ocrx_word' id='word_1_96' title='bbox 196 995 226 1042; x_wconf 72' lang='lat' dir='ltr'><strong>J.</strong></span> <span class='ocrx_word' id='word_1_97' title='bbox 250 997 552 1039; x_wconf 85' lang='lat' dir='ltr'><strong>CLARISSE,</strong></span> <span class='ocrx_word' id='word_1_98' title='bbox 591 1002 880 1049; x_wconf 78' lang='lat' dir='ltr'>Encyclopaediarn</span> <span class='ocrx_word' id='word_1_99' title='bbox 914 1013 949 1032; x_wconf 82' lang='lat' dir='ltr'>ac</span> <span class='ocrx_word' id='word_1_100' title='bbox 982 1001 1256 1046; x_wconf 80' lang='lat' dir='ltr'>Methodologiam</span> <span class='ocrx_word' id='word_1_101' title='bbox 1300 1004 1529 1049; x_wconf 82' lang='lat' dir='ltr'>Theologicam</span> <span class='ocrx_word' id='word_1_102' title='bbox 1579 1006 1681 1040; x_wconf 69' lang='lat' dir='ltr'>tradet</span> 
     </span>
    </p>

    <p class='ocr_par' dir='ltr' id='par_1_10' title="bbox 196 1054 955 1101">
     <span class='ocr_line' id='line_1_15' title="bbox 196 1054 955 1101; baseline 0.007 -16"><span class='ocrx_word' id='word_1_103' title='bbox 196 1082 202 1086; x_wconf 93' lang='grc'>,</span> <span class='ocrx_word' id='word_1_104' title='bbox 239 1054 355 1087; x_wconf 75' lang='lat' dir='ltr'>diebus</span> <span class='ocrx_word' id='word_1_105' title='bbox 377 1058 485 1089; x_wconf 85' lang='lat' dir='ltr'>Lunae</span> <span class='ocrx_word' id='word_1_106' title='bbox 513 1065 546 1101; x_wconf 88' lang='lat' dir='ltr'>et</span> <span class='ocrx_word' id='word_1_107' title='bbox 566 1060 737 1096; x_wconf 86' lang='lat' dir='ltr'>Mercurii,</span> <span class='ocrx_word' id='word_1_108' title='bbox 763 1059 842 1090; x_wconf 90' lang='lat' dir='ltr'>hora</span> <span class='ocrx_word' id='word_1_109' title='bbox 853 1058 955 1095; x_wconf 84' lang='lat' dir='ltr'><strong>VIII.</strong></span> 
     </span>
    </p>

    <p class='ocr_par' dir='ltr' id='par_1_11' title="bbox 310 1099 1680 1160">
     <span class='ocr_line' id='line_1_16' title="bbox 310 1099 1680 1160; baseline 0.007 -18"><span class='ocrx_word' id='word_1_110' title='bbox 310 1105 516 1156; x_wconf 76' lang='lat' dir='ltr'>Theologiam</span> <span class='ocrx_word' id='word_1_111' title='bbox 533 1116 580 1144; x_wconf 83' lang='lat' dir='ltr'>D(</span> <span class='ocrx_word' id='word_1_112' title='bbox 576 1116 754 1157; x_wconf 85' lang='lat' dir='ltr'>gmaticam</span> <span class='ocrx_word' id='word_1_113' title='bbox 774 1099 1165 1158; x_wconf 76' lang='lat' dir='ltr'>exponetdiebusLunae,</span> <span class='ocrx_word' id='word_1_114' title='bbox 1183 1100 1295 1147; x_wconf 78' lang='lat' dir='ltr'>Martis</span> <span class='ocrx_word' id='word_1_115' title='bbox 1304 1122 1335 1147; x_wconf 88' lang='lat' dir='ltr'>et</span> <span class='ocrx_word' id='word_1_116' title='bbox 1349 1117 1527 1158; x_wconf 84' lang='lat' dir='ltr'>Mercurii,</span> <span class='ocrx_word' id='word_1_117' title='bbox 1537 1110 1680 1160; x_wconf 83' lang='lat' dir='ltr'><strong>boraIII.</strong></span> 
     </span>
    </p>

    <p class='ocr_par' dir='ltr' id='par_1_12' title="bbox 305 1167 1212 1208">
     <span class='ocr_line' id='line_1_17' title="bbox 305 1167 1212 1208; baseline 0.006 -9"><span class='ocrx_word' id='word_1_118' title='bbox 305 1167 358 1200; x_wconf 82' lang='lat' dir='ltr'>De</span> <span class='ocrx_word' id='word_1_119' title='bbox 380 1168 489 1200; x_wconf 88' lang='lat' dir='ltr'>eadem</span> <span class='ocrx_word' id='word_1_120' title='bbox 509 1181 565 1201; x_wconf 67' lang='lat' dir='ltr'>exa</span> <span class='ocrx_word' id='word_1_121' title='bbox 570 1181 645 1202; x_wconf 92' lang='lat' dir='ltr'>men</span> <span class='ocrx_word' id='word_1_122' title='bbox 676 1172 821 1201; x_wconf 84' lang='lat' dir='ltr'>instituet</span> <span class='ocrx_word' id='word_1_123' title='bbox 845 1170 897 1201; x_wconf 88' lang='lat' dir='ltr'>die</span> <span class='ocrx_word' id='word_1_124' title='bbox 924 1172 1027 1208; x_wconf 85' lang='lat' dir='ltr'>Jovis,</span> <span class='ocrx_word' id='word_1_125' title='bbox 1052 1172 1132 1203; x_wconf 87' lang='lat' dir='ltr'>hora</span> <span class='ocrx_word' id='word_1_126' title='bbox 1156 1172 1212 1204; x_wconf 83' lang='grc' dir='ltr'>ΠΙ.</span> 
     </span>
    </p>

    <p class='ocr_par' dir='ltr' id='par_1_13' title="bbox 307 1224 1676 1316">
     <span class='ocr_line' id='line_1_18' title="bbox 307 1224 1676 1275; baseline 0.008 -19"><span class='ocrx_word' id='word_1_127' title='bbox 307 1224 514 1268; x_wconf 64' lang='lat' dir='ltr'>&#39;theologiam</span> <span class='ocrx_word' id='word_1_128' title='bbox 535 1227 694 1259; x_wconf 86' lang='lat' dir='ltr'>Moralem</span> <span class='ocrx_word' id='word_1_129' title='bbox 718 1226 846 1259; x_wconf 88' lang='lat' dir='ltr'>docebit</span> <span class='ocrx_word' id='word_1_130' title='bbox 871 1226 985 1259; x_wconf 88' lang='lat' dir='ltr'>diebus</span> <span class='ocrx_word' id='word_1_131' title='bbox 1008 1228 1140 1269; x_wconf 86' lang='lat' dir='ltr'>Martis,</span> <span class='ocrx_word' id='word_1_132' title='bbox 1160 1229 1332 1269; x_wconf 79' lang='lat' dir='ltr'>Mercurii,</span> <span class='ocrx_word' id='word_1_133' title='bbox 1358 1229 1446 1265; x_wconf 75' lang='lat' dir='ltr'>Iovis</span> <span class='ocrx_word' id='word_1_134' title='bbox 1466 1236 1498 1263; x_wconf 88' lang='lat' dir='ltr'>et</span> <span class='ocrx_word' id='word_1_135' title='bbox 1524 1233 1676 1275; x_wconf 79' lang='lat' dir='ltr'>Veneris,</span> 
     </span>
     <span class='ocr_line' id='line_1_19' title="bbox 367 1280 527 1316; baseline 0.025 -4"><span class='ocrx_word' id='word_1_136' title='bbox 367 1280 447 1312; x_wconf 87' lang='lat' dir='ltr'>hora</span> <span class='ocrx_word' id='word_1_137' title='bbox 473 1283 527 1316; x_wconf 77' lang='lat' dir='ltr'>IX.</span> 
     </span>
    </p>

    <p class='ocr_par' dir='ltr' id='par_1_14' title="bbox 302 1337 1578 1385">
     <span class='ocr_line' id='line_1_20' title="bbox 302 1337 1578 1385; baseline 0.008 -17"><span class='ocrx_word' id='word_1_138' title='bbox 302 1337 498 1382; x_wconf 83' lang='lat' dir='ltr'>Disciplinas</span> <span class='ocrx_word' id='word_1_139' title='bbox 523 1339 694 1373; x_wconf 79' lang='lat' dir='ltr'>Pastorales</span> <span class='ocrx_word' id='word_1_140' title='bbox 720 1340 892 1385; x_wconf 76' lang='lat' dir='ltr'>explicabit</span> <span class='ocrx_word' id='word_1_141' title='bbox 919 1339 1034 1373; x_wconf 84' lang='lat' dir='ltr'>diebus</span> <span class='ocrx_word' id='word_1_142' title='bbox 1057 1340 1173 1373; x_wconf 74' lang='lat' dir='ltr'>Martis&#39;</span> <span class='ocrx_word' id='word_1_143' title='bbox 1196 1347 1229 1373; x_wconf 85' lang='lat' dir='ltr'>et</span> <span class='ocrx_word' id='word_1_144' title='bbox 1249 1341 1360 1381; x_wconf 76' lang='lat' dir='ltr'>Jovis,</span> <span class='ocrx_word' id='word_1_145' title='bbox 1384 1341 1464 1376; x_wconf 86' lang='lat' dir='ltr'>hora</span> <span class='ocrx_word' id='word_1_146' title='bbox 1488 1340 1578 1381; x_wconf 79' lang='lat' dir='ltr'>Vnt.</span> 
     </span>
    </p>

    <p class='ocr_par' dir='ltr' id='par_1_15' title="bbox 302 1392 1456 1445">
     <span class='ocr_line' id='line_1_21' title="bbox 302 1392 1456 1445; baseline 0.004 -19"><span class='ocrx_word' id='word_1_147' title='bbox 302 1396 511 1428; x_wconf 80' lang='lat' dir='ltr'>Orationibus</span> <span class='ocrx_word' id='word_1_148' title='bbox 536 1399 638 1429; x_wconf 81' lang='lat' dir='ltr'>Sacris</span> <span class='ocrx_word' id='word_1_149' title='bbox 667 1398 917 1441; x_wconf 83' lang='lat' dir='ltr'>pronuntiandis</span> <span class='ocrx_word' id='word_1_150' title='bbox 945 1400 1080 1445; x_wconf 76' lang='lat' dir='ltr'>praeerit</span> <span class='ocrx_word' id='word_1_151' title='bbox 1103 1398 1154 1430; x_wconf 84' lang='lat' dir='ltr'>die</span> <span class='ocrx_word' id='word_1_152' title='bbox 1178 1392 1302 1436; x_wconf 73' lang='lat' dir='ltr'>Lunae,</span> <span class='ocrx_word' id='word_1_153' title='bbox 1326 1399 1406 1432; x_wconf 87' lang='lat' dir='ltr'>hora</span> <span class='ocrx_word' id='word_1_154' title='bbox 1431 1401 1456 1434; x_wconf 79' lang='lat' dir='ltr'>I.</span> 
     </span>
    </p>

    <p class='ocr_par' dir='ltr' id='par_1_16' title="bbox 304 1444 1411 1495">
     <span class='ocr_line' id='line_1_22' title="bbox 304 1444 1411 1495; baseline 0.005 -13"><span class='ocrx_word' id='word_1_155' title='bbox 304 1452 497 1495; x_wconf 81' lang='lat' dir='ltr'>Disputandi</span> <span class='ocrx_word' id='word_1_156' title='bbox 521 1455 762 1486; x_wconf 77' lang='lat' dir='ltr'>exercitationes</span> <span class='ocrx_word' id='word_1_157' title='bbox 789 1454 1007 1487; x_wconf 84' lang='lat' dir='ltr'>moderabitur</span> <span class='ocrx_word' id='word_1_158' title='bbox 1029 1454 1080 1486; x_wconf 83' lang='lat' dir='ltr'>die</span> <span class='ocrx_word' id='word_1_159' title='bbox 1109 1444 1257 1494; x_wconf 82' lang='lat' dir='ltr'>Saturni,</span> <span class='ocrx_word' id='word_1_160' title='bbox 1281 1455 1360 1488; x_wconf 89' lang='lat' dir='ltr'>hora</span> <span class='ocrx_word' id='word_1_161' title='bbox 1386 1459 1411 1490; x_wconf 72' lang='lat' dir='ltr'>t.</span> 
     </span>
    </p>

    <p class='ocr_par' dir='ltr' id='par_1_17' title="bbox 195 1503 1673 1596">
     <span class='ocr_line' id='line_1_23' title="bbox 195 1503 1673 1576; baseline 0.006 -36"><span class='ocrx_word' id='word_1_162' title='bbox 195 1503 236 1541; x_wconf 92' lang='lat' dir='ltr'>L.</span> <span class='ocrx_word' id='word_1_163' title='bbox 260 1508 568 1569; x_wconf 90' lang='lat' dir='ltr'>SURINGAR,</span> <span class='ocrx_word' id='word_1_164' title='bbox 599 1511 807 1555; x_wconf 84' lang='lat' dir='ltr'>Theologiarn</span> <span class='ocrx_word' id='word_1_165' title='bbox 837 1511 1019 1576; x_wconf 78' lang='lat' dir='ltr'>Naturalem</span> <span class='ocrx_word' id='word_1_166' title='bbox 1044 1506 1172 1543; x_wconf 84' lang='lat' dir='ltr'>docebit</span> <span class='ocrx_word' id='word_1_167' title='bbox 1194 1511 1308 1568; x_wconf 82' lang='lat' dir='ltr'>diebus</span> <span class='ocrx_word' id='word_1_168' title='bbox 1329 1516 1440 1546; x_wconf 84' lang='lat' dir='ltr'>Lunae</span> <span class='ocrx_word' id='word_1_169' title='bbox 1467 1522 1499 1548; x_wconf 83' lang='lat' dir='ltr'>et</span> <span class='ocrx_word' id='word_1_170' title='bbox 1525 1516 1673 1558; x_wconf 79' lang='lat' dir='ltr'>Saturni,</span> 
     </span>
     <span class='ocr_line' id='line_1_24' title="bbox 235 1565 1203 1598; baseline 0 -2"><span class='ocrx_word' id='word_1_171' title='bbox 235 1565 315 1596; x_wconf 85' lang='lat' dir='ltr'>hora</span> <span class='ocrx_word' id='word_1_172' title='bbox 341 1566 395 1598; x_wconf 88' lang='lat' dir='ltr'>IX.</span> <span class='ocrx_word' id='word_1_173' title='bbox 1198 1583 1203 1587; x_wconf 78' lang='lat'><em>-</em></span> 
     </span>
    </p>

    <p class='ocr_par' dir='ltr' id='par_1_18' title="bbox 298 1622 1671 1768">
     <span class='ocr_line' id='line_1_25' title="bbox 298 1622 1671 1672; baseline 0.007 -18"><span class='ocrx_word' id='word_1_174' title='bbox 298 1622 474 1654; x_wconf 85' lang='lat' dir='ltr'>Historiam</span> <span class='ocrx_word' id='word_1_175' title='bbox 501 1622 600 1665; x_wconf 73' lang='lat' dir='ltr'>Relig·</span> <span class='ocrx_word' id='word_1_176' title='bbox 573 1623 676 1654; x_wconf 83' lang='lat' dir='ltr'>ionis</span> <span class='ocrx_word' id='word_1_177' title='bbox 701 1630 733 1654; x_wconf 88' lang='lat' dir='ltr'>et</span> <span class='ocrx_word' id='word_1_178' title='bbox 759 1623 913 1655; x_wconf 84' lang='lat' dir='ltr'>Ecclesiae</span> <span class='ocrx_word' id='word_1_179' title='bbox 942 1623 1159 1666; x_wconf 78' lang='lat' dir='ltr'>Christianae,</span> <span class='ocrx_word' id='word_1_180' title='bbox 1182 1624 1258 1668; x_wconf 83' lang='lat' dir='ltr'>inde</span> <span class='ocrx_word' id='word_1_181' title='bbox 1294 1625 1335 1672; x_wconf 76' lang='lat' dir='ltr'>ab</span> <span class='ocrx_word' id='word_1_182' title='bbox 1368 1627 1593 1661; x_wconf 77' lang='lat' dir='ltr'>emendatione</span> <span class='ocrx_word' id='word_1_183' title='bbox 1615 1633 1671 1663; x_wconf 82' lang='lat' dir='ltr'>Sa·</span> 
     </span>
     <span class='ocr_line' id='line_1_26' title="bbox 340 1666 1668 1725; baseline 0.008 -17"><span class='ocrx_word' id='word_1_184' title='bbox 340 1689 469 1709; x_wconf 91' lang='lat' dir='ltr'>crorum</span> <span class='ocrx_word' id='word_1_185' title='bbox 494 1678 533 1709; x_wconf 87' lang='lat' dir='ltr'>ad</span> <span class='ocrx_word' id='word_1_186' title='bbox 555 1685 696 1711; x_wconf 88' lang='lat' dir='ltr'>nostram</span> <span class='ocrx_word' id='word_1_187' title='bbox 735 1691 836 1724; x_wconf 91' lang='lat' dir='ltr'>usque</span> <span class='ocrx_word' id='word_1_188' title='bbox 867 1686 1028 1720; x_wconf 82' lang='lat' dir='ltr'>aetatem,</span> <span class='ocrx_word' id='word_1_189' title='bbox 1042 1681 1205 1713; x_wconf 80' lang='lat' dir='ltr'>enarrabit</span> <span class='ocrx_word' id='word_1_190' title='bbox 1244 1666 1360 1715; x_wconf 84' lang='lat' dir='ltr'>diebus</span> <span class='ocrx_word' id='word_1_191' title='bbox 1377 1668 1560 1725; x_wconf 79' lang='lat' dir='ltr'>Mercurii,</span> <span class='ocrx_word' id='word_1_192' title='bbox 1579 1687 1668 1720; x_wconf 75' lang='lat' dir='ltr'>Jovis</span> 
     </span>
     <span class='ocr_line' id='line_1_27' title="bbox 340 1735 732 1773; baseline 0.008 -8"><span class='ocrx_word' id='word_1_193' title='bbox 340 1744 377 1765; x_wconf 90' lang='lat' dir='ltr'>ac</span> <span class='ocrx_word' id='word_1_194' title='bbox 401 1736 549 1773; x_wconf 82' lang='lat' dir='ltr'>Veneris,</span> <span class='ocrx_word' id='word_1_195' title='bbox 573 1735 652 1767; x_wconf 87' lang='lat' dir='ltr'>hora</span> <span class='ocrx_word' id='word_1_196' title='bbox 676 1736 732 1768; x_wconf 91' lang='lat' dir='ltr'>XI.</span> 
     </span>
    </p>

    <p class='ocr_par' dir='ltr' id='par_1_19' title="bbox 297 1791 1666 1838">
     <span class='ocr_line' id='line_1_28' title="bbox 297 1791 1666 1838; baseline 0.008 -17"><span class='ocrx_word' id='word_1_197' title='bbox 297 1791 346 1822; x_wconf 87' lang='lat' dir='ltr'>De</span> <span class='ocrx_word' id='word_1_198' title='bbox 372 1791 512 1822; x_wconf 68' lang='lat' dir='ltr'>Historia</span> <span class='ocrx_word' id='word_1_199' title='bbox 538 1791 752 1825; x_wconf 65' lang='lat' dir='ltr'>[eclesiastica</span> <span class='ocrx_word' id='word_1_200' title='bbox 768 1794 925 1826; x_wconf 61' lang='lat' dir='ltr'>Universa</span> <span class='ocrx_word' id='word_1_201' title='bbox 943 1803 1075 1827; x_wconf 78' lang='lat' dir='ltr'>examen</span> <span class='ocrx_word' id='word_1_202' title='bbox 1099 1795 1247 1827; x_wconf 68' lang='lat' dir='ltr'>instituet*</span> <span class='ocrx_word' id='word_1_203' title='bbox 1263 1795 1314 1827; x_wconf 84' lang='lat' dir='ltr'>die</span> <span class='ocrx_word' id='word_1_204' title='bbox 1331 1793 1481 1838; x_wconf 82' lang='lat' dir='ltr'>Veneris,</span> <span class='ocrx_word' id='word_1_205' title='bbox 1507 1798 1585 1830; x_wconf 84' lang='lat' dir='ltr'>hora</span> <span class='ocrx_word' id='word_1_206' title='bbox 1608 1800 1666 1834; x_wconf 82' lang='lat' dir='ltr'><strong>III.</strong></span> 
     </span>
    </p>

    <p class='ocr_par' dir='ltr' id='par_1_20' title="bbox 292 1847 1669 1941">
     <span class='ocr_line' id='line_1_29' title="bbox 292 1847 1669 1896; baseline 0.009 -18"><span class='ocrx_word' id='word_1_207' title='bbox 292 1847 413 1878; x_wconf 88' lang='lat' dir='ltr'>Selecta</span> <span class='ocrx_word' id='word_1_208' title='bbox 441 1848 613 1880; x_wconf 83' lang='lat' dir='ltr'>Librorum</span> <span class='ocrx_word' id='word_1_209' title='bbox 637 1851 675 1882; x_wconf 89' lang='lat' dir='ltr'>N.</span> <span class='ocrx_word' id='word_1_210' title='bbox 701 1853 733 1882; x_wconf 86' lang='lat' dir='ltr'><strong>F.</strong></span> <span class='ocrx_word' id='word_1_211' title='bbox 756 1850 823 1882; x_wconf 87' lang='lat' dir='ltr'>loca</span> <span class='ocrx_word' id='word_1_212' title='bbox 848 1852 1110 1896; x_wconf 77' lang='lat' dir='ltr'>interpretabitur</span> <span class='ocrx_word' id='word_1_213' title='bbox 1144 1851 1197 1884; x_wconf 68' lang='lat' dir='ltr'>dte</span> <span class='ocrx_word' id='word_1_214' title='bbox 1233 1854 1404 1893; x_wconf 82' lang='lat' dir='ltr'>Mercurii,</span> <span class='ocrx_word' id='word_1_215' title='bbox 1428 1853 1505 1887; x_wconf 87' lang='lat' dir='ltr'>hora</span> <span class='ocrx_word' id='word_1_216' title='bbox 1528 1856 1601 1889; x_wconf 90' lang='lat' dir='ltr'><strong>XII.</strong></span> <span class='ocrx_word' id='word_1_217' title='bbox 1637 1865 1669 1890; x_wconf 89' lang='lat' dir='ltr'>et</span> 
     </span>
     <span class='ocr_line' id='line_1_30' title="bbox 340 1905 640 1941; baseline 0.003 -6"><span class='ocrx_word' id='word_1_218' title='bbox 340 1905 491 1941; x_wconf 81' lang='lat' dir='ltr'>Veneris.</span> <span class='ocrx_word' id='word_1_219' title='bbox 516 1905 594 1936; x_wconf 83' lang='lat' dir='ltr'>hora</span> <span class='ocrx_word' id='word_1_220' title='bbox 621 1908 640 1937; x_wconf 94' lang='grc' dir='ltr'>Ι.</span> 
     </span>
    </p>

    <p class='ocr_par' dir='ltr' id='par_1_21' title="bbox 299 1961 1494 2008">
     <span class='ocr_line' id='line_1_31' title="bbox 299 1961 1494 2008; baseline 0.008 -16"><span class='ocrx_word' id='word_1_221' title='bbox 299 1961 586 1993; x_wconf 79' lang='lat' dir='ltr'>Exercitatiombus</span> <span class='ocrx_word' id='word_1_222' title='bbox 613 1964 769 1994; x_wconf 76' lang='lat' dir='ltr'>Oratoriis</span> <span class='ocrx_word' id='word_1_223' title='bbox 797 1963 901 1996; x_wconf 79' lang='lat' dir='ltr'>Sacris</span> <span class='ocrx_word' id='word_1_224' title='bbox 926 1966 1061 2008; x_wconf 83' lang='lat' dir='ltr'>praeerit</span> <span class='ocrx_word' id='word_1_225' title='bbox 1092 1964 1143 1997; x_wconf 74' lang='lat' dir='ltr'>die</span> <span class='ocrx_word' id='word_1_226' title='bbox 1167 1961 1294 2003; x_wconf 60' lang='lat' dir='ltr'>Martis,</span> <span class='ocrx_word' id='word_1_227' title='bbox 1320 1964 1397 1997; x_wconf 81' lang='lat' dir='ltr'>hora</span> <span class='ocrx_word' id='word_1_228' title='bbox 1422 1967 1494 2001; x_wconf 86' lang='lat' dir='ltr'><strong>XII.</strong></span> 
     </span>
    </p>

    <p class='ocr_par' dir='ltr' id='par_1_22' title="bbox 302 2018 1382 2062">
     <span class='ocr_line' id='line_1_32' title="bbox 302 2018 1382 2062; baseline 0.004 -12"><span class='ocrx_word' id='word_1_229' title='bbox 302 2018 497 2062; x_wconf 65' lang='lat' dir='ltr'>Disputatidi</span> <span class='ocrx_word' id='word_1_230' title='bbox 519 2020 758 2052; x_wconf 77' lang='lat' dir='ltr'>exeicitauoues</span> <span class='ocrx_word' id='word_1_231' title='bbox 786 2021 935 2054; x_wconf 79' lang='lat' dir='ltr'>instituet</span> <span class='ocrx_word' id='word_1_232' title='bbox 961 2023 1014 2053; x_wconf 81' lang='lat' dir='ltr'>die</span> <span class='ocrx_word' id='word_1_233' title='bbox 1035 2022 1183 2061; x_wconf 79' lang='lat' dir='ltr'>Saturni,</span> <span class='ocrx_word' id='word_1_234' title='bbox 1208 2022 1286 2054; x_wconf 66' lang='lat' dir='ltr'>noia</span> <span class='ocrx_word' id='word_1_235' title='bbox 1310 2021 1382 2055; x_wconf 87' lang='lat' dir='ltr'><strong>XII.</strong></span> 
     </span>
    </p>
   </div>
   <div class='ocr_carea' id='block_1_4' title="bbox 971 2079 1665 2117">
    <p class='ocr_par' dir='ltr' id='par_1_23' title="bbox 971 2079 1665 2117">
     <span class='ocr_line' id='line_1_33' title="bbox 971 2079 1665 2117; baseline 0.001 -6"><span class='ocrx_word' id='word_1_236' title='bbox 971 2079 995 2111; x_wconf 93' lang='lat' dir='ltr'>B</span> <span class='ocrx_word' id='word_1_237' title='bbox 1019 2090 1039 2112; x_wconf 71' lang='lat' dir='ltr'>a</span> <span class='ocrx_word' id='word_1_238' title='bbox 1217 2095 1219 2099; x_wconf 27' lang='grc' dir='ltr'><em>Α</em></span> <span class='ocrx_word' id='word_1_239' title='bbox 1589 2083 1665 2117; x_wconf 81' lang='lat' dir='ltr'><strong>FA.</strong></span> 
     </span>
    </p>
   </div>
  </div>
 </body>
</html>
