1913 2417
243 154 624 189 COMMENTATIO
649 164 701 187 AD
722 154 1100 194 QUAESTIONEM
1124 154 1413 194 JURIDICAM.
1552 169 1590 195 49

71 242 166 272 modo
188 248 266 278 patet
288 241 444 270 Absentem
465 247 559 268 revera
584 240 649 276 J'ure
679 239 850 268 succedendi
874 239 1004 276 gavisum
1027 238 1138 274 fuisse,
1165 246 1193 267 et
1220 246 1284 269 ante
1309 240 1428 268 delatam
1454 239 1591 269 heredita·

74 300 131 322 tem
158 294 285 322 nondum
307 293 477 321 decessisse.

113 344 176 374 Hac
202 344 290 381 igitur
312 344 343 372 in
366 351 395 371 re
420 341 567 370 successio
584 348 644 369 non
668 340 763 369 differt
783 350 799 369 a
818 341 934 377 legatis:
965 349 1054 377 quum
1079 341 1152 370 enim
1176 342 1244 370 haec
1271 341 1493 378 exstinguantur
1513 349 1589 371 mor-

73 402 107 425 te
132 395 258 431 legatarii
284 400 347 422 ante
373 399 558 426 testatorem,
579 391 664 420 facile
687 392 818 427 sequitur
839 392 965 427 legatarii
992 392 1089 420 liberis
1109 393 1222 420 nullum
1249 393 1299 429 jus
1324 392 1502 429 acquisitum
1527 401 1589 422 esse

75 440 107 475 in
122 433 206 478 'bona
225 445 334 481 legata,
355 444 411 472 nisi
429 443 572 479 probent,
602 447 708 478 patrem
733 451 815 471 suum
843 442 1039 478 supervixisse
1065 444 1216 478 testatori,
1245 443 1375 479 illudque
1393 444 1429 472 ad
1448 452 1478 472 se
1499 450 1589 473 trans-

70 496 207 526 misisse:
230 502 260 524 at
285 495 314 524 in
337 503 371 523 eo
392 494 547 528 differunt,
568 494 669 528 quod,
691 501 781 529 quum
803 493 832 522 in
854 494 953 529 legatis
975 494 1047 522 nihil
1067 494 1143 522 aliud
1170 500 1334 530 spectetur,
1357 502 1443 530 quam
1465 500 1586 523 testato-

69 547 115 576 «ris
138 545 292 574 liberalitas
317 545 374 574 soli
392 552 535 581 personae
558 544 685 580 >legatarii
705 545 853 580 proficua,
879 551 907 573 et
930 545 960 573 in
981 545 1055 573 bona
1086 545 1174 580 legata
1195 545 1258 581 ejus
1287 544 1368 572 liberi
1399 546 1485 575 *nullo
1509 547 1584 574 ulte-

71 596 146 626 riore
165 597 228 633 jure
250 597 408 633 gaudeant,
437 595 466 624 in
490 595 677 624 successione
701 602 799 624 contra
821 597 911 631 patris
935 597 991 633 jam
1019 596 1124 623 mortui
1153 596 1355 625 descendentes
1388 604 1440 632 per
1472 604 1585 633 reprae-

70 648 260 677 sentationem
285 647 347 684 ejus
362 655 510 683 personam
530 647 673 675 sustinere
689 647 822 682 possint,
850 656 905 684 ope
922 647 1049 676 fictionis
1075 646 1187 683 legibus
1206 647 1394 675 introductae.
1432 644 1496 682 Jam
1513 655 1582 676 vero

67 699 104 728 de
127 699 194 735 ipso
217 699 273 728 hoc
297 697 566 734 repraesentationis
587 699 651 734 J‘ure
673 697 802 732 quaestio
830 706 910 727 enata
934 705 994 734 est,
1028 704 1125 726 utrum
1150 696 1215 725 scil.
1240 697 1432 726 etiamrusum
1455 704 1580 734 praestet

66 749 100 778 in
122 750 254 778 doctrina
268 749 307 778 tie
329 749 524 784 Absentibus,
546 756 573 777 et
596 749 834 777 descendentibus
854 751 903 785 Jus
927 749 1096 779 succedendi
1121 748 1250 782 tribnat,
1270 748 1296 776 si
1313 754 1392 784 pater
1414 755 1480 777 ante
1503 750 1578 779 dela-

64 805 124 828 tam
148 800 359 829 successionem
385 808 401 828 a
425 800 486 828 suis
507 799 695 834 discesserit,
716 808 809 835 neque
836 800 867 828 in
889 807 1037 835 posterum
1054 799 1165 835 aliquid
1187 799 1222 827 de
1245 806 1278 827 eo
1301 798 1483 828 innotuerit?
1526 801 1582 829 Ita-

68 859 128 886 que
151 851 225 879 illud
249 851 343 879 solum
374 850 604 887 investigandum
628 850 700 885 erit,
731 856 759 878 et
781 857 908 887 caetera,
940 851 1048 887 quippe
1076 850 1166 879 eidem
1198 848 1373 879 dubitationi
1402 857 1463 879 non
1487 850 1583 880 obno-

63 901 132 937 xia,
155 910 170 930 a
190 901 368 938 quaestionis
391 903 561 931 tractatione
581 902 672 930 aliena
690 901 834 931 videntur.

62 989 75 1002 r
105 953 136 981 Si
157 953 250 989 igitur
271 953 394 982 Absenti
409 953 548 982 hereditas
571 953 605 981 ab
626 943 763 982 intestato
778 954 870 982 delata
895 960 958 989 est,
981 959 1008 981 et
1030 952 1118 982 certis
1141 952 1256 981 indiciis
1274 960 1336 982 «non
1359 959 1493 987 constat,
1515 954 1577 983 Ab-

22 1040 27 1046 ¹
59 1009 170 1032 sentem
193 1004 288 1032 adhuc
310 1004 420 1039 vivere,
441 1010 490 1032 aut
511 1004 584 1032 diem
607 1012 772 1039 supremum
798 1005 854 1040 jam
875 1004 1002 1039 obiisse,
1031 1004 1178 1039 quaeritur
1198 1004 1233 1031 ad
1253 1011 1327 1038 quos
1350 1003 1462 1032 interim
1487 1005 1575 1040 perti-

60 1060 127 1083 neat
153 1054 270 1090 portio,
292 1063 365 1091 quae
387 1063 420 1083 ex
441 1055 488 1084 illa
506 1055 660 1084 hereditate
683 1054 806 1084 Absenti
825 1055 1044 1090 competiisset‚
1073 1061 1168 1082 utrum
1196 1053 1268 1081 solis
1293 1054 1507 1090 coheredibus,
1533 1063 1569 1084 an

59 1111 129 1133 vero
152 1110 180 1132 et
202 1105 254 1140 iis,
283 1105 333 1141 qui
356 1112 470 1134 mortuo
494 1106 622 1135 Absente
646 1112 710 1134 eum
737 1104 1017 1140 repraesentassent?
1057 1104 1154 1133 Primo
1187 1103 1420 1142 observandum,
1437 1106 1570 1141 videtur,

59 1155 240 1191 quaestionis
256 1156 431 1185 decisionem
451 1165 510 1186 non
529 1157 598 1185 adeo
615 1156 754 1185 difficilem
772 1155 854 1191 fore,
875 1156 900 1184 si
918 1156 1034 1185 Absens
1056 1155 1153 1183 nullos
1178 1155 1381 1183 descendentes
1406 1155 1569 1193 reliquerit;

58 1210 130 1234 tunc
147 1206 221 1235 enim
239 1207 320 1236 solus
341 1208 458 1236 coheres
478 1208 508 1236 in
530 1207 715 1236 successione
737 1207 897 1236 admittitur
915 1207 1073 1235 secundum
1097 1212 1159 1234 art.
1182 1206 1267 1240 136.:
1292 1206 1416 1241 pariter,
1438 1206 1462 1234 si
1486 1208 1569 1236 solus

56 1256 92 1284 ad
115 1257 326 1287 successionem
349 1264 469 1287 vocetur
491 1258 605 1287 Absens
629 1259 740 1294 absque
761 1258 820 1286 ullo
844 1258 1002 1294 coherede;
1026 1265 1096 1286 tunc
1113 1257 1186 1286 enim
1203 1257 1316 1285 nullum
1332 1256 1407 1285 foret
1423 1258 1543 1287 dubium
1556 1279 1568 1294 ,

53 1306 129 1343 quin
153 1308 216 1345 eJus
239 1309 440 1339 descendentes
464 1309 634 1338 succedendi
654 1309 719 1346 jure
738 1309 901 1345 gauderent.
943 1309 1000 1337 Sed
1021 1309 1046 1336 si
1073 1307 1188 1337 Absens
1218 1307 1304 1335 simul
1328 1307 1493 1336 coheredem
1517 1309 1569 1337 ha·

31 1355 138 1393 Abeat,
158 1364 186 1392 et
209 1359 410 1389 descendentes
433 1360 596 1396 reliquerit,
626 1360 652 1388 si
675 1369 702 1390 v.
726 1369 770 1396 gr.
794 1361 917 1388 duorum
949 1359 1070 1388 fratrum
1097 1361 1167 1388 alter
1187 1359 1285 1387 liberis
1307 1358 1414 1388 relictis
1441 1359 1567 1395 obierit,

26 1411 31 1414 '
52 1412 84 1437 et
99 1408 144 1437 die
163 1409 484 1445 delataezsnccessionis
511 1412 546 1440 de
569 1412 630 1449 ejus
655 1411 713 1440 vita
740 1420 801 1440 non
828 1417 964 1446 constet,
988 1412 1060 1440 alter
1084 1419 1151 1440 vero
1177 1410 1388 1446 supervixerit,
1417 1416 1444 1439 et
1468 1411 1563 1439 adsit:

53 1466 91 1487 an
110 1461 191 1488 solus
211 1459 298 1490 frater
326 1469 470 1498 superstes
498 1462 679 1491 hereditatem
707 1463 816 1498 capiet,
844 1468 872 1490 et
901 1462 1040 1490 Absentis
1072 1462 1178 1490 liberos
1199 1461 1348 1496 excludet,
1375 1469 1412 1489 an
1440 1469 1508 1489 vero
1534 1467 1562 1489 et

27 1508 141 1543 ,hosce
164 1518 220 1539 una
243 1520 308 1540 cum
332 1519 434 1548 patruo
468 1514 502 1542 ad
535 1513 749 1542 succe-‘sionem
774 1513 887 1541 admitti
921 1513 1091 1549 oportebit?
1135 1512 1306 1540 Liberorum
1340 1518 1435 1547 partes
1468 1518 1565 1540 tuetur

51 1559 302 1596 Delvincurtius‚
330 1568 359 1590 et
390 1562 512 1598 probare
539 1571 682 1598 conatur,
713 1563 999 1592 contrasentientium
1041 1562 1234 1599 opinionem,
1262 1561 1311 1589 cui
1350 1561 1482 1590 addictus
1518 1568 1563 1591 est

49 1610 261 1646 Proudhonus,
281 1618 340 1640 non
365 1613 461 1641 solum
487 1613 674 1649 humanitati,
708 1615 757 1643 sed
781 1621 808 1643 et
827 1615 900 1651 iuris
922 1613 1066 1650 analogiae
1098 1620 1270 1649 repugnare:
1295 1618 1343 1646 at,
1375 1620 1419 1640 me
1444 1612 1561 1648 quidem

44 1661 163 1700 judice,
184 1661 279 1690 minus
301 1670 437 1697 prospere
457 1663 523 1692 haec
548 1673 592 1693 res
626 1665 651 1693 ei
679 1666 838 1701 successit;
860 1673 941 1700 nam,
963 1665 1032 1693 licet
1055 1665 1151 1700 negari
1175 1664 1224 1692 vix
1258 1669 1359 1698 queat,
1388 1663 1559 1699 aequitatem

48 1713 140 1749 magis
162 1712 296 1748 suadere,
318 1719 351 1740 ut
374 1719 403 1741 et
425 1702 523 1743 liberis
551 1715 602 1744 hac
628 1715 658 1744 in
682 1724 710 1744 ie
733 1717 946 1752 prospiciatur,
973 1724 1032 1744 non
1059 1721 1150 1743 tamen
1184 1714 1278 1750 legum
1307 1713 1469 1749 interpretis
1493 1721 1556 1750 cst,

48 1762 85 1792 ad
112 1762 298 1792 humanitatis
327 1771 444 1793 sensum
468 1766 561 1802 legum
589 1773 738 1803 praccepta
761 1767 936 1802 informare,
964 1767 1014 1795 ubi
1042 1766 1190 1802 legislator
1219 1771 1339 1794 mentem
1371 1773 1450 1792 suam
1484 1765 1556 1793 satis

44 1812 124 1842 clare
147 1814 296 1850 probavit3
324 1814 452 1851 adeoque
479 1817 578 1852 potior
606 1817 677 1845 mihi
709 1819 820 1847 videtur
845 1817 984 1848 sententia
1004 1816 1193 1852 Proudlwm‘,
1222 1824 1256 1845 ex
1279 1815 1352 1853 ipsis
1375 1816 1469 1852 legum
1495 1824 1557 1845 ver-

46 1861 94 1893 bis
119 1870 147 1892 et
163 1864 294 1901 analogia
315 1866 503 1904 deducentis,
524 1868 594 1903 quid
618 1869 664 1897 hic
685 1870 868 1898 statuendum
890 1871 941 1899 sit.

81 1913 187 1943 Missis
209 1922 303 1944 autem
326 1918 500 1953 argumentis
524 1919 592 1947 satis
621 1920 724 1948 callide
747 1921 916 1958 excogitatis
938 1927 965 1950 et
996 1921 1030 1951 ab
1058 1928 1180 1956 utraque
1202 1925 1282 1956 parte
1306 1917 1415 1954 allatis,
1444 1917 1554 1954 quibus

43 1970 166 2005 uterque
184 1966 310 1998 veritatis
337 1970 462 2007 speeiem
486 1970 639 2001 sentcntiae
662 1979 738 2001 suae
754 1972 908 2001 conciliare
930 1980 1072 2010 conatur,
1100 1979 1229 2009 quaeque
1248 1978 1303 1999 suo
1332 1970 1398 1999 loco
1420 1970 1569 2009 leguntue

861 2021 892 2052 G
1475 2017 1555 2053 apud
