1913 2417
341 186 622 218 RESPONSIO
647 196 695 219 AD
726 183 1082 226 QUAESTIONEM
1109 188 1534 219 PHILOSOPHICAM.
1660 188 1711 226 93*

222 269 321 300 Status
349 271 464 307 civilis,
493 280 557 300 curn
581 271 687 308 patriae
707 271 860 307 civitatis,
884 278 945 300 tum
969 272 1096 309 gentium
1127 272 1366 310 conjunctarum,
1395 272 1598 309 philosophiae
1626 272 1694 300 uni-

183 329 264 351 verse
287 323 377 359 magis
399 329 448 351 aut
470 323 565 352 minus
591 322 689 359 favet3
712 330 807 351 verum
833 323 888 351 hoc
911 324 1029 358 relicto,
1053 332 1201 352 causarum
1223 325 1352 352 civilium
1377 331 1551 353 momentum
1577 324 1605 351 in
1630 319 1701 359 phi-

182 372 334 409 losophiae
356 374 506 410 generibus
524 375 713 410 temperandis
729 374 912 403 indicandum
931 382 986 403 est.
1028 375 1120 411 Igitur
1134 376 1409 411 rerumpublicarum
1431 375 1633 404 conversiones
1651 375 1694 403 fa·

189 424 244 452 tile
268 424 401 459 sequitur
416 426 575 454 animorum
601 427 864 462 sententiarumque
880 427 1032 455 conversio
1054 428 1133 464 (t).
1174 427 1247 456 Dein
1265 429 1439 456 Athenarum
1459 428 1579 456 historia
1601 435 1627 455 et
1644 427 1700 455 So·

182 475 343 511 phistarum
364 479 520 506 auctoritas
543 477 771 512 demonstravit,
805 479 1040 514 philosophiam,
1070 478 1093 506 si
1116 487 1180 506 curn
1211 479 1339 508 civitatis
1370 487 1423 507 usu
1447 479 1698 513 communicatur,

184 533 213 555 et
234 528 270 555 ad
294 534 431 563 quaestus
454 529 643 557 humilitatem
670 536 698 557 et
723 530 880 558 rhetorices
899 531 1060 566 jactantiam
1090 530 1246 567 abjicitur,
1275 531 1310 558 ab
1339 530 1422 558 ortus
1447 530 1636 572 generositate
1658 530 1699 558 ita.

182 586 272 615 posse
301 580 490 616 degenerare,
515 587 548 609 ut
582 582 773 610 restitutorem
801 588 900 616 nacta,
930 582 959 609 in
992 589 1099 610 novum
1133 589 1225 609 rerum
1255 583 1380 611 ordinem
1408 588 1552 617 transeat,
1583 582 1613 609 in
1640 589 1703 616 quo

184 631 278 660 tutius
300 631 467 667 dignitatern
493 640 573 660 suam
598 633 732 663 vindicet.
782 633 898 661 Etenim
930 641 1078 661 causarum
1105 632 1151 661 vis
1187 633 1317 661 ciV1lium
1343 632 1372 661 in
1402 632 1555 661 formando
1580 634 1705 661 Socrate

184 690 244 711 non
270 683 425 712 omittenda
445 690 501 712 est.
542 683 603 712 lmo
633 691 794 720 temporum
820 684 949 713 conditio
977 684 1094 720 politica
1123 692 1275 718 quamnam
1307 683 1407 717 habere
1429 684 1524 719 possit
1546 691 1612 711 cum
1637 683 1704 719 phi-

182 733 372 769 Iosophorum
401 735 516 770 placitis
534 736 794 771 necessitudinem,
823 737 985 771 exemplum
1015 743 1058 764 est
1088 735 1195 770 Plato,
1225 736 1277 771 qui
1311 736 1459 771 quomodo
1487 743 1520 763 ex
1553 734 1703 762 turbarum

184 785 314 814 civilium
338 786 476 815 fluctibus
507 786 542 815 ad
564 787 723 816 doctrinam
757 795 838 816 suam
872 787 1005 815 moralem
1035 794 1063 815 et
1095 785 1236 822 perfectae
1265 787 1437 822 reipublicae
1466 785 1700 814 informationem

184 838 326 873 appulsus
346 837 403 872 sit,
425 838 525 865 docuit
555 837 595 867 V.
617 839 661 867 111.
684 839 718 867 dc
742 839 842 874 Gezer,
868 838 969 867 Diatrc
983 838 1012 866 in
1032 837 1119 867 Polit.
1139 838 1212 866 Plat.
1233 838 1329 867 Princ.
1359 838 1399 866 C.
1419 837 1462 866 ΙΙ..
1483 836 1600 866 Sect.1.
1623 838 1653 873 §.
1675 845 1705 866 1..

183 896 253 924 sqq.
285 888 363 916 Sect.
378 887 416 916 Il.
445 889 473 924 S.
495 897 521 917 1.
544 897 612 925 sqq.
633 890 717 926 (α).
1632 911 1637 927 =‚

223 939 322 967 Altera
340 939 443 967 classis
463 945 507 967 est
526 948 676 968 causarum
699 939 988 976 philosophicarum3
1017 948 1089 975 quae
1109 939 1287 968 definiuntur
1305 946 1383 968 statu
1407 939 1630 975 philosophiae,
1658 946 1706 967 ra-

183 990 264 1019 tione
286 990 426 1026 imprimis
450 990 546 1018 habita
569 991 632 1027 ejus
653 999 878 1027 progressuum,
913 997 941 1018 et
963 997 1170 1026 systematum,
1199 998 1264 1018 cum
1287 999 1360 1026 quae
1380 997 1463 1018 antea
1486 991 1620 1025 fuerunt,
1640 997 1704 1019 tum

185 1049 258 1076 quae
281 1040 473 1076 philosophi,
503 1041 539 1069 de
567 1050 627 1076 quo
654 1041 769 1078 agitur,
800 1038 890 1070 aetate
916 1041 1037 1078 vigent,
1066 1049 1222 1076 eorumque
1249 1038 1477 1078 conjunctionis.
1528 1042 1613 1070 Alius
1639 1041 1707 1069 aliis

189 1092 367 1127 temporibus
398 1091 604 1127 philosophiae
632 1101 804 1129 progressus
842 1093 923 1121 aliam
959 1101 1077 1129 quoque
1109 1093 1260 1121 efficaciam
1295 1092 1406 1129 habet,
1436 1092 1466 1121 in
1499 1093 1707 1129 philosophiae

191 1143 342 1181 generibus
365 1148 393 1170 et
411 1142 556 1179 pariendis
579 1148 607 1171 et
627 1143 861 1180 conformandis3
891 1151 923 1172 ut
943 1143 1002 1173 fere
1023 1145 1076 1173 alia
1100 1145 1169 1172 artis
1192 1144 1340 1182 cuiusdam
1365 1143 1516 1179 profectior
1535 1144 1589 1172 alia
1618 1143 1702 1171 etiam

191 1203 275 1232 optra
305 1194 412 1231 gignit.
462 1194 578 1223 Etenim
613 1194 667 1223 alia
696 1202 774 1224 aetas
807 1195 860 1224 alia
892 1195 974 1224 affert
1009 1196 1137 1224 subsidia
1169 1203 1196 1224 et
1219 1197 1402 1233 adjumenta,
1431 1203 1504 1231 quae
1531 1195 1705 1230 aequalibus

187 1253 305 1283 praesto
323 1252 411 1281 sunt,
431 1254 590 1282 eorumque
610 1246 756 1282 ingenium
781 1248 939 1284 adjuvant,
968 1247 1126 1284 majoribus
1162 1256 1220 1276 non
1250 1253 1363 1283 praesto
1396 1253 1489 1281 erant.
1534 1246 1599 1275 Aha
1628 1253 1706 1274 aetas

187 1297 263 1326 alios
285 1296 375 1326 habet
404 1297 609 1334 philosophiae
631 1297 780 1333 defectus,
808 1298 862 1327 alia
898 1298 1088 1333 incrementa,
1119 1299 1192 1335 quae
1224 1299 1444 1334 disciplinarum
1479 1304 1573 1326 ortum
1605 1303 1709 1333 parant

187 1354 216 1376 et
239 1347 366 1384 dirigunt
391 1349 470 1384 (3).
511 1349 639 1377 Aliarum
673 1349 781 1377 semina
812 1350 1007 1377 doctrinarum
1039 1350 1205 1378 continebat
1235 1349 1400 1378 lonicorum
1434 1349 1556 1383 schola,
1583 1348 1705 1377 aiiarum

188 1397 278 1426 divini
309 1398 417 1433 scripta
444 1398 598 1433 Platonis,
627 1407 678 1427 nec
709 1401 856 1435 potuisset
883 1400 970 1428 Plato
999 1401 1081 1429 istam
1116 1401 1265 1428 doctrinae
1286 1399 1480 1428 excellentiam
1506 1400 1646 1434 condere,
1677 1399 1704 1427 si

189 1448 319 1476 Socratis
339 1454 469 1482 tempora
494 1449 707 1478 antevertisset.
746 1450 788 1478 Ita
820 1452 960 1479 variarum
987 1451 1240 1487 philosophiarum
1276 1451 1401 1487 origines
1429 1450 1662 1486 maturitatesque
1693 1457 1710 1479 a

190 1499 328 1534 temporis
349 1499 460 1526 demum
487 1499 690 1535 progressione
714 1502 920 1536 exspectandae
943 1508 1026 1530 sunt.

227 1550 260 1579 ln
290 1550 386 1578 causis
415 1558 522 1585 porro,
552 1550 587 1578 de
620 1551 728 1586 quibus
757 1553 889 1588 agimus,
925 1554 1110 1588 praecipuum
1145 1553 1241 1581 locum
1271 1551 1329 1581 sibi
1353 1552 1501 1581 vindicant
1534 1558 1712 1588 systemata,

189 1601 252 1631 sive
277 1601 400 1636 prioris,
428 1600 489 1629 sive
512 1601 636 1638 ejusdem
665 1603 773 1632 aetatis.
820 1604 936 1632 Scilicet
966 1604 996 1632 ni
1031 1603 1145 1640 physici
1181 1603 1353 1639 philosophi
1383 1604 1549 1632 intellectus
1580 1606 1708 1632 nondum

191 1653 331 1688 explorati
355 1651 466 1680 viribus
479 1658 590 1689 ‘temere
610 1653 675 1688 nsit,
704 1654 739 1683 in*
754 1655 829 1690 ipsis
850 1654 948 1684 statim
982 1653 1184 1691 philosophiae
1210 1653 1323 1688 initiis,
1353 1649 1473 1682 r'ationis
1503 1655 1639 1683 terminos
1666 1663 1713 1683 es·

194 1710 259 1732 sent
282 1703 475 1739 transgressi,
495 1702 633 1733 Eleaticis
653 1705 731 1732 nulla
753 1714 838 1734 causa
865 1705 968 1734 fuisset
990 1705 1161 1741 Empirismi
1185 1704 1394 1739 labefactandi,
1424 1712 1452 1733 et
1480 1707 1514 1734 ad
1538 1706 1715 1734 Rationalis-

190 1762 292 1790 mum,
312 1761 458 1790 tamquam
479 1756 509 1783 in
531 1762 672 1791 portum,
691 1756 842 1785 scientiam
863 1756 1013 1787 avehendi.
1053 1757 1096 1785 Ni
1122 1757 1226 1785 horum
1249 1763 1336 1792 opera
1355 1763 1473 1786 naturae
1500 1757 1654 1793 explicatio
1677 1758 1713 1786 de

1672 1816 1720 1837 SC-

216 1894 270 1923 (ι)
290 1895 422 1922 Exemplum
443 1900 477 1917 est
495 1895 557 1920 apud
574 1894 682 1915 Sta‘udlr'n
696 1896 710 1917 1,
725 1896 741 1918 l.
767 1902 792 1923 p.
805 1901 855 1923 375,
873 1902 927 1924 sqq.

216 1936 273 1964 (a)
292 1938 397 1958 Ceterum
422 1937 451 1958 de
478 1937 555 1957 inrum
581 1937 683 1958 civilium
709 1942 826 1959 causarum
851 1938 875 1958 vl
895 1943 922 1958 ac
946 1942 1075 1964 momento,
1095 1936 1207 1959 videndus
1226 1941 1278 1964 est,
1299 1936 1339 1964 qul
1364 1937 1475 1965 apposite
1497 1938 1528 1960 ἀὲ
1547 1937 1576 1960 lis
1595 1938 1624 1960 ad
1642 1941 1712 1962 sm

186 1975 307 2000 &millum
325 1976 431 2003 dinei-lt,
453 1977 542 2003 Bou-gn·
560 1979 587 2000 v.
603 1976 640 1999 Cl.
663 1979 692 1999 de
713 1978 869 2003 Mystlcinmo.
895 1978 985 2002 Semi,
1008 1978 1028 2007 §-
1041 1984 1063 2002 α.
1079 1985 1104 2007 p.
1117 1984 1154 2005 ³³·
1171 1983 1229 2006 sqq.

213 2018 268 2048 (a)
287 2018 326 2041 Cf.
345 2017 432 2046 Bul-r
449 2019 478 2041 V·
494 2019 530 2042 el.
551 2019 567 2040 l.
582 2019 598 2041 l»
616 2019 676 2041 sect.
688 2019 717 2041 ll.
738 2018 759 2047 Ι.
774 2024 797 2041 a.
822 2019 894 2048 psa.
906 2019 946 2047 63.
