1913 2417
274 209 311 236 44
617 197 1450 235 P.J.UYLENB1ROEK

284 279 435 315 adductis,
456 287 562 317 patere.
602 280 689 318 Quod
708 288 775 309 vero
799 280 828 309 hi
854 280 1023 317 erraverint,
1045 282 1188 310 evidenter
1211 282 1426 318 Hesselingium
1449 282 1677 319 demonstrasse;
1698 282 1745 311 uti
1761 289 1792 312 et

285 330 464 366 antiquiores
488 340 543 360 rem
568 339 600 359 eo
624 340 730 366 sensu,
753 340 835 367 quem
858 333 947 361 altero
972 333 1037 361 loco
1062 334 1194 362 attulerat
1220 342 1340 369 censor,
1363 342 1415 362 acu
1439 334 1576 370 tetigisse.

326 381 404 410 Haec
439 382 551 417 quidem
579 382 720 410 sufficiant
751 383 785 411 ad
809 383 1021 419 intelligendam
1055 384 1224 413 sententiam
1258 384 1385 413 censoris
1417 384 1503 422 huius
1535 384 1680 421 anonymi.
1726 384 1792 413 Alia

290 432 422 468 equidem
442 432 557 469 adjicit,
579 433 629 461 sed
656 433 690 462 ad
713 440 844 462 nostrum
867 434 1023 462 consilium
1049 435 1144 463 minus
1165 436 1347 471 pertinentia.
1386 436 1539 472 Pergamus
1572 435 1667 471 itaque
1691 434 1721 463 in
1742 443 1795 464 ex-

289 483 431 519 ponendis
454 484 510 518 iis,
534 492 606 520 quae
621 485 701 513 doct.
724 484 766 513 H.
788 485 898 513 Aeneae
919 485 971 514 hac
995 487 1149 515 occasione
1171 487 1281 522 publici
1306 487 1379 524 jutis
1403 486 1471 515 fecit
1495 487 1569 523 (1).
1769 475 1774 480 ”

331 534 408 562 Ante
439 535 534 564 omnia
563 542 658 565 autem
690 536 841 564 dicendum
869 541 931 572 est,
964 536 1077 566 Aeneae
1105 538 1235 566 assentiri
1266 539 1345 567 doet.
1379 546 1435 566 van
1464 538 1602 574 Marum,
1631 538 1795 574 praesertim

294 585 373 620 quod
405 587 507 615 attinet
542 587 577 615 ad
605 594 714 623 partem
752 587 938 623 posteriorem
967 587 1060 623 ipsius
1093 589 1233 624 epistolae
1270 589 1339 618 inde
1367 598 1382 617 a
1412 589 1501 617 media
1535 584 1602 625 pag.
1629 597 1663 625 14
1699 590 1734 618 ad
1765 589 1798 618 fi·

291 643 356 664 nem
391 637 479 674 (2);
515 644 543 666 at
569 645 637 666 vero
665 638 750 666 simul
779 638 915 673 affirmat,
951 638 1030 668 doct.
1062 648 1116 668 van
1144 639 1257 668 Marum
1295 640 1414 669 nimium
1442 640 1622 668 concessisse
1650 639 1800 668 Hesselinv

291 686 361 722 gio,
389 687 530 724 dicendo,
568 689 790 724 experimentum
825 688 1004 726 ssoyleanum
1033 698 1092 718 non
1127 690 1255 726 amplius
1289 690 1411 727 probare
1447 690 1661 726 gravitationem
1696 690 1800 719 fluido-

291 744 357 765 rum
391 737 420 765 in
444 738 570 775 propriis
594 740 689 776 locis,
717 739 852 776 quoniam
882 740 993 776 duplici
1024 741 1111 770 modo
1133 741 1270 777 explica-ri
1299 748 1414 778 potest3
1446 741 1680 776 quemadmodum
1711 749 1799 778 supra

293 787 484 822 exposuimus
506 791 546 827 (3
560 790 591 826 ).‚
628 790 661 820 Id
682 790 787 827 igitur,
818 791 898 826 quod
920 791 1045 820 nimium·
1066 800 1235 821 concessum
1257 799 1321 828 est,
1349 800 1511 828 recuperare
1534 798 1657 821 conatur
1675 793 1796 823 Aeneae.

289 836 326 867 In
364 839 485 868 transitu
520 847 613 868 autem
653 842 744 871 adhuc
789 841 988 870 animadvertit
1005 862 1015 877 ,
1057 842 1270 880 Hesselingium
1309 843 1340 871 in
1372 842 1546 878 praefatione
1588 843 1798 873 dissertationis

292 895 361 917 suae
382 897 441 918 non
472 890 544 919 bene
570 891 680 927 cepisse
704 892 780 920 hunc
805 893 900 920 locum
934 893 1012 921 doct.
1049 901 1103 921 van
1136 893 1273 928 Marum,
1305 893 1412 929 quippe
1442 893 1493 928 qui
1525 899 1633 922 tantuin
1664 895 1800 930 loquatur

294 940 330 970 de
351 940 461 976 duplici
489 942 575 972 modo
602 942 782 980 explicandi,
810 946 893 979 non,
925 943 969 972 uti
1000 943 1201 981 Hesselingius
1231 945 1313 980 vult,
1343 945 1377 973 de
1407 943 1520 973 duobus
1551 944 1644 974 modis
1666 945 1723 974 sibi
1748 954 1801 982 op·

285 991 404 1026 positis.
818 982 821 983 ⁷

322 1041 386 1078 Jam
420 1042 499 1072 doct.
530 1043 642 1074 Aeneae
667 1044 706 1072 ad
729 1044 930 1074 defendendam
956 1047 1101 1082 vulgarem
1125 1048 1293 1076 sententiam
1325 1054 1390 1076 sese
1413 1046 1557 1083 accingit,
1587 1047 1798 1078 demonstratu·

287 1100 361 1129 rus,
380 1101 409 1122 re
431 1093 521 1129 probe
545 1102 714 1130 perspecta,
744 1095 966 1131 experimentum
988 1097 1164 1134 Boyleanum
1188 1106 1309 1135 prorsus
1333 1098 1475 1135 probare,
1505 1098 1584 1133 quod
1609 1097 1730 1134 probare
1751 1098 1800 1127 de·

289 1143 360 1180 bet,
381 1144 511 1181 scilicet,
531 1144 617 1173 fluida
641 1145 671 1173 in
694 1154 724 1174 se
741 1147 834 1183 ipsis,
855 1148 876 1176 i.
899 1156 927 1176 e.
951 1148 980 1177 in
1002 1148 1099 1178 fluidis
1120 1149 1325 1185 homogeneis‚
1347 1148 1408 1177 sive
1429 1148 1459 1178 in
1483 1148 1559 1177 locis
1582 1148 1644 1176 suis
1666 1149 1802 1177 naturali·

289 1195 348 1225 bus
369 1196 524 1232 gravitare3
553 1197 680 1232 adeoque
714 1198 936 1229 conclusionem.
955 1207 970 1227 a
994 1199 1123 1236 Boyleo‚
1153 1200 1274 1236 eJ‘usque
1301 1200 1438 1235 asseclis,
1466 1207 1501 1228 ex
1524 1200 1580 1227 hoc
1605 1200 1800 1235 experimento

290 1246 445 1276 derivatam
463 1268 474 1283 ,
502 1255 595 1277 veram
612 1268 622 1284 a
651 1248 829 1286 legitimam,
860 1255 908 1286 et,
937 1250 1016 1287 quod
1044 1250 1081 1279 ad
1106 1258 1251 1281 summum
1278 1251 1407 1287 attinet,
1435 1256 1551 1280 naturae
1582 1256 1800 1280 consentaneam

287 1305 352 1326 esse
373 1299 454 1336 (4).
1656 1341 1659 1343 ,

332 1348 459 1377 Primum
483 1348 602 1385 quidem·
621 1351 736 1380 theseos
759 1354 889 1388 sequelas
921 1353 1061 1383 examinat
1083 1354 1162 1383 doct.
1197 1354 1319 1384 Aeneae.
1368 1353 1486 1383 Sciiicet
1506 1352 1726 1391 HesseIingius‚
1756 1353 1803 1383 uti

291 1397 418 1428 vidimus
441 1400 529 1437 (5),
559 1407 642 1437 negat
670 1402 758 1430 fluida
788 1402 818 1431 in
844 1403 941 1433 fluidis
966 1405 1115 1441 ponderari
1141 1413 1247 1440 posse,
1275 1404 1318 1432 uti
1350 1405 1439 1433 aerem
1473 1405 1502 1433 in
1533 1405 1614 1440 aere,
1642 1412 1742 1440 aquam
1767 1404 1802 1433 in⁴

291 1457 376 1484 aqua.
417 1451 527 1480 Aeneae
551 1459 628 1480 vero·
646 1461 662 1480 e
683 1459 781 1482 contra
803 1454 954 1489 perhibet,
982 1463 1042 1483 non
1068 1461 1178 1484 tantum
1199 1455 1285 1484 auida
1305 1455 1336 1484 in
1357 1455 1453 1484 fluidis
1475 1455 1599 1493 ejusdem
1627 1455 1797 1491 densitatis,

294 1500 346 1529 sed
368 1501 449 1530 etiam
475 1502 567 1532 fluida
585 1502 680 1532 minus
704 1504 791 1532 densa
817 1504 847 1532 iun
871 1504 1052 1534 densioribus
1073 1506 1223 1542 ponderari
1247 1514 1345 1542 posse.

333 1571 357 1587 ,‚
378 1552 486 1581 Verum
519 1553 636 1589 quidem.
655 1560 718 1589 est,
733 1553 752 1566 ''
779 1554 875 1590 inquit
897 1556 1008 1586 Aeneae
1031 1557 1119 1594 (6),
1156 1577 1174 1592 „
1192 1557 1281 1586 aetem
1313 1558 1431 1594 proprio
1457 1566 1512 1587 suo
1542 1558 1667 1594 pondere
1688 1557 1718 1586 in
1738 1557 1802 1585 aere

296 1603 463 1633 descendere
489 1605 590 1641 (quod
621 1605 656 1633 ad
679 1605 893 1641 ponderandum
918 1607 1042 1644 requiri,
1072 1608 1165 1645 aJ'ebat
1190 1608 1387 1644 Hesselingius
1412 1609 1505 1646 (7))
1528 1617 1588 1638 non
1613 1616 1699 1644 posse
1714 1628 1725 1643 ‚
1751 1606 1801 1636 sed

296 1653 326 1683 in
349 1655 438 1690 loco,
459 1655 489 1683 in
514 1663 572 1690 quo
594 1662 654 1690 est,
675 1664 794 1686 manere.
835 1657 875 1686 At
899 1665 987 1692 vero,
1017 1658 1060 1686 uti
1078 1659 1137 1695 jam
1164 1659 1252 1694 bene,
1283 1659 1335 1688 sed
1359 1659 1462 1694 partim
1488 1660 1574 1688 modo
1594 1658 1802 1687 animadverte-

297 1711 338 1733 rat
361 1706 440 1734 doct.
465 1714 521 1735 van
544 1707 658 1736 Marum
680 1706 711 1736 in
737 1707 793 1736 fine
815 1716 885 1736 suae
908 1708 1067 1745 epistolae,
1088 1710 1114 1738 si
1146 1717 1253 1745 corpus
1274 1717 1323 1745 per
1343 1717 1375 1737 se
1396 1709 1562 1737 descendere
1587 1707 1704 1744 nequit,
1728 1707 1803 1736 nihil

298 1759 392 1786 tamen
410 1756 529 1794 obstat,
548 1758 706 1795 quominus
729 1759 791 1796 ejus
815 1760 932 1796 pondus
955 1760 1156 1796 exploremus,
1183 1760 1256 1791 illud
1278 1759 1391 1790 scilicet
1413 1759 1615 1797 conjungendo
1638 1766 1704 1788 cum
1730 1767 1797 1787 cor-

1755 1817 1809 1846 po-

344 1853 346 1866 l

324 1894 379 1927 (μ)
399 1897 424 1917 ru
443 1900 567 1927 opusculo,
589 1900 624 1921 cui
642 1900 738 1928 titulus.
760 1900 805 1924 teu
825 1906 881 1924 over
901 1900 931 1923 de
948 1901 1169 1929 Watetweegxunde
1188 1906 1234 1925 esc.

323 1936 376 1964 (a)
399 1939 459 1960 conf,
479 1944 544 1965 supra
566 1947 587 1966 p.
600 1946 636 1965 ⁴2-
839 1942 893 1970 (8)
914 1942 966 1964 vtd.
988 1943 1045 1964 ibid.

323 1977 379 2004 (⁴)
399 1977 451 2000 Vid.
471 1979 520 2003 ejus
538 1980 582 2001 len
604 1987 627 2007 p.
641 1986 675 2004 n.
840 1983 887 2011 (5)
910 1983 958 2005 vid.
983 1989 1048 2009 supra
1067 1991 1090 2010 p.
1103 1990 1143 2009 ⁴0·

323 2018 375 2047 (6)
399 2020 445 2043 vid.
467 2021 511 2044 lou
530 2026 556 2047 p.
573 2025 608 2047 ¹1-
839 2022 890 2052 (τ)
910 2023 959 2047 vid.
977 2029 1045 2052 supra
1062 2029 1087 2051 p·
1103 2029 1140 2051 ⁴⁸·
