1913 2417
251 161 634 194 COMMENTATIO
661 168 709 190 AD
733 159 1105 200 QUAESTIONEM
1130 159 1416 197 JURIDICAM.
1554 166 1590 196 13

80 249 197 283 sti-tuit,
225 247 275 283 qui
299 247 418 276 durante
437 246 577 276 Absentia
599 245 742 275 bonorum
769 243 1009 274 administrationi
1033 242 1157 279 praesit,
1186 248 1215 271 et
1242 244 1336 272 omnia
1360 251 1413 279 pro
1437 250 1467 271 se
1493 248 1590 278 gerat;

85 300 137 329 sed
163 300 276 328 demum
297 299 428 328 mandato
446 298 550 332 finito,
579 303 628 325 aut
647 296 761 332 quando
788 303 938 331 personam
969 295 1098 323 idoneam
1123 301 1183 322 non
1208 294 1312 330 elegit,
1344 295 1378 322 ad
1398 293 1529 330 judicem*
1550 297 1594 320 est

81 349 304 386 confugiendum
330 350 408 387 (7).
448 348 507 386 Qui
525 355 616 377 tamen
643 355 729 376 casus
753 347 778 376 si
801 346 956 381 inciderit,
979 345 1175 381 praesumtio,
1207 353 1292 381 quam
1321 352 1448 380 vocant,
1480 342 1593 372 Absen-

81 401 136 429 tiae
156 401 256 437 durat,
286 400 422 436 quamdiu
446 400 572 428 nondum
596 398 732 427 effluxerit
766 404 901 433 tempus,
930 405 990 433 quo
1018 397 1173 432 fineretur,
1199 396 1226 426 si
1254 397 1416 425 mandatum
1449 396 1483 423 ad
1507 395 1593 423 finem

81 459 175 487 usque
189 451 391 486 substitisset,
413 460 483 488 arg.
507 455 582 480 artt.
603 458 674 485 121,
702 457 785 484 122„
813 450 941 484 adeoque
963 448 1087 485 legitima
1101 447 1256 477 Absentiae
1275 447 1426 477 declaratio
1451 445 1511 474 lieri
1534 452 1594 473 non

82 508 182 539 potest
200 502 256 530 nisi
277 507 345 537 post
373 502 503 530 undecim
528 509 618 530 annos
643 509 658 529 a
681 500 774 536 primo
804 499 960 529 Absentiae
983 499 1029 527 die
1057 500 1277 535 computandos.
1319 499 1410 527 Nullo
1436 497 1509 526 enim
1533 496 1591 524 alio

86 560 179 588 scopo
203 558 415 587 procuratorem
441 552 632 581 constituisse
654 552 801 588 putandus
824 557 868 579 est
890 551 1024 586 Absens,
1052 550 1107 579 nisi
1125 557 1156 579 ut
1175 550 1292 579 effectus
1315 550 1403 586 liuJus
1425 547 1592 576 declaratio-

84 603 130 632 nis
153 603 262 631 tamdiu
289 603 497 639 suspenderet,
520 603 656 639 quoniam
681 602 757 631 forte
774 602 975 638 praevidebat,
1003 602 1114 631 diutius
1146 610 1175 629 se
1201 601 1368 629 abfuturum
1392 607 1475 634 esse,
1506 605 1595 633 seque

82 653 175 682 reditu
197 653 231 682 ad
256 661 327 682 suos
350 654 528 689 prohibitum
554 654 607 683 iri:
639 662 729 689 quum
756 661 821 682 vero
854 661 983 682 cessante
1009 654 1142 681 mandato
1174 652 1211 681 ob
1243 660 1379 680 caussam
1398 659 1457 679 non
1481 649 1592 686 praevi-

84 713 165 739 sam,
186 704 286 732 durius
308 704 381 732 foret
403 711 505 733 contra
525 703 664 733 Absentis
689 704 760 732 satis
787 704 962 733 manifestam
990 705 1167 733 voluntatem
1191 702 1261 739 quid
1286 702 1366 737 fieri,
1387 701 1518 737 aequitas
1541 701 1600 729 uti·

86 763 142 791 que
165 755 212 783 hic
239 755 388 790 postulare
413 755 545 790 videtur,
566 756 694 784 nondum
718 755 911 790 praeter-lapso
936 762 1062 791 tempore
1083 754 1205 783 mandati
1226 752 1401 787 constituti,
1433 752 1511 787 quod
1530 759 1597 779 vero

84 814 135 842 per
156 805 291 834 accidens
310 804 423 833 finitum
447 811 509 839 est,
530 806 610 833 nulla
632 806 686 834 alia
712 805 833 833 remedia
854 805 1002 841 adhiberi,
1026 806 1082 834 nisi
1110 812 1185 841 quae
1207 802 1427 833 conservationi*
1451 802 1596 831 bonorum

86 856 267 891 inserviunt,
290 863 419 891 quaeque
440 856 646 891 complectitur
664 855 762 892 Caput
781 865 807 885 1.
834 856 921 892 hujus
943 856 1021 885 tituli
1043 857 1126 894 (8).

126 907 252 944 urgente
272 906 360 943 igitur
384 906 553 935 necessitate
577 913 694 943 propter
714 907 882 936 Absentiam
903 908 984 945 ejus,
1012 907 1046 936 de
1069 907 1155 944 cujus
1176 907 1234 936 vita
1261 906 1334 935 nihil
1359 906 1483 942 amplius
1513 906 1598 934 inno-

87 958 193 993 tescit,
217 957 325 993 quique
347 957 389 985 sic
414 957 518 985 merito
535 958 565 986 in
588 964 664 986 statu
692 957 797 986 versari
818 957 952 994 videtur,
982 966 1066 993 quarn
1089 958 1332 995 praesumtionem
1356 963 1462 985 vocant
1487 957 1601 985 Absen-

87 1010 161 1046 tiae,
188 1009 211 1038 ii
237 1016 359 1044 quorum
387 1008 521 1043 interest,
549 1009 584 1036 ad
616 1008 758 1036 Tribunal
794 1008 900 1044 primae
931 1009 1083 1038 instantiae
1111 1017 1168 1037 rem
1200 1007 1306 1036 deferre
1339 1014 1464 1043 possunt
1482 1028 1492 1043 ,
1523 1007 1604 1043 quod

88 1061 153 1090 dein
168 1068 269 1088 caussa
285 1059 422 1095 cognita,
443 1059 472 1087 id
488 1059 567 1094 quod
584 1059 694 1095 optime
710 1059 797 1088 statui
818 1066 846 1087 et
863 1060 1024 1089 commodis
1035 1060 1174 1088 Absentis
1190 1059 1280 1095 magis
1298 1066 1453 1094 congruere
1471 1058 1601 1093 videtur,

87 1111 229 1141 decernit..
264 1109 341 1139 Haec
363 1109 421 1138 fere
443 1110 629 1138 continentur
653 1115 713 1139 art.
741 1118 811 1140 112:
843 1119 907 1139 cum
930 1118 999 1139 vero
1022 1111 1056 1138 de
1084 1110 1154 1146 ejus·
1178 1109 1327 1138 intellectu
1349 1109 1489 1137 nonnulla
1512 1109 1599 1138 dubia

89 1161 199 1190 moveri
221 1161 353 1195 soleant,
374 1161 442 1189 haec
465 1160 634 1201 recensenda
659 1160 744 1188 nobis
772 1167 949 1196 supersunt,
978 1167 1006 1188 et
1031 1161 1249 1196 inquirendum,
1283 1168 1418 1195 quaenam
1444 1160 1489 1189 vis
1513 1161 1603 1197 hujus

89 1217 152 1240 art.
168 1211 263 1240 verbis
283 1211 376 1240 inesse
398 1211 550 1247 videatur,
571 1217 604 1239 ut
628 1210 724 1247 quoad
748 1212 810 1248 ejus
833 1211 893 1240 fieri
916 1211 1032 1247 possit,
1054 1211 1276 1247 quaestionibus
1301 1218 1488 1241 occurramus
1511 1220 1545 1241 ex
1567 1220 1602 1243 eo

87 1262 234 1291 oriundis„

793 1315 828 1352 S*
865 1322 901 1352 3ν

125 1389 171 1419 Ac
192 1388 288 1426 primo
318 1389 430 1426 quidem
455 1391 602 1420 videamus
619 1412 629 1427 ‚
660 1391 797 1427 quinam,
828 1391 854 1420 si
877 1397 1093 1428 procuratorem
1125 1400 1185 1421 non
1212 1391 1385 1429 reliquerit,
1414 1393 1449 1422 ad
1478 1394 1605 1431 judicem

96 1441 203 1470 deferre
225 1441 342 1476 possint
366 1450 496 1470 caussam
516 1443 674 1478 Absentis,
698 1449 724 1471 et
746 1449 857 1478 petere,
879 1450 912 1471 ut
935 1444 1077 1471 bonorum
1100 1443 1342 1473 administrationi
1367 1446 1585 1481 prospiciatur?

133 1492 209 1520 Ante
231 1492 325 1520 omnia
348 1501 414 1521 vero
431 1494 604 1521 monendum
623 1494 754 1528 videtur,
783 1493 831 1522 hic
849 1494 901 1522 rite
916 1493 1252 1530 distinguendum-esse,
1274 1502 1369 1523 utrum
1395 1495 1462 1531 quis
1478 1497 1511 1524 ai
1532 1496 1602 1524 Pro-

95 1549 254 1570 curatorem
286 1541 427 1578 Regium,
458 1544 506 1571 cui
540 1543 696 1580 singularis
726 1544 899 1573 Absentium
927 1553 996 1573 cura
1020 1545 1206 1573 demandatur
1234 1555 1264 1573 a.
1292 1554 1363 1583 114,
1392 1554 1448 1574 rem
1482 1545 1608 1582 deferat,

95 1601 221 1628 eumque
244 1593 394 1621 certiorem
418 1593 526 1628 saciat,
555 1594 678 1629 aliquem
707 1595 798 1623 civem
827 1600 860 1623 ex‘
882 1595 1032 1624 hominum
1061 1601 1218 1631 conspectu
1240 1596 1363 1631 abiisse,
1392 1604 1420 1625 et
1449 1597 1544 1625 omnia
1574 1598 1609 1627 de

91 1650 128 1672 eo
152 1643 207 1672 huc
239 1651 331 1679 usque
351 1644 457 1673 incerta
479 1652 558 1680 csse,
588 1651 619 1675 ut
643 1645 667 1673 is
698 1645 727 1674 vi
754 1645 880 1675 muneris
907 1647 1069 1675 commodis
1093 1646 1232 1676 Absentis
1258 1647 1407 1684 invigilet3
1435 1657 1472 1676 an
1501 1657 1568 1677 vero
1591 1657 1607 1677 a

1538 1698 1592 1728 Trl
1598 1714 1609 1722 -

121 1783 174 1811 (7)
193 1784 264 1810 'Huius
285 1790 358 1806 aurern
382 1785 536 1808 procuratoris
556 1785 652 1809 officium
672 1791 722 1808 cum
742 1791 832 1813 regatur
849 1792 873 1809 et
891 1787 1096 1811 circumscribatur
1110 1788 1152 1817 iis,
1175 1793 1233 1816 quae
1252 1788 1357 1810 universe
1376 1787 1404 1810 d'e
1423 1788 1527 1809 mandato
1549 1794 1606 1811 con-

91 1824 210 1847 trituramur
229 1830 286 1846 arn.
303 1828 356 1853 1989
367 1841 374 1853 ‚
386 1833 432 1852 sqq.
446 1837 473 1844 -
489 1832 554 1849 20¹0.
579 1826 630 1849 CotI.
646 1827 709 1847 Cis-i!
723 1842 730 1854 ‚
743 1834 824 1855 sponte
837 1832 939 1856 sequitur
953 1830 987 1851 vel
1003 1830 1144 1852 procuratori
1160 1831 1258 1856 generali
1274 1829 1442 1851 administrandi
1457 1835 1540 1850 tantum
1562 1834 1610 1851 mu-

94 1871 135 1886 nus
155 1865 251 1887 dcl-tum
269 1872 334 1895 eve,
349 1873 437 1894 neque,
453 1869 496 1889 nisi
516 1868 609 1894 speciali
630 1869 734 1890 mandato
758 1869 801 1895 ipsi
823 1875 954 1893 concessum
977 1871 1020 1895 sit,
1044 1877 1068 1892 ut
1090 1872 1146 1893 bona
1167 1873 1265 1898 vendat,
1279 1872 1317 1892 vel
1329 1869 1420 1897 pignori
1440 1870 1607 1898 obligetfflro-

92 1905 143 1932 pria
161 1907 290 1928 auctoritate
314 1909 354 1930 hac
377 1909 399 1930 in
417 1915 441 1930 re
464 1910 496 1930 uri
518 1915 602 1934 posse,
617 1910 655 1929 sed
674 1910 702 1931 ad
720 1906 822 1934 judicem
842 1910 885 1938 ipsi
906 1915 955 1933 esne
975 1913 1161 1938 confugiendum.

121 1946 174 1973 (1)
190 1946 239 1969 Vid.
256 1947 417 1977 Delvincamoe,
433 1950 499 1970 Coun
514 1949 539 1970 de
553 1949 608 1971 eade
621 1950 682 1977 Nap.
696 1951 761 1973 Tum.
775 1951 792 1974 Ι.
812 1957 835 1978 ρ.
850 1957 900 1980 359.
917 1958 966 1974 not.
979 1953 1040 1981 (3).
1069 1954 1130 1976 Add.
1145 1952 1273 1980 Proudlmn,
1288 1953 1304 1976 Ι,
1318 1952 1334 1976 Ι.
1353 1959 1375 1980 p.
1390 1957 1428 1980 ¹⁴4
1438 1967 1446 1980 ‚
1460 1958 1494 1979 sq.
1524 1949 1609 1978 Laut,

93 1985 108 2009 1.
125 1986 140 2009 1.
163 1993 188 2015 p·
203 1993 245 2014 40²
261 1997 289 2005 —
302 1994 352 2015 412.

870 2032 930 2070 133
