1913 2417
311 191 360 240 “1⁸6
767 207 795 238 ³.
850 202 1337 247 r.1³LuscHKE‚·

310 311 384 341 ma,
413 312 509 345 quam
538 303 637 344 prisca
655 311 732 344 gens
749 300 933 332 mortalium
961 299 1021 332 hac
1052 301 1086 333 in
1108 307 1190 333 terra
1211 302 1328 345 egerit,
1361 300 1478 345 illeque
1502 312 1678 335 consensus
1699 312 1781 335 una·

310 359 409 390 nimis
433 359 627 402 populorum
654 358 787 400 ingenio
813 363 845 388 et
865 356 954 388 cultu
977 356 1286 396 diversissimorum,
1310 359 1366 402 qui
1383 369 1479 390 omne
1500 370 1603 402 genus
1621 370 1784 392 aerumna·

310 425 384 445 rum
412 421 506 458 atque
531 413 788 447 imbecillitatum
815 413 856 444 ab
886 413 1090 445 incunabulis
1113 416 1237 457 generis
1268 415 1402 446 humani
1431 415 1525 459 plane
1550 416 1781 448 semovendum

308 477 509 503 censuerunt.
558 471 638 510 Quis
668 476 800 501 aetatem
828 481 955 501 auream
985 471 1296 511 comminisceretur,
1329 472 1391 503 nisi
1424 471 1508 503 hanc
1536 471 1669 504 ferream
1692 473 1785 515 judi-

307 528 415 559 caret?
462 527 543 566 Quis
569 526 651 557 hanc
674 525 807 558 ferream
831 526 976 569 judicare
1000 533 1123 569 posset,
1154 527 1217 558 nisi
1240 528 1274 558 in
1300 529 1369 570 ejus
1392 529 1501 560 animo
1529 540 1640 561 aureae
1664 529 1782 560 reside·

310 590 359 614 ret
390 583 481 615 notio
517 583 664 626 quamvis
693 582 828 615 obscura
861 589 892 614 et
929 583 1142 626 inexplicata?
1193 585 1231 614 Et
1258 584 1530 626 quemadmodum
1565 586 1698 617 insitum
1733 592 1781 618 est

309 639 520 678 hominibus,
544 646 580 671 ut
597 646 794 683 praesentem
817 646 950 671 aetatem
976 640 1157 682 antiquiore
1179 639 1368 671 deteriorem
1388 641 1588 679 existiment,
1616 642 1662 672 sic
1682 642 1778 673 etiam

309 697 566 728 constantissime
598 696 682 727 hanc
710 703 819 728 tenent
842 697 1089 739 cogitationem,
1110 703 1142 727 et
1165 696 1263 728 semel
1295 703 1481 740 conceptam
1507 700 1687 740 extorqueri
1717 697 1780 729 sibi

308 752 445 790 nolunt,
478 752 545 784 fore
569 753 645 784 olim
661 777 673 794 ‚
705 754 762 796 qui
788 764 876 784 nunc
903 763 971 784 non
1001 753 1064 792 sit,
1088 752 1155 784 fore
1182 753 1276 793 alibi,
1298 755 1355 798 qui
1380 754 1431 785 hic
1457 760 1613 785 terrarum
1636 764 1706 785 non
1731 763 1782 785 re-

308 810 467 852 ‘periatur‚
500 808 647 840 ordinem
673 820 780 840 rerum
818 809 970 841 omnibus
1003 811 1145 842 numeris
1175 810 1356 841 absolutum
1390 817 1421 842 et
1446 809 1642 853 perfectum,
1673 809 1778 840 homi-

308 875 453 908 numque
471 865 504 896 in
520 877 559 897 eo
576 866 671 908 longe
689 867 919 898 sanctissimam
935 866 1153 898 conditionem
1175 873 1206 898 et
1223 875 1340 898 sortem
1357 867 1581 899 beatissimam.
1629 866 1782 909 Agnosci-

309 931 382 952 mus
403 921 435 952 in
455 921 503 952 his
521 924 646 965 generis
669 925 771 955 nostri
802 922 1031 967 professionem
1058 923 1097 954 de
1125 934 1185 954 suo
1211 935 1229 955 e
1257 924 1352 955 coelis
1377 931 1472 962 ortu,
1495 924 1535 955 de
1561 934 1621 954 suo
1649 924 1684 954 in
1709 934 1779 954 coe·

308 975 377 1007 lum
393 977 506 1010 reditu.
553 979 634 1010 Hinc
650 990 721 1022 spes
739 979 931 1017 homiuum,
957 990 1048 1023 spes,
1073 981 1223 1023 inquam..
1251 980 1403 1011 fidissima
1430 980 1484 1011 illa
1511 981 1668 1011 humanae
1694 981 1777 1011 vitae

308 1031 349 1063 ad
376 1040 511 1064 mortem
538 1045 639 1077 usque
666 1046 791 1074 comes,
817 1047 898 1078 quae
920 1035 987 1066 sola
1004 1035 1123 1066 sufficit
1143 1036 1181 1066 ad
1195 1036 1479 1068 demonstrandam
1499 1043 1630 1068 naturae
1652 1042 1778 1067 nostrae

307 1089 423 1120 miram
452 1091 674 1133 praestantiam
692 1102 703 1124 z
731 1102 815 1134 quae
843 1093 870 1122 si
900 1093 934 1123 in
969 1093 1104 1135 singulis
1137 1091 1244 1129 fallit,
1278 1092 1312 1122 in
1343 1102 1382 1122 eo
1415 1097 1545 1129 tamen,
1581 1101 1648 1133 quo
1671 1091 1782 1122 omnia

309 1145 459 1183 redeunt,
493 1153 647 1190 tanquam
676 1158 741 1179 vox
768 1148 877 1180 divina
904 1159 964 1180 nec
992 1147 1098 1180 fallere
1126 1158 1185 1180 nec
1207 1147 1273 1178 falli
1292 1153 1404 1191 potest.
1449 1146 1570 1179 Eodem
1596 1145 1703 1178 valent
1734 1151 1781 1178 tot

312 1200 457 1243 tantique
489 1202 634 1242 labores,
663 1205 721 1247 qui
754 1216 772 1236 a
800 1205 990 1236 mortalibus
1018 1205 1105 1236 ultro
1138 1205 1358 1247 suscipiuntur
1388 1210 1420 1236 et
1447 1204 1591 1235 alacriter
1614 1203 1780 1235 exantlan-

310 1261 386 1295 tur;
411 1262 456 1288 tot
481 1260 626 1300 generosi
651 1267 803 1299 conatus,
827 1262 884 1304 qui
913 1272 989 1292 cum
1011 1261 1126 1293 laetitia
1152 1262 1324 1304 capiuntur
1340 1284 1349 1299 ,
1381 1272 1457 1292 cum
1487 1261 1667 1292 constantia
1691 1270 1779 1304 pera-

308 1319 453 1356 guntur3
484 1320 533 1345 tot
563 1315 689 1355 studia,
723 1317 843 1360 quibus
868 1317 1059 1349 inflammari
1087 1324 1118 1349 et
1146 1318 1256 1349 ardere
1281 1317 1427 1348 videmus
1459 1328 1561 1360 genus
1588 1316 1782 1348 mortalium-¹

311 1367 435 1401 Omnes
453 1372 607 1414 consequi
630 1383 663 1403 se
682 1384 774 1416 posse
798 1374 935 1406 credunt
969 1374 1108 1417 ailquem
1130 1380 1246 1405 statum
1269 1374 1426 1417 praesenti
1448 1372 1640 1404 beatiorem.-
1669 1381 1782 1404 omnes

308 1429 467 1461 currunt,
496 1434 528 1455 et
560 1439 657 1460 nemo
683 1440 716 1461 se
747 1430 863 1462 frustra
891 1442 1019 1462 currere
1053 1431 1228 1474 opinatur:
1258 1441 1371 1462 omnes
1404 1430 1543 1474 praemia
1572 1434 1701 1472 sperant
1734 1432 1782 1458 tot

311 1480 472 1522 tantisque
495 1482 756 1515 contentionibus
782 1487 880 1527 digna
899 1494 930 1518 et
948 1488 1035 1530 paria
1058 1493 1113 1518 aut
1137 1486 1217 1518 adeo
1239 1488 1360 1529 majora
1374 1493 1407 1518 et
1424 1486 1660 1530 praestantiora.
1707 1484 1780 1516 Non

308 1546 386 1567 sane
406 1537 577 1569 inveniunt
598 1549 732 1578 omnes,
757 1540 845 1583 quod
868 1546 1077 1583 quaesierant.
1122 1543 1283 1574 Nimirum
1310 1549 1428 1574 rectam
1455 1543 1539 1572 viam
1567 1550 1633 1571 non
1662 1540 1783 1581 ingresi

310 1593 358 1630 Si,
381 1593 436 1625 sed
462 1593 658 1637 divergentia
678 1603 841 1639 carpentes
866 1597 979 1628 itinera
1003 1608 1104 1639 eaque
1128 1606 1365 1638 nonnunquam
1391 1594 1522 1627 feliciter
1545 1596 1684 1634 emensi,
1715 1605 1781 1625 me·

310 1653 361 1679 tae
389 1649 520 1692 quidem
546 1654 728 1694 propositae
750 1660 915 1696 compotes
941 1653 1043 1691 fiunt,
1075 1652 1129 1683 sed
1154 1653 1254 1682 animi
1277 1651 1466 1684 immortalis
1486 1652 1638 1684 disiderio
1662 1661 1783 1694 nequa-

310 1714 408 1746 quam
435 1706 629 1738 satisfactum
655 1719 722 1741 esse
755 1721 826 1741 sero
851 1710 1088 1752 intelligentes,
1113 1709 1233 1740 tristem
1264 1719 1405 1741 errorem
1428 1709 1558 1751 lugent,
1581 1709 1679 1740 vitam
1704 1707 1783 1739 vita·

310 1759 372 1790 lt‘m
404 1772 471 1794 esse
506 1771 642 1807 negant,
674 1765 909 1808 providentiam
935 1765 1097 1802 divinam,
1125 1775 1206 1807 quae
1233 1767 1340 1796 omnia
1371 1766 1579 1808 promiserit,
1613 1763 1694 1796 mhi!
1725 1762 1778 1792 de-

312 1815 417 1855 derit,
449 1820 586 1861 querelis
614 1822 816 1865 impugnant.
870 1823 950 1853 Nam
978 1831 1045 1851 non
1072 1819 1177 1851 solum
1202 1831 1256 1851 eos
1287 1820 1448 1857 homines,
1477 1819 1595 1861 quibus
1626 1824 1781 1861 perpetuo

312 1880 389 1900 cum
414 1875 644 1909 calamitatibus
670 1886 702 1910 et
734 1879 868 1909 miseriis
900 1876 1151 1908 conflictandum
1182 1882 1245 1914 est,
1274 1875 1350 1906 tales
1375 1886 1538 1907 sermones
1560 1886 1663 1906 serere
1687 1874 1777 1906 audi·

315 1937 408 1963 1⁰³⁵,
434 1938 542 1958 vesum
562 1936 654 1965 enam
680 1935 756 1971 bos,
779 1935 835 1974 qui
862 1935 1015 1965 maximas
1042 1934 1163 1976 ingenii
1190 1942 1282 1975 opes,
1313 1933 1508 1974 eximiasque
1540 1942 1648 1962 rerum
1676 1937 1778 1963 exter-

314 1992 430 2016 narum
460 1983 620 2017 facultates
649 1998 705 2018 sua
734 1990 795 2020 sibi
820 1992 986 2031 sagacitate
1013 1989 1267 2029 indagaverunt,
1297 1987 1404 2020 labore
1431 1988 1687 2031 acquisiverunt,
1712 1994 1778 2017 stu·

1728 2039 1783 2073 dio
