1913 2417
478 300 1409 361 RESPONSIO

900 476 988 508 An

291 611 945 668 QUAESTIONEM
1015 611 1606 656 LITERARrAM.

618 966 1306 1003 turnonucrto‘.

195 1048 373 1118 Ismara
399 1087 474 1118 nihil
496 1093 545 1117 aut
570 1088 673 1117 utilius
694 1095 743 1117 aut
760 1087 921 1126 jucundius
947 1095 1011 1116 esse
1030 1095 1137 1123 posse,
1157 1093 1231 1116 certa
1254 1085 1289 1115 ab
1313 1083 1391 1115 omni
1416 1090 1545 1122 tempone
1571 1079 1628 1114 fuit
1648 1086 1724 1120 prin

193 1136 434 1169 acutissimorum
468 1140 617 1168 himinum
650 1138 802 1169 sententia·
856 1137 941 1168 Licet
966 1146 1060 1167 autem
1088 1140 1136 1168 vix
1167 1139 1224 1167 ulla
1255 1138 1350 1175 possit
1381 1138 1475 1174 ipsius
1508 1145 1575 1173 pars
1607 1133 1720 1171 afferri,

193 1193 270 1228 quin
293 1192 375 1221 cadat
399 1192 429 1220 in
458 1199 516 1219 eam
545 1191 590 1219 illa
614 1192 748 1220 utilitatis
771 1190 990 1228 voluptatisque
1013 1191 1095 1225 laus,
1125 1190 1317 1219 nihilominus
1343 1197 1395 1225 per
1417 1197 1448 1217 se
1471 1194 1566 1224 patet,
1585 1186 1722 1215 fructuo-

195 1243 341 1272 sissimam
365 1252 429 1272 esse
452 1243 553 1272 debere
574 1244 772 1279 cognitionem
798 1243 911 1271 illorum
936 1243 1134 1278 populorum,
1167 1241 1236 1277 qui,
1266 1241 1329 1269 sive
1352 1240 1440 1274 belli,
1468 1239 1530 1269 sive
1552 1238 1630 1274 pacis
1651 1232 1721 1266 arti-

195 1292 271 1330 bus,
292 1295 366 1324 inter
390 1303 490 1324 omnes
514 1295 711 1324 eminuerunt:
740 1295 826 1330 quale
846 1301 889 1323 est
915 1294 1044 1323 omnium
1073 1292 1130 1321 fere
1157 1293 1191 1320 de
1219 1291 1448 1321 Atheniensibus
1474 1290 1636 1328 judicium3
1665 1288 1719 1324 qui

195 1352 225 1374 et
253 1352 362 1373 veteres
399 1353 497 1382 gentes
527 1353 554 1375 et
579 1346 769 1379 recentiores,
796 1346 850 1373 nisi
879 1353 971 1372 rerum
1006 1351 1146 1380 gestarum
1178 1344 1395 1379 magnitudine,
1423 1347 1451 1369 at
1475 1340 1615 1370 doctrinis
1641 1338 1720 1367 certe

190 1388 367 1431 batibusque
396 1397 525 1425 colendis
556 1396 743 1432 superavisse
776 1396 921 1424 videntur.
976 1393 1068 1431 Quod
1097 1393 1219 1421 maxime
1249 1394 1283 1422 de
1320 1391 1500 1429 temporibus
1527 1391 1585 1419 illis
1617 1390 1715 1426 valet,

188 1455 268 1483 vquae
290 1447 365 1475 inter
390 1446 536 1475 Persarum
561 1447 757 1482 expulsionem
787 1452 815 1474 et
846 1446 952 1474 bellum
983 1444 1257 1480 Peloponnesiacum
1289 1443 1491 1473 interfuerunt.
1547 1441 1621 1470 Nam
1650 1447 1713 1469 tum

193 1498 225 1527 in
256 1498 357 1534 primis
387 1499 482 1527 omnia
513 1498 561 1527 illa
588 1497 658 1526 artis
694 1497 859 1534 ingeniique
892 1502 1077 1525 monumenta
1109 1495 1301 1530 exstiterunt,
1332 1503 1456 1531 quorum
1481 1493 1561 1530 quod
1583 1497 1716 1528 superest

190 1551 277 1579 etiam
302 1558 380 1579 nunc
401 1551 593 1586 admiramur,
623 1556 651 1578 et
674 1549 784 1585 quibus
814 1548 964 1585 pulchrius
989 1547 1060 1583 quid
1085 1552 1134 1574 aut
1165 1545 1350 1575 excellentius
1376 1546 1517 1574 recentior
1546 1550 1621 1573 aetas
1650 1551 1709 1572 non

191 1602 272 1631 tulit.
322 1601 399 1630 Haec
423 1609 518 1630 autem
549 1603 578 1631 in
602 1601 682 1630 omni
706 1601 892 1630 humanitatis
922 1606 1023 1636 genere
1055 1597 1247 1634 praestantia,
1275 1605 1340 1625 cum
1363 1605 1396 1625 ex
1417 1597 1480 1625 aliis
1504 1594 1618 1630 causis,
1647 1600 1711 1622 tum

191 1661 227 1683 ex
249 1652 424 1682 Athenarum
456 1654 585 1690 potentia
615 1653 765 1688 repetenda
791 1652 915 1680 videtur.
964 1648 1109 1677 Nimirum
1140 1648 1206 1677 inde
1235 1656 1250 1676 a
1285 1656 1382 1684 pugna
1411 1646 1591 1682 Plataeensi,
1617 1645 1709 1674 donec

189 1704 390 1741 gravissimum
417 1704 488 1733 illud
521 1705 635 1740 totique
661 1703 798 1733 Graeciae
830 1700 1107 1739 perniciosissimum
1144 1699 1249 1727 bellum
1280 1689 1553 1733 Peloponnesiacum
1585 1695 1711 1731 exarsit,

189 1756 260 1785 urbs
283 1756 330 1785 illa
356 1756 573 1785 existimabatur
597 1754 733 1784 Graeciae
755 1762 861 1790 capu13
891 1753 975 1788 qu‘us
997 1752 1130 1780 civitates
1161 1758 1259 1778 omnes
1283 1749 1394 1786 quidem
1420 1742 1558 1782 opinione
1581 1754 1609 1776 et
1631 1745 1709 1784 judi·

187 1808 257 1842 cio,
280 1808 385 1836 multae
405 1815 496 1836 autem
521 1814 549 1835 re
576 1814 693 1841 quoque
715 1812 743 1834 et
771 1803 852 1833 facto
876 1804 1070 1839 principatum
1095 1801 1323 1830 Atheniensibus
1347 1800 1523 1828 detulerunt.
1570 1797 1639 1837 Quo
1663 1797 1706 1827 fa·

184 1866 267 1888 ctum
292 1865 355 1894 est,
387 1865 418 1887 ut
452 1858 595 1894 quidquid
621 1858 698 1894 apud
721 1863 849 1886 caeteros
882 1854 1010 1883 Graecos
1035 1854 1066 1883 in
1096 1853 1174 1882 omni
1207 1860 1307 1888 genere
1331 1851 1490 1887 perfectum
1517 1850 1660 1879 videretur
1679 1856 1709 1878 et

190 1910 389 1945 elaboratum,
421 1912 550 1938 Athenas
585 1916 728 1943 tamqnam
764 1908 793 1936 in
824 1907 943 1942 primam
977 1904 1114 1934 Graeciae
1145 1903 1243 1931 urbem
1275 1901 1472 1931 conferretur:
1501 1901 1542 1930 ita
1570 1907 1601 1929 ut
1627 1899 1706 1928 brevi

187 1959 338 1989 Musarum
364 1960 441 1988 fieret
463 1962 544 1989 sedes
566 1967 593 1989 et
617 1961 699 1995 quasi
724 1960 861 1990 Ἑλλάδος
881 1956 1001 1988 Ἑλλάς.
1042 1955 1257 1993 Quamobrem,
1284 1953 1420 1989 quoniam
1444 1953 1479 1982 ad
1509 1952 1610 1981 artium
1635 1951 1705 1980 dric-

187 2011 384 2047 armatumque
410 2012 521 2041 laudem
548 2012 775 2042 Atheniensibus
807 2008 1036 2044 conciliandam,
1070 2006 1228 2044 plurimum
1258 2012 1357 2035 eorum
1394 2004 1594 2043 principatus,
1622 2002 1703 2038 sive,

923 2061 952 2090 Λ
970 2066 989 2088 2
1669 2058 1705 2083 ut
