1913 2417
275 202 316 247 38
735 199 1330 252 ANNOTATIONES

273 307 396 329 versam
424 295 593 328 distributa
626 294 770 333 fuerint,
804 294 901 325 nimis
935 294 1095 327 omittant.
1156 293 1269 336 (Vide
1298 292 1461 326 Candolle.
1526 292 1669 331 leeorief
1689 294 1751 327 έῖέ-

272 354 430 386 mentaire
461 352 502 383 de
539 351 571 382 la
604 351 789 394 botanique.
860 350 952 394 1819.
977 363 1009 394 p.
1035 351 1084 384 52.
1108 363 1195 395 seqq.

319 456 388 493 (8)
433 456 468 486 P.
487 454 538 491 24·
583 454 656 484 Duo
684 457 760 483 sunt
789 451 987 483 observanda
1013 453 1046 483 in
1070 452 1356 495 conjunctionibus
1380 452 1554 484 chemicis:
1585 451 1654 491 vis,
1686 461 1751 495 qua

274 516 407 543 naturae
437 509 580 541 diversae
607 508 852 551 conjunguntur
871 531 880 545 ‚
914 519 995 551 quae
1026 516 1074 541 est
1108 509 1273 552 affinitas,
1307 515 1339 540 et
1371 509 1592 552 proportiones
1620 508 1750 552 quanti·

272 572 376 597 tatum
409 566 576 609 utriusque
608 575 690 608 quae
722 564 978 608 conjunguntur.
1043 567 1223 608 Utrumque
1261 572 1293 597 et
1330 565 1428 596 altero
1469 564 1599 596 fortasse
1644 570 1752 608 posset:

273 621 448 657 concludi,
477 623 505 654 si
537 622 727 653 alterutrum
754 627 837 653 esset
869 627 1009 660 notum;
1039 620 1094 652 sed
1127 628 1347 665 praeterquam
1371 621 1459 664 quod
1480 627 1630 652 neutrum
1657 621 1751 664 plane

274 678 445 710 inventurn
484 685 551 717 est,
594 678 628 709 id
661 678 802 722 primum
838 683 998 720 oporteret
1028 678 1183 709 constitui
1216 689 1297 721 quae
1329 678 1371 709 sit
1403 688 1554 709 mensura
1588 676 1752 708 affinitatis

275 733 444 774 habenda,
483 734 523 766 de
559 745 623 777 qua
660 735 743 766 inter
775 734 955 774 chemicos,
984 734 1042 777 qui
1076 746 1143 766 rem
1176 734 1483 772 consideraverunt,
1510 732 1604 765 'haud
1635 743 1753 776 conve-⁴

275 791 337 822 nit.
399 793 494 823 Nunc
531 798 636 822 autem
667 790 760 833 plura
790 790 830 822 de
858 792 1067 834 proportione
1100 798 1323 835 quaeruntur,
1357 792 1432 834 quia
1463 797 1495 822 et
1524 796 1602 821 sunt
1628 790 1755 833 experi-

275 847 394 878 mentis
429 847 643 884 invenienda,
681 853 712 878 et
751 845 868 878 habent·
903 847 938 878 in
972 847 1092 890 analysi
1129 848 1305 892 plurirnum
1340 848 1495 879 utilitatis.
1560 848 1609 877 En
1644 851 1753 877 autem

275 902 461 945 exemplum
499 903 577 945 legis
612 905 789 934 constantis
806 925 817 942 ‚
853 903 942 946 quod
989 905 1183 947 quantitates
1227 905 1351 937 basium
1387 904 1426 936 ad
1459 902 1629 935 saturanda
1664 900 1754 933 acida

275 961 469 1006 requisitae,
509 959 627 991 habent
673 960 756 991 inter
805 970 840 990 se
880 960 1014 991 eandem
1052 962 1233 999 rationem,
1272 961 1494 1004 qualecunque
1533 960 1575 991 sit
1613 958 1754 991 acidum.

274 1020 382 1059 Quam
417 1017 545 1048 Richter
578 1016 725 1055 invenit,
758 1015 911 1059 illamque
941 1023 1139 1049 constantem
1172 1018 1302 1061 posuit,
1331 1018 1406 1060 quia
1440 1017 1549 1048 omnia
1579 1025 1635 1047 sua
1660 1025 1755 1058 expe-

274 1075 411 1106 rimenta
443 1073 474 1105 ei
501 1072 673 1103 convenire
708 1071 841 1104 viderat.
907 1072 985 1104 Item
1019 1073 1172 1105 hactenus
1203 1075 1389 1117 conjunctio
1420 1082 1572 1116 gasorum
1602 1072 1755 1104 convenit

275 1130 324 1161 illi
353 1130 436 1173 legi,
475 1138 573 1172 quam
607 1129 677 1170 Gay
717 1129 834 1160 Lussac
867 1129 999 1168 statuit,
1032 1129 1198 1161 volumina
1227 1129 1366 1161 duorum
1396 1139 1477 1173 quae
1507 1129 1753 1171 conjunguntur

275 1196 344 1218 esse
380 1192 436 1217 aut
467 1185 576 1229 paria,
606 1190 662 1216 aut
694 1184 848 1216 volumen
877 1185 1008 1218 alterius
1032 1186 1188 1229 conjungi
1209 1196 1285 1218 cum
1310 1186 1439 1218 alterius
1463 1184 1686 1216 voluminibus
1711 1195 1752 1223 2,

278 1240 319 1281 3,
351 1243 391 1281 4,
423 1240 442 1273 5
469 1247 532 1274 etc.
596 1240 657 1273 Sed
683 1240 819 1273 chemici
844 1242 1004 1285 imprimis
1029 1243 1165 1285 cupiunt
1190 1243 1397 1286 comprobare
1423 1242 1681 1273 convenientiam
1708 1239 1753 1272 le-

276 1299 351 1341 gis,
382 1308 480 1340 quam
506 1297 708 1329 utilissimam
732 1297 794 1328 sibi
823 1307 891 1329 esse
917 1298 1111 1330 arbitrantur
1125 1323 1134 1338 ‚
1165 1310 1328 1343 quamque
1351 1298 1468 1330 Dalion
1492 1298 1620 1341 reperit.
1676 1298 1755 1328 Eam

277 1353 428 1398 exemplo
461 1353 584 1387 facilius
617 1353 827 1398 explicavero.
873 1356 970 1394 *Sunt
1001 1354 1067 1386 duo
1095 1365 1231 1398 corpora
1258 1366 1300 1387 ex
1327 1354 1481 1387 carbonio
1507 1360 1540 1386 et.
1565 1363 1753 1397 oxygeneo=

276 1417 327 1443 est
353 1417 457 1443 autem
483 1412 650 1456 proportio
671 1411 904 1444 elementorum
930 1413 965 1444 in
989 1411 1095 1455 primo
1119 1412 1168 1443 uti
1197 1410 1238 1455 75
1260 1422 1270 1443 ε
1300 1421 1360 1444 loo

931 1468 966 1499 in
997 1467 1096 1499 altero
1120 1468 1169 1498 uti
1195 1477 1235 1509 75
1261 1477 1270 1499 ε
1295 1478 1358 1500 200

276 1526 359 1555 Sunt
400 1524 545 1567 quinque
585 1535 721 1568 corpora
763 1532 804 1556 ex
840 1531 932 1556 azoto
973 1531 1006 1557 et
1047 1534 1238 1567 oxygeueo:
1267 1532 1315 1557 est
1347 1529 1452 1556 autern
1485 1522 1653 1566 proportio
1690 1519 1754 1551 ele·

276 1587 461 1612 mentorum
502 1581 537 1611 in
581 1583 610 1612 ιΟ
643 1581 690 1612 uti
727 1590 786 1624 ¹75
811 1592 819 1613 ε
848 1591 909 1613 100
1728 1575 1734 1579 ’

576 1639 609 1668 2⁰
642 1638 690 1667 uti
724 1646 783 1679 ¹75
808 1647 817 1668 ε
842 1645 904 1668 200

575 1695 609 1734 30
643 1694 689 1723 uti
724 1693 784 1736 175
809 1704 817 1724 ε
843 1693 906 1724 300

573 1751 609 1787 4⁰
641 1749 688 1779 uti
723 1758 783 1792 175
808 1759 817 1781 z
841 1751 905 1787 400

579 1807 612 1847 5ο
646 1805 693 1836 uti
730 1815 788 1849 175
815 1816 824 1837 τ
848 1817 912 1847 5υο
1223 1837 1227 1843 ,

286 1861 397 1903 Atque
432 1861 564 1904 perinde
601 1862 634 1892 in
671 1861 742 1893 aliis
776 1862 920 1902 invenit,
959 1862 1214 1906 quotiescunque
1249 1861 1359 1894 eadem
1391 1861 1546 1893 elementa
1582 1858 1655 1904 plus
1688 1868 1752 1891 unu

284 1917 491 1960 proportione
525 1920 792 1960 conjunguntur,
833 1920 859 1949 si
887 1921 1050 1961 quantitas
1076 1921 1173 1951 unius
1201 1926 1350 1952 constans
1376 1925 1538 1962 ponatur,
1569 1928 1636 1948 esse
1658 1927 1754 1960 quan-

282 1975 403 2005 titatem
436 1973 565 2006 alterius
596 1975 629 2006 iu
657 1975 779 2007 ratione
809 1986 1021 2008 numerorum
1052 1985 1064 2008 ι
1082 1999 1092 2016 ,
1114 1988 1158 2015 a,
1184 1975 1226 2016 3,
1248 1985 1270 2017 4
1291 1982 1352 2008 etc.
1407 1975 1501 2007 Lude
1528 1975 1678 2017 cogitavit
1704 1984 1755 2003 an-

1702 2039 1771 2061 non
