1913 2417
305 167 340 197 18
510 203 512 214 Ι
641 156 1480 199 P.J.UYLENBROEK

346 249 392 278 En
418 248 495 286 jam,
525 248 603 282 quod
630 246 663 274 ad
697 243 819 280 primum
853 240 1056 276 coronarium,
1086 249 1204 277 prorsus
1230 241 1303 276 alia,
1332 249 1417 277 quam
1446 250 1532 277 supra
1561 241 1706 270 iuvenisse
1727 241 1813 272 nobis

317 300 492 330 videbamur.
535 298 582 326 Sic
607 295 719 331 saepius
742 293 883 330 judicium
907 292 941 321 de
964 291 1049 320 rebus
1070 297 1171 321 temere
1193 292 1359 329 prolatum,
1384 299 1452 328 post
1474 301 1568 322 earum
1589 299 1726 322 attentam
1749 301 1820 323 con·

313 351 531 383 siderationem,
554 347 668 383 penitus
697 350 835 373 mutatur.

350 402 439 430 Nunc
464 400 594 433 tandem,
617 397 753 426 omnibus
782 395 854 424 bene
876 394 1056 431 perspectis,
1078 393 1247 423 concludere
1271 393 1357 424 nobis
1381 393 1459 423 licet.
1502 394 1541 422 Et
1560 394 1628 430 quid
1650 394 1727 422 aliud
1752 393 1816 423 inde

311 452 567 484 concluderemus,
598 447 653 477 nisi
680 448 776 483 quod,
798 446 859 475 sive
881 445 1007 474 foramen
1029 445 1067 473 sit
1087 451 1237 481 apertum,
1267 445 1330 474 sive
1351 443 1388 473 sit
1409 446 1565 481 =clausum,
1594 446 1706 481 pressio
1729 453 1817 480 aquae

311 502 342 532 in
369 501 490 538 parietes
517 501 645 529 internos
668 498 748 527 vasis
769 504 881 533 semper
902 496 941 525 sit
962 496 1068 525 eadem.
1108 495 1224 524 Etenim
1246 504 1280 524 ex
1311 495 1402 531 primo
1430 497 1584 525 corollario
1604 497 1757 525 docemur=

343 553 522 582 Pressionem
548 559 637 587 aquae
663 556 792 579 externae
816 556 927 585 semper
949 555 1013 576 esse
1042 548 1187 583 aequalem
1207 546 1352 583 pressioni
1374 555 1462 583 aquae
1487 547 1634 583 internae,
1654 549 1755 577 clauso
1775 546 1822 577 fo-

306 604 422 633 ramine.

341 656 388 685 Ex
409 655 497 684 altero
523 654 675 683 videmust

345 706 526 735 Pressionem
555 712 645 741 aquae
680 709 808 732 externae
840 709 950 738 semper
974 709 1037 730 esse
1060 701 1202 737 aequalem
1227 699 1372 737 pressioni
1397 708 1486 737 aquae
1512 700 1656 737 internae,
1684 699 1826 731 foramine

304 765 416 796 aperto.
1785 748 1790 750 ⁷

341 812 381 839 At
403 818 471 838 vero
497 816 531 837 ex
556 806 641 835 tertio
672 810 770 841 patet:

347 861 414 889 Sive
435 860 563 888 foramen
589 858 627 886 sit
653 857 799 892 clausum,
828 855 892 884 sive
914 855 952 883 sit
976 860 1122 891 apertum,
1149 852 1326 890 pressionem
1351 861 1438 889 aquae
1463 860 1604 884 externam
1629 862 1738 891 semper
1758 861 1825 885 esse

308 912 440 941 eandem:

347 963 449 999 Ergo,
477 959 635 989 secuudum
661 966 757 986 sanam
782 957 922 986 rationem
955 955 1088 993 cogimur
1116 956 1182 985 inde
1212 963 1273 984 eam
1301 955 1440 984 deducere
1471 956 1709 991 conclusionem,
1737 962 1824 992 quam

308 1022 336 1044 et
359 1015 406 1043 hic
432 1012 543 1041 tandem
569 1010 767 1046 responsionis
789 1009 855 1037 loco
876 1008 1070 1044 apponimus:

347 1064 470 1094 Parietes
498 1056 604 1090 interni
633 1061 730 1096 vasis,
758 1068 793 1088 ex
818 1058 931 1087 materia
956 1058 1080 1087 densiori
1105 1066 1189 1094 quarn
1213 1065 1288 1093 aqua
1310 1056 1456 1092 confecti,
1480 1064 1496 1084 a
1517 1057 1602 1085 latete
1624 1055 1762 1086 foramine
1781 1055 1827 1086 iu·

310 1115 472 1150 instructi,
493 1121 568 1149 aqua
593 1111 709 1149 penitus
735 1110 865 1147 impleti,
885 1109 1035 1145 eidemque
1057 1117 1179 1146 prorsus
1202 1108 1346 1144 immersi,
1367 1116 1498 1144 semper,
1516 1107 1577 1137 sive
1599 1107 1728 1136 foramen
1751 1106 1828 1137 illud

309 1168 349 1198 sit
369 1167 520 1200 clausum,
540 1163 602 1192 sive
625 1162 664 1191 sit
683 1169 836 1198 apertum,
859 1161 974 1190 eandem
1000 1160 1186 1197 experiuntur
1209 1159 1400 1197 pressionem.

348 1218 391 1245 Et
411 1218 481 1246 haec
501 1215 615 1252 quidem
636 1214 671 1242 de
699 1213 751 1242 hac
774 1212 866 1249 prima
890 1211 1061 1248 quaestione
1082 1211 1244 1241 sufficiant:
1273 1210 1302 1240 in
1338 1218 1394 1247 qua
1418 1210 1563 1240 tractanda
1588 1216 1721 1240 nostrum
1745 1207 1829 1245 sequi

319 1266 475 1298 maluimus
497 1265 665 1303 ingenium,
688 1267 773 1300 quam
797 1263 917 1292 aliorum
941 1268 1090 1292 auctorum
1114 1262 1308 1293 describentes
1329 1261 1470 1291 formulas
1495 1261 1724 1297 sententiasque,
1743 1260 1834 1297 cujus

312 1325 439 1349 ceterum
464 1316 551 1345 nobis
574 1316 658 1352 copia
679 1323 738 1344 non
770 1314 862 1343 defuit
888 1315 976 1352 (ι),
1008 1314 1059 1342 vili
1090 1314 1238 1351 indulgere
1264 1313 1466 1343 ostentationi.
1507 1312 1627 1342 beilicet
1649 1320 1709 1341 non
1732 1309 1828 1340 voluit

314 1371 363 1400 Cl.
387 1367 521 1397 Facultas
547 1366 706 1402 exscriptas
730 1364 870 1394 formulas
892 1363 948 1393 sibi
974 1364 1114 1392 decantari
1137 1364 1332 1400 obtrudique,
1354 1364 1404 1392 sed
1428 1363 1565 1400 juvenilis
1592 1371 1692 1399 operae
1713 1361 1833 1390 fructus*

314 1421 350 1450 ad
372 1419 483 1456 positas
509 1417 695 1453 quaestiones
719 1417 857 1452 accipere.
897 1415 992 1452 Quam
1015 1423 1128 1451 operam
1143 1415 1181 1444 ita
1196 1415 1370 1451 dirigendam
1389 1422 1450 1442 esse
1469 1413 1656 1449 putavimus,
1679 1419 1711 1436 ut
1729 1417 1832 1439 eorum·

315 1470 431 1508 quidem
456 1473 708 1505 argumentorum,
739 1467 846 1503 quibus
869 1465 942 1493 nihil
962 1474 978 1492 a
1002 1465 1086 1492 nobis
1110 1474 1197 1498 posse
1222 1466 1286 1489 autu
1308 1464 1497 1494 videbamus,
1518 1457 1616 1487 fontes
1634 1466 1830 1496 auctoresque-

311 1522 523 1555 indicaremus,
544 1528 615 1555 quae
643 1527 712 1547 vero
735 1526 750 1546 a
772 1522 874 1545 nostro
897 1514 1095 1550 qualicunque
1114 1511 1227 1550 judicio
1251 1511 1336 1540 nobis
1371 1509 1684 1545 subministrabantur,
1711 1509 1748 1539 iis
1771 1510 1827 1548 igi-

316 1579 362 1602 tur
387 1572 502 1610 copiis,
523 1579 584 1602 non
609 1570 727 1605 alienis,
747 1568 797 1597 sed
817 1565 946 1602 nostris,
965 1563 1184 1602 responsionem
1209 1563 1419 1593 instrueremus
1439 1569 1473 1590 ac
1503 1560 1724 1598 compleremus.

344 1683 395 1711 (n
414 1683 467 1707 Vld.
489 1682 629 1709 Brancoem,
648 1681 723 1707 'ruite
739 1672 812 1707 ntem.
832 1682 861 1704 de
879 1679 971 1704 Mecan.
996 1684 1012 1706 4
1024 1677 1079 1702 edin
1103 1678 1183 1703 1..ss1.
1204 1676 1248 1701 ch.
1261 1677 1281 1700 1.
1301 1674 1322 1704 §-
1335 1680 1358 1700 ι.
1378 1680 1403 1705 2.
1419 1679 1462 1704 592
1477 1679 1526 1702 sag

1760 2029 1832 2062 CA-
