1913 2417
332 153 610 186 RESPONSIO
637 161 690 186 AD
720 153 1092 193 QUAESTIONEM
1118 154 1447 190 LITERARIAM.
1627 165 1650 194 ⁸}

427 479 801 518 CAPUT
901 480 1366 519 PRIMUM.

508 612 558 635 DE
586 613 875 635 ctv1TAT113US
903 613 1046 635 SOCIIS
1075 613 1262 636 LIBERIS.

131 719 238 782 Socii
257 748 497 783 Atheniensium,
527 749 661 784 quamdiu
689 749 846 777 libertatem
869 755 918 777 aut
942 748 1081 778 libertatis
1105 750 1227 786 speciem
1252 748 1408 777 retInebant
1423 768 1434 783 ,
1461 750 1641 780 vocabantur

132 803 296 837 αὐτόνομοι,
316 801 345 829 id
364 808 428 835 est,
446 801 575 838 propriis
595 800 722 837 legibus,
750 800 795 829 vel
819 800 918 835 potius
946 801 1014 838 (1)
1034 802 1153 839 proprio
1174 802 1332 837 regimine,
1351 806 1472 828 utentes.

173 852 243 887 Quo
274 857 402 886 tempore
430 850 621 878 Athenienses
654 850 829 878 Graecorum
862 850 991 878 societati
1030 851 1292 886 praeficiebantur,
1323 858 1421 878 omnes
1456 851 1529 879 socii
1562 851 1644 880 liberi

130 908 224 931 erant.
261 902 363 930 Iisdem
398 901 473 929 enim
507 900 728 929 conditionibus
745 901 890 935 ἡγεμονίαν
911 908 1094 936 acceperant,
1124 901 1231 937 quibus
1261 908 1320 928 eam
1348 900 1532 930 obtinuerant
1553 899 1642 930 Lace-

132 952 294 987 daemonii3
316 951 388 987 qui,
409 959 581 987 quamquam
607 951 776 980 Pausanias
791 951 896 986 aliique
911 951 1010 979 socios
1031 952 1172 980 interdum
1195 953 1349 986 venrant,
1371 957 1462 980 tamen
1487 961 1641 989 numquam

133 1003 217 1040 ipsos
249 1008 283 1030 ut
309 1001 445 1029 subditos
479 1007 679 1030 tractaverant.
719 1002 860 1030 Praeterea
879 1008 968 1037 quum
999 1002 1138 1030 libertatis
1167 1009 1272 1030 nomen
1296 1002 1327 1029 in
1351 1001 1478 1030 omnium
1504 1011 1552 1030 ore
1581 1012 1643 1032 ver-

132 1060 264 1088 saretur,
296 1058 324 1080 et
349 1052 410 1087 ipsa
438 1052 703 1081 societas·iniretur
729 1053 895 1088 bellumque
926 1058 1082 1088 gereretur,
1112 1059 1145 1081 ut
1170 1061 1184 1080 a
1207 1053 1356 1081 Persarum
1386 1052 1457 1089 jugo
1489 1051 1593 1082 Graeci
1607 1054 1642 1083 li-

129 1104 316 1138 berarentur‚
348 1102 375 1131 si
395 1111 479 1132 suum
509 1104 609 1140 Jugum
639 1103 828 1132 Athenienses
867 1102 988 1131 Graecis
1019 1102 1164 1139 imponere
1187 1102 1368 1137 voluissent,
1397 1103 1482 1139 quis,
1513 1113 1641 1142 quaeso,

132 1155 277 1187 tulisset?
305 1154 467 1190 praesertim
498 1162 587 1190 quum
620 1154 747 1182 nondum
778 1155 848 1182 satis
877 1154 982 1189 opibus
1012 1154 1156 1188 valerent,
1190 1160 1222 1182 ut
1251 1162 1300 1182 eos
1330 1153 1438 1183 invitos
1467 1157 1641 1187 coercerent.

127 1206 221 1245 Quod
244 1211 338 1234 autem
365 1205 404 1232 rei
429 1212 529 1233 natura
554 1206 653 1240 docet,
682 1205 754 1233 idem
781 1205 951 1241 gravissimo
977 1204 1149 1241 Thucydidis
1174 1205 1342 1234 testimonio
1358 1203 1563 1241 confirmatur,
1590 1207 1642 1243 qui

126 1259 151 1286 l.
171 1258 192 1287 1.
214 1265 241 1286 e.
258 1265 304 1293 97.
334 1256 375 1284 ita
400 1256 537 1292 scripsit:
564 1255 722 1289 Ἡγοιίμενοι
751 1257 781 1287 δὲ
816 1256 1003 1293 (Ἀθηνσιῖοι)
1035 1256 1188 1292 αὐτονόμων
1217 1260 1351 1294 τοπρῶτον
1382 1257 1560 1295 ξυμμάχων,
1590 1259 1642 1290 καὶ

126 1308 184 1339 ὶπὸ
206 1311 294 1338 κοινῶν
315 1308 427 1342 ξυνόδων
455 1308 654 1342 βουλευόντων,
678 1313 733 1335 etc.

161 1359 332 1393 Antequam
355 1363 448 1385 autem
473 1361 524 1387 τῶν
547 1358 698 1392 αὐτονόμων
720 1364 786 1385 cum
807 1357 1033 1387 Atheniensibus
1048 1358 1289 1387 necessitudinem
1313 1358 1454 1394 explicare
1474 1367 1632 1397 conemur,

125 1408 236 1438 'liberos
265 1408 364 1435 socios
390 1414 600 1436 enumeremus.
642 1407 740 1443 Quum
776 1408 824 1435 illa
850 1409 1014 1444 expeditio,
1044 1408 1075 1436 in
1110 1416 1165 1444 qua
1192 1408 1426 1438 Lacedaemoniis
1457 1410 1640 1447 principatus

125 1459 258 1488 ademtus
284 1463 348 1492 est,
375 1456 514 1485 maritima
537 1463 636 1491 esset,
665 1457 870 1486 maritimarum
902 1464 1013 1486 tantum
1045 1458 1159 1487 urbium
1189 1459 1290 1495 copiae
1319 1460 1452 1495 aderant,
1481 1469 1540 1490 non
1571 1470 1639 1491 vero

126 1517 244 1545 earum,
271 1516 343 1544 quae
374 1509 476 1544 procul
502 1516 517 1536 a
539 1508 637 1537 littore
666 1507 736 1536 sitae
761 1515 858 1543 erant3
887 1516 1060 1544 quamquam
1089 1509 1144 1538 hoc
1171 1509 1296 1539 fortasse
1331 1519 1390 1538 non
1423 1512 1496 1540 valet
1519 1512 1553 1541 de
1576 1513 1640 1543 Pla-

125 1560 311 1594 taeensibus‚
334 1567 458 1594 quorum
480 1565 556 1587 certe
580 1564 646 1587 ante
663 1554 788 1595 pugnam
817 1559 999 1588 Salaminiam
1028 1566 1106 1588 tanta
1131 1559 1222 1588 fuerat
1247 1559 1401 1596 alacritas,
1431 1568 1463 1590 ut
1492 1571 1579 1593 naves
1601 1565 1637 1593 ab

128 1610 358 1640 Atheniensibus
384 1616 530 1646 peterent,
549 1617 610 1644 quo
633 1610 715 1638 etiam
740 1610 796 1646 ipsi
820 1610 983 1639 communis
998 1610 1116 1645 periculi
1130 1611 1286 1647 participes
1302 1610 1400 1641 fierent
1424 1612 1503 1649 (2).
1544 1614 1638 1652 Quid.

126 1662 200 1698 quid
225 1667 319 1689 autem
342 1661 431 1698 hujus
457 1661 496 1688 rei
524 1660 581 1695 sit,
610 1661 714 1695 procul
737 1660 826 1690 dubio
846 1661 877 1689 in
902 1661 1047 1689 sociorum
1074 1669 1222 1690 numerum
1248 1662 1384 1690 referendi
1407 1670 1496 1699 sunt;
1529 1665 1564 1693 ab
1588 1674 1640 1694 an-

124 1711 301 1750 tiquissimis
319 1711 394 1741 enim
421 1711 602 1748 temporibus
628 1711 798 1741 tradiderant
828 1719 860 1741 se
892 1711 1119 1741 Atheniensibus
1150 1720 1259 1749 eosque
1287 1712 1318 1742 in
1341 1713 1425 1743 bellis
1447 1715 1562 1751 saepius
1588 1717 1639 1747 ad.

1591 1776 1639 1806 lu·

153 1853 206 1882 (ι)
226 1853 282 1875 Nam
297 1850 315 1872 si
329 1857 376 1874 vox
391 1846 530 1879 αὖα-ἄνομος
544 1857 588 1874 non
605 1851 649 1875 nisi
674 1853 703 1875 nd
721 1848 778 1880 iuris
799 1853 875 1878 civilis
897 1857 961 1878 usum
984 1854 1107 1882 referatur,
1122 1853 1169 1877 vim
1184 1851 1232 1882 τῆς
1258 1848 1414 1882 αὗτονομΐκς
1437 1860 1482 1878 non
1502 1856 1555 1878 satis
1576 1857 1636 1880 Indi-

122 1897 199 1922 ambit,-
215 1900 328 1923 praetere·
342 1901 483 1922 consequens
496 1895 555 1923 erit,
570 1901 593 1917 ut
607 1898 712 1920 omnibus
729 1894 847 1925 ὑπηκόοις
868 1901 929 1926 leges
949 1906 998 1922 suas
1014 1903 1063 1922 esse
1084 1900 1185 1922 ademi-s
1210 1897 1329 1922 dictinum
1352 1899 1412 1924 quod
1433 1903 1476 1919 nee
1496 1900 1590 1922 truditur
1605 1901 1634 1922 ab

122 1940 172 1960 uuo
185 1937 295 1962 scripture
310 1941 333 1957 et
345 1934 445 1958 inutilem
459 1942 526 1964 nepe
540 1936 629 1958 duritiei
643 1939 743 1965 speciem
758 1939 884 1961 habuisset:
901 1941 1046 1968 quamobrem
1062 1939 1201 1967 probabilius
1213 1944 1248 1962 est
1269 1938 1411 1962 subditorum
1428 1939 1490 1965 leges
1512 1940 1535 1963 in
1548 1944 1634 1965 tantum

120 1978 191 2000 fuine
205 1974 299 1998 munins
308 1992 315 2002 ‚
329 1974 354 1997 ‘ln
368 1981 474 2003 quantum
488 1978 516 2000 ad
530 1979 670 2002 coercendos
682 1986 723 2002 toa
738 1986 759 2002 et
773 1981 934 2010 opprimendos
947 1981 1033 2010 requiri
1046 1980 1173 2004 videbatur·

145 2016 200 2046 (a)
219 2017 302 2040 Herod.
320 2017 380 2040 Vlll.
403 2024 423 2040 c.
441 2024 461 2041 r.
