1913 2417
320 217 361 239 ao
701 204 727 234 J.
822 200 896 234 nri
991 198 1396 238 GEEDEM

316 291 449 323 testibus
469 290 688 334 triumphavit.
736 290 782 322 Ita
807 289 863 319 lux
886 287 1031 318 tenebras
1061 286 1197 330 fugavit!
1235 288 1277 318 ita
1306 286 1499 329 experientia
1535 285 1665 324 docuit,
1697 288 1786 319 Gem'

317 349 483 389 metriam,
504 358 600 390 quam
631 347 755 389 antiqui
783 345 883 385 magis
914 343 1138 374 delectationes
1168 355 1264 386 quam
1303 344 1447 374 utilitatis
1475 354 1568 374 causa
1599 343 1787 383 coluerunt,

316 413 423 435 veram
447 404 486 435 ad
512 410 644 434 naturae
671 412 783 433 arcana
805 399 949 430 adeunda
976 400 1063 430 viam*
1087 411 1169 438 esse,
1195 406 1362 442 totumque
1384 400 1529 441 proxime
1555 399 1784 442 praterlapsum

315 459 475 490 saeculum
503 460 664 491 veritatem
693 457 917 489 Newtonianae
949 455 987 486 de
1019 455 1133 486 mundi
1163 462 1330 497 systemate
1357 455 1519 487 doctrinae
1543 463 1637 499 atque
1665 456 1784 486 utilita-

313 521 376 546 tem
404 515 462 547 hac
495 514 648 546 methodo
673 512 920 557 philosophandi
943 511 1168 543 confirmavit!
1196 512 1261 553 jam
1285 519 1378 542 etiam
1403 513 1443 542 ab
1466 512 1673 542 emendatiori
1701 514 1786 543 Geo-

311 572 423 602 metria
450 571 484 601 in
509 570 660 601 omnibus
686 568 829 612 partibus
853 569 892 600 de
920 574 1050 599 naturae
1075 567 1219 599 doctrina
1252 575 1433 598 constanter
1458 568 1599 599 adhibita
1615 592 1623 606 ,
1656 579 1785 611 persua·

310 637 382 657 sum
419 626 514 657 nobis
542 621 714 665 habemus,
745 632 782 657 ut
811 635 1030 663 EULERUS,
1074 634 1376 659 LAGRANsstUS,
1408 635 1681 661 LAPLACtus‚
1715 625 1784 655 alii—

309 692 372 723 que
408 681 641 724 probaverunt,
664 682 790 721 omnia,
820 692 902 724 qnae
930 681 1003 711 rudi
1032 681 1203 712 hominum
1240 680 1390 722 opinioni
1416 691 1448 710 in
1481 687 1593 711 natura
1620 692 1636 711 a
1666 681 1785 723 regulis

306 737 511 770 abhorrentia
532 739 739 776 videbantur,
763 749 830 769 non
863 737 926 768 nisi
957 737 1115 779 optimum
1143 736 1307 774 ordinem,
1332 737 1570 779 maximamque
1596 737 1630 768 in
1648 747 1684 768 ea
1706 738 1784 769 sim·

306 792 478 835 plicitatem
501 806 579 827 esse.
624 798 699 827 Tam
721 794 840 837 insigni
858 793 1024 836 triumpho
1041 794 1221 824 Geometria
1240 799 1321 823 artes
1343 802 1471 829 omneS‚
1494 803 1575 834 quae
1599 804 1705 824 rerum
1724 805 1782 836 pu-

305 847 460 881 blicarum
481 859 534 882 aut
550 851 767 882 delectationis
783 861 877 881 causa
901 855 976 880 sunt
1001 850 1171 887 inventae,
1193 849 1227 879 in
1255 859 1345 880 suam
1367 847 1620 879 domin-ationem
1650 848 1781 891 redegit.

349 907 396 936 At
419 918 494 938 vero
518 910 644 951 ineptus
663 907 792 950 quidam
819 917 985 949 vanusque
1004 906 1169 937 cavillator
1181 907 1290 948 jocose
1318 906 1497 947 rogaverit:
1518 906 1622 944 Quam
1652 905 1694 936 ob
1711 916 1781 938 rem

305 964 449 1005 corporis
474 965 636 1006 animique
653 964 735 994 vires
762 962 896 1005 fatigas?
918 962 1005 1002 Quid
1033 962 1074 993 ab
1094 962 1264 993 hominum
1289 962 1454 993 consortio
1480 968 1510 992 te
1533 961 1681 999 abducis,
1705 972 1781 1004 geo.

305 1019 452 1050 metricas
476 1021 595 1062 figuras
619 1020 873 1062 algebraicasque
900 1017 1053 1049 formulas
1087 1018 1153 1049 dies
1181 1025 1355 1061 noctesque
1379 1017 1669 1064 contemplaturus,
1695 1029 1777 1060 quae

303 1088 409 1120 neque
439 1077 473 1107 in
501 1083 612 1106 natura
637 1082 792 1114 einstunt,
824 1085 928 1117 neque
954 1074 1029 1105 ullis
1061 1074 1156 1105 rebus
1182 1075 1345 1117 prosunt?
1389 1076 1431 1106 At
1461 1074 1580 1110 scisne,
1606 1081 1658 1112 tu·‚
1682 1074 1780 1106 horno

303 1131 447 1177 garrule!
470 1133 548 1174 qui,
572 1131 659 1174 quod
688 1142 754 1162 non
777 1131 918 1168 novisti,
941 1129 1036 1161 stulte
1063 1129 1278 1165 condemnas,
1301 1136 1332 1160 et
1348 1140 1430 1171 quae
1459 1140 1476 1160 a
1511 1137 1541 1160 te
1570 1130 1689 1172 percipi
1711 1141 1778 1163 nou

302 1195 456 1233 possunt,
480 1188 615 1230 superbe
640 1187 790 1228 spernis?
835 1189 943 1216 Scisne
968 1192 1023 1224 tu,
1056 1197 1153 1229 quam
1181 1185 1339 1216 uberrimi-
1360 1185 1658 1217 Mathematicorum
1691 1187 1778 1218 labo.

302 1256 376 1276 rum
401 1244 522 1276 fructus
544 1243 684 1274 fuerint?
718 1241 797 1285 Age!
832 1242 950 1284 Arrige
976 1253 1083 1279 aures,
1106 1240 1242 1285 quaeso!
1274 1243 1428 1283 Exiguam
1453 1241 1539 1272 illam
1564 1244 1777 1283 terrestrium,

304 1301 415 1345 quales
446 1300 524 1332 olim
565 1300 801 1334 credebantur,
841 1300 1051 1330 terminorum
1086 1299 1234 1330 notitiam
1270 1297 1521 1337 destruxerunt-;
1551 1299 1644 1329 nobis
1677 1306 1780 1341 partes

303 1363 460 1388 terrarum
496 1357 608 1393 orbis,
643 1363 734 1387 autea
768 1355 860 1398 plane
897 1355 1047 1397 ignotas,
1080 1354 1326 1393 indicaverunt3
1360 1361 1460 1385 terrac
1489 1354 1778 1387 circumfer-entiam

302 1413 510 1456 ejusdemque
544 1413 679 1455 figuram
714 1423 810 1455 quam
848 1412 1081 1442 accuratissime
1112 1412 1252 1443 demensi
1286 1417 1383 1448 sunt3
1413 1413 1535 1453 tibique
1566 1414 1705 1444 rationes
1727 1423 1776 1444 re·

300 1470 455 1513 gulasque
479 1471 709 1513 praebuerunt,
738 1468 840 1505 uude,
869 1467 1034 1510 fragilibus
1067 1467 1146 1498 adeo
1180 1469 1335 1510 navigiis,
1366 1478 1422 1510 per
1456 1478 1649 1499 immensum
1688 1479 1777 1500 ocea-

301 1537 381 1556 num
407 1526 571 1563 incedere,
590 1534 764 1568 gentesque
783 1535 819 1555 ac
840 1525 979 1567 regionis
1009 1524 1234 1555 remotissimus
1255 1535 1464 1566 cognoscere,
1493 1536 1611 1567 perque
1636 1532 1705 1555 tuas
1719 1535 1776 1556 ex·

302 1581 496 1624 plorationes
526 1583 686 1624 ingentem
724 1580 908 1611 divitiarum
937 1581 1080 1622 copiam,
1107 1591 1146 1610 ex
1182 1581 1304 1610 oriente
1331 1587 1365 1611 et
1389 1579 1569 1617 occidente,
1598 1581 1773 1623 ceterisque

302 1639 572 1668 terrarum'orbis
595 1637 757 1680 partibus,
786 1637 958 1678 consequi,
990 1636 1150 1673 planetas,
1184 1636 1266 1666 Sulis
1295 1636 1508 1667 dominationi
1547 1637 1581 1665 in
1608 1643 1772 1668 aeternum

300 1693 494 1728 submissas,
517 1703 591 1724 cum
617 1702 697 1724 terra
726 1703 926 1735 comparare,
948 1693 1027 1735 qnid
1053 1692 1180 1723 dicam?
1210 1703 1262 1723 eas
1287 1695 1385 1723 etiam
1408 1702 1538 1734 pensare
1563 1693 1672 1733 possis.
1721 1698 1773 1725 tn·

304 1749 514 1780 nurneiabilia
541 1760 712 1792 corporum
738 1756 905 1791 systemata
929 1755 1054 1779 nostrae
1087 1749 1287 1791 planetarum
1309 1748 1530 1779 constitutioni
1551 1748 1666 1778 similia
1693 1758 1770 1781 sunt

301 1804 437 1842 detoeia;
461 1805 536 1836 hinc
563 1806 663 1836 multa
690 1804 889 1836 firmamenta
910 1805 942 1835 iu
968 1805 1125 1835 immenso
1153 1806 1256 1847 spatio
1279 1805 1434 1842 existere,
1456 1803 1631 1834 emendatis
1654 1806 1768 1846 opticis

301 1860 544 1899 iii-truiueutis,
568 1862 661 1892 nobis
688 1872 871 1904 persuasum
898 1861 1070 1897 habemus3
1109 1860 1141 1891 hi
1169 1861 1461 1891 Mattiemaitcomm
1484 1859 1607 1890 labores
1629 1863 1769 1902 sputium

300 1918 486 1947 universim»
516 1918 614 1959 magis
642 1919 803 1960 magisque
828 1923 994 1947 extensum
1024 1924 1119 1957 atque
1153 1916 1356 1947 indefinitum
1393 1926 1459 1946 esse
1489 1915 1765 1955 demonstr-aruum

302 1972 360 2013 hi,
394 1984 474 2015 quae
509 1979 621 2003 natura
656 1974 690 2005 iu
717 1972 940 2005 occultissimis
969 1984 1036 2005 suis
1068 1973 1224 2013 latebiis,
1255 1970 1433 2004 secuudum
1472 1971 1672 2003 inviolabiles
1702 1972 1764 2003 sibi

1679 2037 1770 2071 prae·
