<?xml version="1.0" encoding="UTF-8"?>
<!DOCTYPE html PUBLIC "-//W3C//DTD XHTML 1.0 Transitional//EN"
    "http://www.w3.org/TR/xhtml1/DTD/xhtml1-transitional.dtd">
<html xmlns="http://www.w3.org/1999/xhtml" xml:lang="en" lang="en">
 <head>
  <title>
</title>
<meta http-equiv="Content-Type" content="text/html;charset=utf-8" />
  <meta name='ocr-system' content='tesseract 3.04.00' />
  <meta name='ocr-capabilities' content='ocr_page ocr_carea ocr_par ocr_line ocrx_word'/>
</head>
<body>
  <div class='ocr_page' id='page_1' title='image "annalesacademiae19rijk_0678.png"; bbox 0 0 1913 2417; ppageno 0'>
   <div class='ocr_carea' id='block_1_1' title="bbox 238 210 1385 253">
    <p class='ocr_par' dir='ltr' id='par_1_1' title="bbox 238 210 1385 253">
     <span class='ocr_line' id='line_1_1' title="bbox 238 210 1385 253; baseline 0.005 -13"><span class='ocrx_word' id='word_1_1' title='bbox 238 211 278 252; x_wconf 74' lang='lat'><strong>⁶4</strong></span> <span class='ocrx_word' id='word_1_2' title='bbox 611 215 640 253; x_wconf 84' lang='lat' dir='ltr'><strong>J.</strong></span> <span class='ocrx_word' id='word_1_3' title='bbox 717 210 1385 246; x_wconf 76' lang='lat' dir='ltr'>R.THOR13ECKE</span> 
     </span>
    </p>
   </div>
   <div class='ocr_carea' id='block_1_2' title="bbox 243 296 1768 1984">
    <p class='ocr_par' dir='ltr' id='par_1_2' title="bbox 243 296 1754 439">
     <span class='ocr_line' id='line_1_2' title="bbox 243 296 1750 339; baseline 0.005 -15"><span class='ocrx_word' id='word_1_4' title='bbox 243 296 334 332; x_wconf 74' lang='lat' dir='ltr'><strong>Atqui</strong></span> <span class='ocrx_word' id='word_1_5' title='bbox 355 297 401 326; x_wconf 87' lang='lat' dir='ltr'><strong>hic</strong></span> <span class='ocrx_word' id='word_1_6' title='bbox 427 305 530 327; x_wconf 85' lang='lat' dir='ltr'><strong>sensus</strong></span> <span class='ocrx_word' id='word_1_7' title='bbox 562 296 681 326; x_wconf 84' lang='lat' dir='ltr'><strong>rationis</strong></span> <span class='ocrx_word' id='word_1_8' title='bbox 706 305 828 333; x_wconf 82' lang='lat' dir='ltr'><strong>expers,</strong></span> <span class='ocrx_word' id='word_1_9' title='bbox 857 296 1021 331; x_wconf 82' lang='lat' dir='ltr'><strong>veritatem,</strong></span> <span class='ocrx_word' id='word_1_10' title='bbox 1052 304 1083 325; x_wconf 87' lang='lat' dir='ltr'><strong>ut</strong></span> <span class='ocrx_word' id='word_1_11' title='bbox 1107 298 1330 328; x_wconf 85' lang='lat' dir='ltr'><strong>demonstratum</strong></span> <span class='ocrx_word' id='word_1_12' title='bbox 1361 299 1436 335; x_wconf 89' lang='lat' dir='ltr'><strong>fuit,</strong></span> <span class='ocrx_word' id='word_1_13' title='bbox 1466 300 1577 337; x_wconf 88' lang='lat' dir='ltr'><strong>perdit;</strong></span> <span class='ocrx_word' id='word_1_14' title='bbox 1608 301 1696 339; x_wconf 81' lang='lat' dir='ltr'><strong>igitur</strong></span> <span class='ocrx_word' id='word_1_15' title='bbox 1715 310 1750 332; x_wconf 83' lang='lat' dir='ltr'><strong>ne</strong></span> 
     </span>
     <span class='ocr_line' id='line_1_3' title="bbox 245 348 1754 390; baseline 0.004 -13"><span class='ocrx_word' id='word_1_16' title='bbox 245 350 319 377; x_wconf 81' lang='lat' dir='ltr'><strong>ratio</strong></span> <span class='ocrx_word' id='word_1_17' title='bbox 346 351 460 385; x_wconf 89' lang='lat' dir='ltr'><strong>quidem</strong></span> <span class='ocrx_word' id='word_1_18' title='bbox 489 349 636 388; x_wconf 84' lang='lat' dir='ltr'><strong>judicandi</strong></span> <span class='ocrx_word' id='word_1_19' title='bbox 667 349 844 385; x_wconf 82' lang='lat' dir='ltr'><strong>provinciam</strong></span> <span class='ocrx_word' id='word_1_20' title='bbox 872 348 1000 377; x_wconf 87' lang='lat' dir='ltr'><strong>obtinere</strong></span> <span class='ocrx_word' id='word_1_21' title='bbox 1028 349 1145 384; x_wconf 84' lang='lat' dir='ltr'><strong>poterit.</strong></span> <span class='ocrx_word' id='word_1_22' title='bbox 1187 352 1229 379; x_wconf 89' lang='lat' dir='ltr'><strong>lta</strong></span> <span class='ocrx_word' id='word_1_23' title='bbox 1254 359 1305 380; x_wconf 89' lang='lat' dir='ltr'><strong>nec</strong></span> <span class='ocrx_word' id='word_1_24' title='bbox 1331 358 1451 387; x_wconf 87' lang='lat' dir='ltr'><strong>sensus,</strong></span> <span class='ocrx_word' id='word_1_25' title='bbox 1481 360 1533 382; x_wconf 91' lang='lat' dir='ltr'><strong>nec</strong></span> <span class='ocrx_word' id='word_1_26' title='bbox 1557 354 1649 390; x_wconf 87' lang='lat' dir='ltr'><strong>ratio,</strong></span> <span class='ocrx_word' id='word_1_27' title='bbox 1672 355 1754 383; x_wconf 86' lang='lat' dir='ltr'><strong>crite·-</strong></span> 
     </span>
     <span class='ocr_line' id='line_1_4' title="bbox 243 400 1403 439; baseline 0.002 -11"><span class='ocrx_word' id='word_1_28' title='bbox 243 400 317 429; x_wconf 88' lang='lat' dir='ltr'><strong>rium</strong></span> <span class='ocrx_word' id='word_1_29' title='bbox 342 409 425 430; x_wconf 88' lang='lat' dir='ltr'><strong>erunt</strong></span> <span class='ocrx_word' id='word_1_30' title='bbox 446 402 523 439; x_wconf 81' lang='lat'>(1).</span> <span class='ocrx_word' id='word_1_31' title='bbox 1400 410 1403 412; x_wconf 85' lang='grc'><em>·</em></span> 
     </span>
    </p>

    <p class='ocr_par' dir='ltr' id='par_1_3' title="bbox 249 451 1760 591">
     <span class='ocr_line' id='line_1_5' title="bbox 285 451 1757 492; baseline 0.003 -11"><span class='ocrx_word' id='word_1_32' title='bbox 285 452 318 481; x_wconf 90' lang='lat' dir='ltr'><strong>In</strong></span> <span class='ocrx_word' id='word_1_33' title='bbox 342 454 393 481; x_wconf 90' lang='lat' dir='ltr'><strong>hac</strong></span> <span class='ocrx_word' id='word_1_34' title='bbox 419 453 612 489; x_wconf 82' lang='lat' dir='ltr'><strong>descriptione</strong></span> <span class='ocrx_word' id='word_1_35' title='bbox 633 452 716 482; x_wconf 87' lang='lat' dir='ltr'><strong>facile</strong></span> <span class='ocrx_word' id='word_1_36' title='bbox 741 452 808 488; x_wconf 90' lang='lat' dir='ltr'><strong>quis</strong></span> <span class='ocrx_word' id='word_1_37' title='bbox 834 452 1002 481; x_wconf 82' lang='lat' dir='ltr'><strong>lineamenta</strong></span> <span class='ocrx_word' id='word_1_38' title='bbox 1035 451 1278 489; x_wconf 88' lang='lat' dir='ltr'><strong>fundamentaque</strong></span> <span class='ocrx_word' id='word_1_39' title='bbox 1300 454 1474 490; x_wconf 85' lang='lat' dir='ltr'><strong>perspiciat,</strong></span> <span class='ocrx_word' id='word_1_40' title='bbox 1502 455 1637 492; x_wconf 75' lang='lat' dir='ltr'>copiosae</span> <span class='ocrx_word' id='word_1_41' title='bbox 1656 462 1757 487; x_wconf 76' lang='lat' dir='ltr'><strong>contra</strong></span> 
     </span>
     <span class='ocr_line' id='line_1_6' title="bbox 249 503 1760 540; baseline 0.003 -8"><span class='ocrx_word' id='word_1_42' title='bbox 249 504 343 532; x_wconf 88' lang='lat' dir='ltr'><strong>omnis</strong></span> <span class='ocrx_word' id='word_1_43' title='bbox 375 504 551 540; x_wconf 85' lang='lat' dir='ltr'><strong>cognitionis</strong></span> <span class='ocrx_word' id='word_1_44' title='bbox 575 504 658 532; x_wconf 87' lang='lat' dir='ltr'><strong>fidem</strong></span> <span class='ocrx_word' id='word_1_45' title='bbox 687 503 911 540; x_wconf 84' lang='lat' dir='ltr'><strong>disputationis:</strong></span> <span class='ocrx_word' id='word_1_46' title='bbox 943 511 1016 539; x_wconf 87' lang='lat' dir='ltr'><strong>quae</strong></span> <span class='ocrx_word' id='word_1_47' title='bbox 1042 505 1190 540; x_wconf 84' lang='lat' dir='ltr'><strong>quomodo</strong></span> <span class='ocrx_word' id='word_1_48' title='bbox 1212 513 1247 534; x_wconf 86' lang='lat' dir='ltr'><strong>ex</strong></span> <span class='ocrx_word' id='word_1_49' title='bbox 1269 506 1402 535; x_wconf 67' lang='lat' dir='ltr'><strong>indicans</strong></span> <span class='ocrx_word' id='word_1_50' title='bbox 1430 507 1503 536; x_wconf 90' lang='lat' dir='ltr'><strong>locis</strong></span> <span class='ocrx_word' id='word_1_51' title='bbox 1530 513 1558 536; x_wconf 92' lang='lat' dir='ltr'><strong>et</strong></span> <span class='ocrx_word' id='word_1_52' title='bbox 1580 507 1660 537; x_wconf 87' lang='lat' dir='ltr'><strong>velut</strong></span> <span class='ocrx_word' id='word_1_53' title='bbox 1683 507 1760 537; x_wconf 83' lang='lat' dir='ltr'><strong>sedi-</strong></span> 
     </span>
     <span class='ocr_line' id='line_1_7' title="bbox 251 553 997 591; baseline 0.003 -9"><span class='ocrx_word' id='word_1_54' title='bbox 251 553 305 582; x_wconf 86' lang='lat' dir='ltr'><strong>bus</strong></span> <span class='ocrx_word' id='word_1_55' title='bbox 331 555 397 583; x_wconf 92' lang='lat' dir='ltr'><strong>duci</strong></span> <span class='ocrx_word' id='word_1_56' title='bbox 416 556 532 591; x_wconf 79' lang='lat' dir='ltr'><strong>possit,</strong></span> <span class='ocrx_word' id='word_1_57' title='bbox 561 556 711 591; x_wconf 84' lang='lat' dir='ltr'><strong>praecipue</strong></span> <span class='ocrx_word' id='word_1_58' title='bbox 734 555 834 584; x_wconf 82' lang='lat' dir='ltr'><strong>Cicero</strong></span> <span class='ocrx_word' id='word_1_59' title='bbox 861 555 997 584; x_wconf 87' lang='lat' dir='ltr'><strong>ostendit.</strong></span> 
     </span>
    </p>

    <p class='ocr_par' dir='ltr' id='par_1_4' title="bbox 248 606 1768 1984">
     <span class='ocr_line' id='line_1_8' title="bbox 290 606 1755 646; baseline 0.004 -13"><span class='ocrx_word' id='word_1_60' title='bbox 290 606 344 633; x_wconf 90' lang='lat' dir='ltr'><strong>Sed</strong></span> <span class='ocrx_word' id='word_1_61' title='bbox 368 606 502 635; x_wconf 87' lang='lat' dir='ltr'><strong>admonet</strong></span> <span class='ocrx_word' id='word_1_62' title='bbox 524 606 570 635; x_wconf 88' lang='lat' dir='ltr'><strong>hic</strong></span> <span class='ocrx_word' id='word_1_63' title='bbox 594 607 697 643; x_wconf 82' lang='lat' dir='ltr'><strong>locus,</strong></span> <span class='ocrx_word' id='word_1_64' title='bbox 722 613 755 635; x_wconf 91' lang='lat' dir='ltr'><strong>ut</strong></span> <span class='ocrx_word' id='word_1_65' title='bbox 780 614 814 634; x_wconf 85' lang='lat' dir='ltr'><strong>ex</strong></span> <span class='ocrx_word' id='word_1_66' title='bbox 837 607 989 642; x_wconf 85' lang='lat' dir='ltr'><strong>proposita</strong></span> <span class='ocrx_word' id='word_1_67' title='bbox 1014 607 1176 637; x_wconf 75' lang='lat' dir='ltr'><strong>Carneadis</strong></span> <span class='ocrx_word' id='word_1_68' title='bbox 1192 609 1437 645; x_wconf 80' lang='lat' dir='ltr'><strong>argumentatione</strong></span> <span class='ocrx_word' id='word_1_69' title='bbox 1455 610 1660 645; x_wconf 85' lang='lat' dir='ltr'><strong>ostendamus,</strong></span> <span class='ocrx_word' id='word_1_70' title='bbox 1682 617 1755 646; x_wconf 85' lang='lat' dir='ltr'><strong>quae</strong></span> 
     </span>
     <span class='ocr_line' id='line_1_9' title="bbox 249 659 1760 696; baseline 0.002 -10"><span class='ocrx_word' id='word_1_71' title='bbox 249 659 288 687; x_wconf 88' lang='lat' dir='ltr'><strong>sit</strong></span> <span class='ocrx_word' id='word_1_72' title='bbox 309 659 482 689; x_wconf 67' lang='lat' dir='ltr'><strong>Platonicae</strong></span> <span class='ocrx_word' id='word_1_73' title='bbox 504 661 651 689; x_wconf 85' lang='lat' dir='ltr'><strong>doctrinae</strong></span> <span class='ocrx_word' id='word_1_74' title='bbox 675 669 740 689; x_wconf 86' lang='lat' dir='ltr'><strong>cum</strong></span> <span class='ocrx_word' id='word_1_75' title='bbox 765 660 1000 690; x_wconf 86' lang='lat' dir='ltr'><strong>Academicorum</strong></span> <span class='ocrx_word' id='word_1_76' title='bbox 1030 660 1222 696; x_wconf 89' lang='lat' dir='ltr'><strong>Scepticismo</strong></span> <span class='ocrx_word' id='word_1_77' title='bbox 1246 659 1386 696; x_wconf 86' lang='lat' dir='ltr'><strong>affinitas,</strong></span> <span class='ocrx_word' id='word_1_78' title='bbox 1407 666 1435 688; x_wconf 91' lang='lat' dir='ltr'><strong>et</strong></span> <span class='ocrx_word' id='word_1_79' title='bbox 1461 669 1544 696; x_wconf 85' lang='lat' dir='ltr'><strong>quam</strong></span> <span class='ocrx_word' id='word_1_80' title='bbox 1567 660 1646 689; x_wconf 83' lang='lat' dir='ltr'><strong>facili</strong></span> <span class='ocrx_word' id='word_1_81' title='bbox 1670 667 1760 690; x_wconf 89' lang='lat' dir='ltr'><strong>cursu</strong></span> 
     </span>
     <span class='ocr_line' id='line_1_10' title="bbox 249 710 1758 741; baseline 0.001 -3"><span class='ocrx_word' id='word_1_82' title='bbox 249 710 418 740; x_wconf 88' lang='lat' dir='ltr'><strong>Platonicus</strong></span> <span class='ocrx_word' id='word_1_83' title='bbox 441 713 476 741; x_wconf 83' lang='lat' dir='ltr'><strong>ad</strong></span> <span class='ocrx_word' id='word_1_84' title='bbox 498 711 647 741; x_wconf 87' lang='lat' dir='ltr'><strong>dubitandi</strong></span> <span class='ocrx_word' id='word_1_85' title='bbox 672 712 814 740; x_wconf 85' lang='lat' dir='ltr'><strong>licentiam</strong></span> <span class='ocrx_word' id='word_1_86' title='bbox 841 711 998 740; x_wconf 84' lang='lat' dir='ltr'><strong>delabatur.</strong></span> <span class='ocrx_word' id='word_1_87' title='bbox 1048 711 1162 740; x_wconf 81' lang='lat' dir='ltr'><strong>Etenim</strong></span> <span class='ocrx_word' id='word_1_88' title='bbox 1191 710 1346 739; x_wconf 83' lang='lat' dir='ltr'><strong>abduxerat</strong></span> <span class='ocrx_word' id='word_1_89' title='bbox 1369 711 1455 739; x_wconf 76' lang='lat' dir='ltr'><strong>Plato</strong></span> <span class='ocrx_word' id='word_1_90' title='bbox 1484 712 1630 740; x_wconf 88' lang='lat' dir='ltr'><strong>veritatem</strong></span> <span class='ocrx_word' id='word_1_91' title='bbox 1657 719 1673 740; x_wconf 91' lang='lat' dir='ltr'><strong>a</strong></span> <span class='ocrx_word' id='word_1_92' title='bbox 1693 719 1758 740; x_wconf 88' lang='lat' dir='ltr'><strong>sen-</strong></span> 
     </span>
     <span class='ocr_line' id='line_1_11' title="bbox 248 761 1762 799; baseline 0.001 -10"><span class='ocrx_word' id='word_1_93' title='bbox 248 761 351 798; x_wconf 83' lang='lat' dir='ltr'><strong>sibus,</strong></span> <span class='ocrx_word' id='word_1_94' title='bbox 379 770 532 799; x_wconf 85' lang='lat' dir='ltr'><strong>sumtaque</strong></span> <span class='ocrx_word' id='word_1_95' title='bbox 554 770 646 792; x_wconf 87' lang='lat' dir='ltr'><strong>certae</strong></span> <span class='ocrx_word' id='word_1_96' title='bbox 669 763 845 799; x_wconf 86' lang='lat' dir='ltr'><strong>stabilisque</strong></span> <span class='ocrx_word' id='word_1_97' title='bbox 868 763 1004 792; x_wconf 86' lang='lat' dir='ltr'><strong>scientiae</strong></span> <span class='ocrx_word' id='word_1_98' title='bbox 1032 761 1220 796; x_wconf 78' lang='lat' dir='ltr'><strong>necessitate,</strong></span> <span class='ocrx_word' id='word_1_99' title='bbox 1242 762 1337 798; x_wconf 83' lang='lat' dir='ltr'><strong>ideas,</strong></span> <span class='ocrx_word' id='word_1_100' title='bbox 1370 762 1390 791; x_wconf 92' lang='lat' dir='ltr'><strong>i.</strong></span> <span class='ocrx_word' id='word_1_101' title='bbox 1411 770 1436 790; x_wconf 85' lang='lat' dir='ltr'><strong>e.</strong></span> <span class='ocrx_word' id='word_1_102' title='bbox 1457 763 1591 792; x_wconf 87' lang='lat' dir='ltr'><strong>notiones</strong></span> <span class='ocrx_word' id='word_1_103' title='bbox 1614 761 1762 791; x_wconf 80' lang='lat' dir='ltr'><strong>universa-</strong></span> 
     </span>
     <span class='ocr_line' id='line_1_12' title="bbox 250 812 1762 852; baseline 0 -10"><span class='ocrx_word' id='word_1_104' title='bbox 250 815 313 850; x_wconf 79' lang='lat' dir='ltr'><strong>les,</strong></span> <span class='ocrx_word' id='word_1_105' title='bbox 336 813 513 849; x_wconf 82' lang='lat' dir='ltr'><strong>introduxit,</strong></span> <span class='ocrx_word' id='word_1_106' title='bbox 545 815 652 849; x_wconf 90' lang='lat' dir='ltr'><strong>quibus</strong></span> <span class='ocrx_word' id='word_1_107' title='bbox 678 814 858 852; x_wconf 88' lang='lat' dir='ltr'><strong>cognitionis</strong></span> <span class='ocrx_word' id='word_1_108' title='bbox 876 813 1015 850; x_wconf 88' lang='lat' dir='ltr'><strong>praesidia</strong></span> <span class='ocrx_word' id='word_1_109' title='bbox 1037 814 1233 842; x_wconf 85' lang='lat' dir='ltr'><strong>continentur.</strong></span> <span class='ocrx_word' id='word_1_110' title='bbox 1282 813 1348 841; x_wconf 89' lang='lat' dir='ltr'><strong>Hoc</strong></span> <span class='ocrx_word' id='word_1_111' title='bbox 1369 813 1458 849; x_wconf 84' lang='lat' dir='ltr'><strong>igitur</strong></span> <span class='ocrx_word' id='word_1_112' title='bbox 1481 813 1567 842; x_wconf 90' lang='lat' dir='ltr'><strong>modo</strong></span> <span class='ocrx_word' id='word_1_113' title='bbox 1590 812 1708 841; x_wconf 81' lang='lat' dir='ltr'><strong>veritate</strong></span> <span class='ocrx_word' id='word_1_114' title='bbox 1731 813 1762 842; x_wconf 85' lang='lat' dir='ltr'><strong>in</strong></span> 
     </span>
     <span class='ocr_line' id='line_1_13' title="bbox 251 863 1762 900; baseline 0.001 -8"><span class='ocrx_word' id='word_1_115' title='bbox 251 865 371 894; x_wconf 86' lang='lat' dir='ltr'><strong>rationis</strong></span> <span class='ocrx_word' id='word_1_116' title='bbox 402 865 562 893; x_wconf 81' lang='lat' dir='ltr'><strong>custodiam</strong></span> <span class='ocrx_word' id='word_1_117' title='bbox 589 866 709 900; x_wconf 78' lang='lat' dir='ltr'><strong>tradita,</strong></span> <span class='ocrx_word' id='word_1_118' title='bbox 738 874 803 894; x_wconf 90' lang='lat' dir='ltr'><strong>cum</strong></span> <span class='ocrx_word' id='word_1_119' title='bbox 827 865 975 894; x_wconf 85' lang='lat' dir='ltr'><strong>scientiam</strong></span> <span class='ocrx_word' id='word_1_120' title='bbox 1001 864 1163 893; x_wconf 84' lang='lat' dir='ltr'><strong>restituisse</strong></span> <span class='ocrx_word' id='word_1_121' title='bbox 1196 872 1227 892; x_wconf 90' lang='lat' dir='ltr'><strong>se</strong></span> <span class='ocrx_word' id='word_1_122' title='bbox 1251 869 1365 899; x_wconf 80' lang='lat' dir='ltr'><strong>putaret</strong></span> <span class='ocrx_word' id='word_1_123' title='bbox 1397 872 1429 892; x_wconf 86' lang='lat' dir='ltr'><strong>ac</strong></span> <span class='ocrx_word' id='word_1_124' title='bbox 1458 871 1603 898; x_wconf 85' lang='lat' dir='ltr'><strong>servasse,</strong></span> <span class='ocrx_word' id='word_1_125' title='bbox 1634 863 1762 893; x_wconf 80' lang='lat' dir='ltr'><strong>animad-</strong></span> 
     </span>
     <span class='ocr_line' id='line_1_14' title="bbox 252 914 1759 951; baseline 0 -9"><span class='ocrx_word' id='word_1_126' title='bbox 252 922 359 943; x_wconf 86' lang='lat' dir='ltr'><strong>vertere</strong></span> <span class='ocrx_word' id='word_1_127' title='bbox 391 916 556 951; x_wconf 82' lang='lat' dir='ltr'><strong>debuisset,</strong></span> <span class='ocrx_word' id='word_1_128' title='bbox 597 916 748 944; x_wconf 87' lang='lat' dir='ltr'><strong>humanam</strong></span> <span class='ocrx_word' id='word_1_129' title='bbox 774 916 910 944; x_wconf 89' lang='lat' dir='ltr'><strong>rationem</strong></span> <span class='ocrx_word' id='word_1_130' title='bbox 937 924 952 943; x_wconf 89' lang='lat' dir='ltr'><strong>e</strong></span> <span class='ocrx_word' id='word_1_131' title='bbox 975 923 1112 944; x_wconf 85' lang='lat' dir='ltr'><strong>sensuum</strong></span> <span class='ocrx_word' id='word_1_132' title='bbox 1135 923 1246 943; x_wconf 84' lang='lat' dir='ltr'><strong>carcere</strong></span> <span class='ocrx_word' id='word_1_133' title='bbox 1267 921 1295 943; x_wconf 92' lang='lat' dir='ltr'><strong>et</strong></span> <span class='ocrx_word' id='word_1_134' title='bbox 1317 914 1454 943; x_wconf 86' lang='lat' dir='ltr'><strong>claustris</strong></span> <span class='ocrx_word' id='word_1_135' title='bbox 1480 914 1544 943; x_wconf 91' lang='lat' dir='ltr'><strong>tolli</strong></span> <span class='ocrx_word' id='word_1_136' title='bbox 1567 922 1626 943; x_wconf 86' lang='lat' dir='ltr'><strong>non</strong></span> <span class='ocrx_word' id='word_1_137' title='bbox 1648 921 1759 949; x_wconf 82' lang='lat' dir='ltr'><strong>posse,</strong></span> 
     </span>
     <span class='ocr_line' id='line_1_15' title="bbox 253 965 1761 1003; baseline -0.001 -8"><span class='ocrx_word' id='word_1_138' title='bbox 253 967 375 1003; x_wconf 77' lang='lat' dir='ltr'><strong>ejusque</strong></span> <span class='ocrx_word' id='word_1_139' title='bbox 389 968 459 995; x_wconf 90' lang='lat' dir='ltr'><strong>adeo</strong></span> <span class='ocrx_word' id='word_1_140' title='bbox 482 966 631 1002; x_wconf 87' lang='lat' dir='ltr'><strong>imperium</strong></span> <span class='ocrx_word' id='word_1_141' title='bbox 655 966 844 1002; x_wconf 83' lang='lat' dir='ltr'><strong>experientiae</strong></span> <span class='ocrx_word' id='word_1_142' title='bbox 865 966 996 994; x_wconf 88' lang='lat' dir='ltr'><strong>terminis</strong></span> <span class='ocrx_word' id='word_1_143' title='bbox 1016 965 1166 994; x_wconf 86' lang='lat' dir='ltr'><strong>coarctari.</strong></span> <span class='ocrx_word' id='word_1_144' title='bbox 1208 965 1369 994; x_wconf 90' lang='lat' dir='ltr'><strong>Notionum</strong></span> <span class='ocrx_word' id='word_1_145' title='bbox 1388 965 1462 994; x_wconf 88' lang='lat' dir='ltr'><strong>enim</strong></span> <span class='ocrx_word' id='word_1_146' title='bbox 1481 965 1685 994; x_wconf 78' lang='lat' dir='ltr'><strong>universalium</strong></span> <span class='ocrx_word' id='word_1_147' title='bbox 1703 973 1761 997; x_wconf 79' lang='lat' dir='ltr'><strong>ma-</strong></span> 
     </span>
     <span class='ocr_line' id='line_1_16' title="bbox 256 1015 1760 1051; baseline 0.001 -7"><span class='ocrx_word' id='word_1_148' title='bbox 256 1017 352 1045; x_wconf 86' lang='lat' dir='ltr'><strong>teriem</strong></span> <span class='ocrx_word' id='word_1_149' title='bbox 378 1017 463 1045; x_wconf 88' lang='lat' dir='ltr'><strong>unice</strong></span> <span class='ocrx_word' id='word_1_150' title='bbox 488 1017 592 1045; x_wconf 89' lang='lat' dir='ltr'><strong>hauriri</strong></span> <span class='ocrx_word' id='word_1_151' title='bbox 614 1025 648 1045; x_wconf 89' lang='lat' dir='ltr'><strong>ex</strong></span> <span class='ocrx_word' id='word_1_152' title='bbox 673 1016 828 1050; x_wconf 85' lang='lat' dir='ltr'><strong>sensibus,</strong></span> <span class='ocrx_word' id='word_1_153' title='bbox 859 1024 945 1051; x_wconf 89' lang='lat' dir='ltr'><strong>quam</strong></span> <span class='ocrx_word' id='word_1_154' title='bbox 969 1017 1044 1044; x_wconf 83' lang='lat' dir='ltr'><strong>ratio</strong></span> <span class='ocrx_word' id='word_1_155' title='bbox 1067 1016 1207 1043; x_wconf 88' lang='lat' dir='ltr'><strong>materiem</strong></span> <span class='ocrx_word' id='word_1_156' title='bbox 1231 1015 1334 1043; x_wconf 86' lang='lat' dir='ltr'><strong>formet</strong></span> <span class='ocrx_word' id='word_1_157' title='bbox 1358 1021 1386 1044; x_wconf 85' lang='lat' dir='ltr'><strong>et</strong></span> <span class='ocrx_word' id='word_1_158' title='bbox 1408 1015 1553 1044; x_wconf 82' lang='lat' dir='ltr'><strong>elaboret:</strong></span> <span class='ocrx_word' id='word_1_159' title='bbox 1581 1015 1670 1051; x_wconf 88' lang='lat' dir='ltr'><strong>igitur</strong></span> <span class='ocrx_word' id='word_1_160' title='bbox 1686 1015 1760 1045; x_wconf 85' lang='lat' dir='ltr'><strong>idea-</strong></span> 
     </span>
     <span class='ocr_line' id='line_1_17' title="bbox 252 1065 1764 1103; baseline 0.001 -8"><span class='ocrx_word' id='word_1_161' title='bbox 252 1076 315 1096; x_wconf 89' lang='lat' dir='ltr'><strong>rum</strong></span> <span class='ocrx_word' id='word_1_162' title='bbox 335 1068 532 1096; x_wconf 81' lang='lat' dir='ltr'><strong>auctoritatem</strong></span> <span class='ocrx_word' id='word_1_163' title='bbox 553 1076 612 1096; x_wconf 90' lang='lat' dir='ltr'><strong>non</strong></span> <span class='ocrx_word' id='word_1_164' title='bbox 635 1076 697 1097; x_wconf 86' lang='lat' dir='ltr'><strong>esse</strong></span> <span class='ocrx_word' id='word_1_165' title='bbox 719 1077 820 1103; x_wconf 76' lang='lat' dir='ltr'><strong>suam,</strong></span> <span class='ocrx_word' id='word_1_166' title='bbox 843 1073 870 1095; x_wconf 87' lang='lat' dir='ltr'><strong>et</strong></span> <span class='ocrx_word' id='word_1_167' title='bbox 896 1067 930 1094; x_wconf 81' lang='lat' dir='ltr'><strong>ab</strong></span> <span class='ocrx_word' id='word_1_168' title='bbox 957 1065 1144 1101; x_wconf 86' lang='lat' dir='ltr'><strong>experientiae</strong></span> <span class='ocrx_word' id='word_1_169' title='bbox 1165 1065 1371 1095; x_wconf 85' lang='lat' dir='ltr'><strong>commixtione</strong></span> <span class='ocrx_word' id='word_1_170' title='bbox 1395 1073 1513 1101; x_wconf 85' lang='lat' dir='ltr'><strong>puram;</strong></span> <span class='ocrx_word' id='word_1_171' title='bbox 1535 1073 1634 1094; x_wconf 88' lang='lat' dir='ltr'><strong>verum</strong></span> <span class='ocrx_word' id='word_1_172' title='bbox 1657 1066 1764 1096; x_wconf 72' lang='lat' dir='ltr'><strong>utrius-z</strong></span> 
     </span>
     <span class='ocr_line' id='line_1_18' title="bbox 250 1116 1763 1155; baseline -0.001 -8"><span class='ocrx_word' id='word_1_173' title='bbox 250 1127 307 1154; x_wconf 87' lang='lat' dir='ltr'><strong>que</strong></span> <span class='ocrx_word' id='word_1_174' title='bbox 338 1127 396 1146; x_wconf 87' lang='lat' dir='ltr'><strong>eam</strong></span> <span class='ocrx_word' id='word_1_175' title='bbox 420 1127 483 1147; x_wconf 89' lang='lat' dir='ltr'><strong>esse</strong></span> <span class='ocrx_word' id='word_1_176' title='bbox 507 1119 759 1155; x_wconf 84' lang='lat' dir='ltr'><strong>conjunctionem,</strong></span> <span class='ocrx_word' id='word_1_177' title='bbox 781 1126 814 1146; x_wconf 87' lang='lat' dir='ltr'><strong>ut</strong></span> <span class='ocrx_word' id='word_1_178' title='bbox 837 1117 888 1153; x_wconf 88' lang='lat' dir='ltr'><strong>qui</strong></span> <span class='ocrx_word' id='word_1_179' title='bbox 915 1123 1050 1144; x_wconf 86' lang='lat' dir='ltr'><strong>sensuum</strong></span> <span class='ocrx_word' id='word_1_180' title='bbox 1074 1116 1156 1145; x_wconf 83' lang='lat' dir='ltr'><strong>fidem</strong></span> <span class='ocrx_word' id='word_1_181' title='bbox 1183 1122 1368 1152; x_wconf 84' lang='lat' dir='ltr'><strong>aspernetur,</strong></span> <span class='ocrx_word' id='word_1_182' title='bbox 1394 1116 1536 1145; x_wconf 88' lang='lat' dir='ltr'><strong>continuo</strong></span> <span class='ocrx_word' id='word_1_183' title='bbox 1568 1116 1689 1146; x_wconf 87' lang='lat' dir='ltr'><strong>rationis</strong></span> <span class='ocrx_word' id='word_1_184' title='bbox 1720 1117 1763 1146; x_wconf 89' lang='lat' dir='ltr'><strong>di-</strong></span> 
     </span>
     <span class='ocr_line' id='line_1_19' title="bbox 253 1167 1762 1207; baseline -0.001 -9"><span class='ocrx_word' id='word_1_185' title='bbox 253 1170 389 1207; x_wconf 85' lang='lat' dir='ltr'><strong>gnitatem</strong></span> <span class='ocrx_word' id='word_1_186' title='bbox 413 1169 577 1198; x_wconf 86' lang='lat' dir='ltr'><strong>labefactet.</strong></span> <span class='ocrx_word' id='word_1_187' title='bbox 626 1170 671 1198; x_wconf 81' lang='lat' dir='ltr'><strong>Ex</strong></span> <span class='ocrx_word' id='word_1_188' title='bbox 693 1170 744 1198; x_wconf 86' lang='lat' dir='ltr'><strong>hac</strong></span> <span class='ocrx_word' id='word_1_189' title='bbox 771 1169 934 1197; x_wconf 84' lang='lat' dir='ltr'><strong>Platonicae</strong></span> <span class='ocrx_word' id='word_1_190' title='bbox 957 1167 1103 1196; x_wconf 82' lang='lat' dir='ltr'><strong>doctrinae</strong></span> <span class='ocrx_word' id='word_1_191' title='bbox 1120 1167 1283 1197; x_wconf 83' lang='lat' dir='ltr'><strong>infirmitate</strong></span> <span class='ocrx_word' id='word_1_192' title='bbox 1309 1167 1415 1203; x_wconf 86' lang='lat' dir='ltr'><strong>duplex</strong></span> <span class='ocrx_word' id='word_1_193' title='bbox 1430 1167 1484 1196; x_wconf 86' lang='lat' dir='ltr'><strong>iter</strong></span> <span class='ocrx_word' id='word_1_194' title='bbox 1505 1167 1618 1202; x_wconf 85' lang='lat' dir='ltr'><strong>patebat</strong></span> <span class='ocrx_word' id='word_1_195' title='bbox 1634 1167 1669 1196; x_wconf 88' lang='lat' dir='ltr'><strong>ad</strong></span> <span class='ocrx_word' id='word_1_196' title='bbox 1695 1168 1762 1196; x_wconf 89' lang='lat' dir='ltr'><strong>Sce-</strong></span> 
     </span>
     <span class='ocr_line' id='line_1_20' title="bbox 249 1218 1766 1258; baseline -0.001 -9"><span class='ocrx_word' id='word_1_197' title='bbox 249 1221 431 1258; x_wconf 89' lang='lat' dir='ltr'><strong>pticismum.</strong></span> <span class='ocrx_word' id='word_1_198' title='bbox 481 1220 626 1258; x_wconf 88' lang='lat' dir='ltr'><strong>Quoniam</strong></span> <span class='ocrx_word' id='word_1_199' title='bbox 654 1229 755 1256; x_wconf 91' lang='lat' dir='ltr'><strong>nempe</strong></span> <span class='ocrx_word' id='word_1_200' title='bbox 787 1220 922 1249; x_wconf 87' lang='lat' dir='ltr'><strong>scientiae</strong></span> <span class='ocrx_word' id='word_1_201' title='bbox 951 1218 1072 1247; x_wconf 88' lang='lat' dir='ltr'><strong>firmitas</strong></span> <span class='ocrx_word' id='word_1_202' title='bbox 1098 1227 1152 1248; x_wconf 87' lang='lat' dir='ltr'><strong>una</strong></span> <span class='ocrx_word' id='word_1_203' title='bbox 1177 1218 1333 1255; x_wconf 83' lang='lat' dir='ltr'><strong>hypothesi</strong></span> <span class='ocrx_word' id='word_1_204' title='bbox 1361 1218 1521 1253; x_wconf 84' lang='lat' dir='ltr'><strong>nitebatur,</strong></span> <span class='ocrx_word' id='word_1_205' title='bbox 1547 1218 1694 1247; x_wconf 78' lang='lat' dir='ltr'><strong>scientiam</strong></span> <span class='ocrx_word' id='word_1_206' title='bbox 1715 1227 1766 1253; x_wconf 80' lang='lat' dir='ltr'><strong>ne·</strong></span> 
     </span>
     <span class='ocr_line' id='line_1_21' title="bbox 249 1269 1766 1308; baseline -0.002 -7"><span class='ocrx_word' id='word_1_207' title='bbox 249 1273 400 1302; x_wconf 86' lang='lat' dir='ltr'><strong>cessariam</strong></span> <span class='ocrx_word' id='word_1_208' title='bbox 420 1279 501 1306; x_wconf 89' lang='lat' dir='ltr'><strong>esse,</strong></span> <span class='ocrx_word' id='word_1_209' title='bbox 523 1271 574 1307; x_wconf 92' lang='lat' dir='ltr'><strong>qui</strong></span> <span class='ocrx_word' id='word_1_210' title='bbox 600 1271 671 1300; x_wconf 83' lang='lat' dir='ltr'><strong>hanc</strong></span> <span class='ocrx_word' id='word_1_211' title='bbox 698 1271 875 1308; x_wconf 85' lang='lat' dir='ltr'><strong>hypothesin</strong></span> <span class='ocrx_word' id='word_1_212' title='bbox 900 1270 1097 1306; x_wconf 75' lang='lat' dir='ltr'><strong>relinquebat,</strong></span> <span class='ocrx_word' id='word_1_213' title='bbox 1119 1271 1181 1300; x_wconf 87' lang='lat' dir='ltr'><strong>sive</strong></span> <span class='ocrx_word' id='word_1_214' title='bbox 1200 1271 1280 1306; x_wconf 86' lang='lat' dir='ltr'><strong>quod</strong></span> <span class='ocrx_word' id='word_1_215' title='bbox 1300 1279 1360 1299; x_wconf 88' lang='lat' dir='ltr'><strong>eam</strong></span> <span class='ocrx_word' id='word_1_216' title='bbox 1383 1278 1415 1299; x_wconf 92' lang='lat' dir='ltr'><strong>se</strong></span> <span class='ocrx_word' id='word_1_217' title='bbox 1437 1270 1510 1298; x_wconf 85' lang='lat' dir='ltr'><strong>tueri</strong></span> <span class='ocrx_word' id='word_1_218' title='bbox 1534 1277 1592 1298; x_wconf 90' lang='lat' dir='ltr'><strong>non</strong></span> <span class='ocrx_word' id='word_1_219' title='bbox 1613 1277 1702 1306; x_wconf 79' lang='lat' dir='ltr'><strong>posse</strong></span> <span class='ocrx_word' id='word_1_220' title='bbox 1722 1269 1766 1299; x_wconf 87' lang='lat' dir='ltr'><strong>vi-</strong></span> 
     </span>
     <span class='ocr_line' id='line_1_22' title="bbox 249 1321 1765 1359; baseline 0 -8"><span class='ocrx_word' id='word_1_221' title='bbox 249 1324 346 1358; x_wconf 76' lang='lat' dir='ltr'><strong>deret,</strong></span> <span class='ocrx_word' id='word_1_222' title='bbox 368 1323 429 1351; x_wconf 83' lang='lat' dir='ltr'><strong>sive</strong></span> <span class='ocrx_word' id='word_1_223' title='bbox 454 1323 534 1358; x_wconf 89' lang='lat' dir='ltr'><strong>quod</strong></span> <span class='ocrx_word' id='word_1_224' title='bbox 557 1323 734 1359; x_wconf 82' lang='lat' dir='ltr'><strong>cognitionis</strong></span> <span class='ocrx_word' id='word_1_225' title='bbox 761 1323 942 1352; x_wconf 85' lang='lat' dir='ltr'><strong>existentiam</strong></span> <span class='ocrx_word' id='word_1_226' title='bbox 967 1331 1027 1352; x_wconf 92' lang='lat' dir='ltr'><strong>non</strong></span> <span class='ocrx_word' id='word_1_227' title='bbox 1050 1323 1148 1351; x_wconf 90' lang='lat' dir='ltr'><strong>eodem</strong></span> <span class='ocrx_word' id='word_1_228' title='bbox 1171 1322 1257 1351; x_wconf 88' lang='lat' dir='ltr'><strong>modo</strong></span> <span class='ocrx_word' id='word_1_229' title='bbox 1283 1321 1470 1351; x_wconf 87' lang='lat' dir='ltr'><strong>necessariam</strong></span> <span class='ocrx_word' id='word_1_230' title='bbox 1493 1327 1624 1358; x_wconf 87' lang='lat' dir='ltr'><strong>putaret,</strong></span> <span class='ocrx_word' id='word_1_231' title='bbox 1654 1327 1686 1350; x_wconf 92' lang='lat' dir='ltr'><strong>ut</strong></span> <span class='ocrx_word' id='word_1_232' title='bbox 1705 1328 1765 1351; x_wconf 87' lang='lat' dir='ltr'><strong>eam</strong></span> 
     </span>
     <span class='ocr_line' id='line_1_23' title="bbox 248 1372 1765 1409; baseline -0.001 -6"><span class='ocrx_word' id='word_1_233' title='bbox 248 1375 312 1403; x_wconf 82' lang='lat' dir='ltr'><strong>sine</strong></span> <span class='ocrx_word' id='word_1_234' title='bbox 337 1374 479 1402; x_wconf 89' lang='lat' dir='ltr'><strong>rationum</strong></span> <span class='ocrx_word' id='word_1_235' title='bbox 504 1373 646 1409; x_wconf 87' lang='lat' dir='ltr'><strong>praesidio</strong></span> <span class='ocrx_word' id='word_1_236' title='bbox 667 1380 812 1408; x_wconf 88' lang='lat' dir='ltr'><strong>sumeret,</strong></span> <span class='ocrx_word' id='word_1_237' title='bbox 841 1373 866 1401; x_wconf 90' lang='lat' dir='ltr'><strong>is</strong></span> <span class='ocrx_word' id='word_1_238' title='bbox 889 1383 924 1403; x_wconf 83' lang='lat' dir='ltr'><strong>ex</strong></span> <span class='ocrx_word' id='word_1_239' title='bbox 947 1374 1082 1403; x_wconf 86' lang='lat' dir='ltr'><strong>scientiae</strong></span> <span class='ocrx_word' id='word_1_240' title='bbox 1106 1374 1262 1403; x_wconf 85' lang='lat' dir='ltr'><strong>stabilitate</strong></span> <span class='ocrx_word' id='word_1_241' title='bbox 1285 1374 1382 1402; x_wconf 82' lang='lat' dir='ltr'><strong>statim</strong></span> <span class='ocrx_word' id='word_1_242' title='bbox 1404 1373 1503 1400; x_wconf 88' lang='lat' dir='ltr'><strong>ruebat</strong></span> <span class='ocrx_word' id='word_1_243' title='bbox 1528 1372 1558 1401; x_wconf 89' lang='lat' dir='ltr'><strong>in</strong></span> <span class='ocrx_word' id='word_1_244' title='bbox 1583 1372 1690 1400; x_wconf 86' lang='lat' dir='ltr'><strong>medios</strong></span> <span class='ocrx_word' id='word_1_245' title='bbox 1711 1372 1765 1401; x_wconf 85' lang='lat' dir='ltr'><strong>du-</strong></span> 
     </span>
     <span class='ocr_line' id='line_1_24' title="bbox 249 1422 1765 1461; baseline -0.001 -8"><span class='ocrx_word' id='word_1_246' title='bbox 249 1425 360 1453; x_wconf 89' lang='lat' dir='ltr'><strong>bitandi</strong></span> <span class='ocrx_word' id='word_1_247' title='bbox 384 1424 501 1454; x_wconf 83' lang='lat' dir='ltr'><strong>fluctus.</strong></span> <span class='ocrx_word' id='word_1_248' title='bbox 542 1424 668 1452; x_wconf 81' lang='lat' dir='ltr'><strong>Alteram</strong></span> <span class='ocrx_word' id='word_1_249' title='bbox 696 1432 711 1452; x_wconf 88' lang='lat' dir='ltr'><strong>a</strong></span> <span class='ocrx_word' id='word_1_250' title='bbox 736 1424 870 1453; x_wconf 79' lang='lat' dir='ltr'><strong>Platonis</strong></span> <span class='ocrx_word' id='word_1_251' title='bbox 892 1425 1047 1461; x_wconf 86' lang='lat' dir='ltr'><strong>disciplina</strong></span> <span class='ocrx_word' id='word_1_252' title='bbox 1071 1426 1105 1454; x_wconf 90' lang='lat' dir='ltr'><strong>ad</strong></span> <span class='ocrx_word' id='word_1_253' title='bbox 1130 1425 1352 1461; x_wconf 87' lang='lat' dir='ltr'><strong>Scepticismum</strong></span> <span class='ocrx_word' id='word_1_254' title='bbox 1379 1422 1576 1460; x_wconf 88' lang='lat' dir='ltr'><strong>progrediendi</strong></span> <span class='ocrx_word' id='word_1_255' title='bbox 1598 1422 1672 1451; x_wconf 81' lang='lat' dir='ltr'><strong>viam</strong></span> <span class='ocrx_word' id='word_1_256' title='bbox 1691 1422 1765 1452; x_wconf 55' lang='lat' dir='ltr'><strong>Cana</strong></span> 
     </span>
     <span class='ocr_line' id='line_1_25' title="bbox 249 1474 1764 1513; baseline -0.001 -9"><span class='ocrx_word' id='word_1_257' title='bbox 249 1475 351 1504; x_wconf 70' lang='grc' dir='ltr'><strong>πιαᾱες</strong></span> <span class='ocrx_word' id='word_1_258' title='bbox 377 1474 474 1504; x_wconf 87' lang='lat' dir='ltr'><strong>inivit.</strong></span> <span class='ocrx_word' id='word_1_259' title='bbox 524 1474 580 1502; x_wconf 89' lang='lat' dir='ltr'><strong>Hic</strong></span> <span class='ocrx_word' id='word_1_260' title='bbox 599 1475 693 1509; x_wconf 89' lang='lat' dir='ltr'><strong>enim,</strong></span> <span class='ocrx_word' id='word_1_261' title='bbox 723 1481 794 1503; x_wconf 83' lang='lat' dir='ltr'><strong>teste</strong></span> <span class='ocrx_word' id='word_1_262' title='bbox 815 1483 867 1512; x_wconf 90' lang='lat' dir='ltr'><strong>ea,</strong></span> <span class='ocrx_word' id='word_1_263' title='bbox 900 1484 985 1512; x_wconf 87' lang='lat' dir='ltr'><strong>quam</strong></span> <span class='ocrx_word' id='word_1_264' title='bbox 1020 1477 1250 1513; x_wconf 77' lang='lat' dir='ltr'><strong>explicavimus,</strong></span> <span class='ocrx_word' id='word_1_265' title='bbox 1277 1475 1494 1513; x_wconf 82' lang='lat' dir='ltr'><strong>disputatione,</strong></span> <span class='ocrx_word' id='word_1_266' title='bbox 1522 1474 1596 1504; x_wconf 87' lang='lat' dir='ltr'><strong>vidit</strong></span> <span class='ocrx_word' id='word_1_267' title='bbox 1627 1475 1764 1504; x_wconf 84' lang='lat' dir='ltr'><strong>rationem</strong></span> 
     </span>
     <span class='ocr_line' id='line_1_26' title="bbox 251 1525 1768 1563; baseline -0.002 -6"><span class='ocrx_word' id='word_1_268' title='bbox 251 1528 290 1557; x_wconf 86' lang='lat' dir='ltr'><strong>ita</strong></span> <span class='ocrx_word' id='word_1_269' title='bbox 320 1527 467 1557; x_wconf 85' lang='lat' dir='ltr'><strong>cohaerere</strong></span> <span class='ocrx_word' id='word_1_270' title='bbox 510 1535 574 1555; x_wconf 87' lang='lat' dir='ltr'><strong>cum</strong></span> <span class='ocrx_word' id='word_1_271' title='bbox 606 1526 758 1563; x_wconf 81' lang='lat' dir='ltr'><strong>sensibus,</strong></span> <span class='ocrx_word' id='word_1_272' title='bbox 787 1534 819 1556; x_wconf 92' lang='lat' dir='ltr'><strong>ut</strong></span> <span class='ocrx_word' id='word_1_273' title='bbox 850 1527 876 1556; x_wconf 89' lang='lat' dir='ltr'><strong>si</strong></span> <span class='ocrx_word' id='word_1_274' title='bbox 906 1528 1010 1557; x_wconf 87' lang='lat' dir='ltr'><strong>horum</strong></span> <span class='ocrx_word' id='word_1_275' title='bbox 1038 1529 1114 1557; x_wconf 79' lang='lat' dir='ltr'><strong>fluxa</strong></span> <span class='ocrx_word' id='word_1_276' title='bbox 1146 1528 1185 1557; x_wconf 85' lang='lat' dir='ltr'><strong>sit</strong></span> <span class='ocrx_word' id='word_1_277' title='bbox 1213 1534 1242 1557; x_wconf 89' lang='lat' dir='ltr'><strong>et</strong></span> <span class='ocrx_word' id='word_1_278' title='bbox 1271 1528 1378 1557; x_wconf 84' lang='lat' dir='ltr'><strong>ineerta</strong></span> <span class='ocrx_word' id='word_1_279' title='bbox 1407 1527 1497 1561; x_wconf 84' lang='lat' dir='ltr'><strong>fides,</strong></span> <span class='ocrx_word' id='word_1_280' title='bbox 1527 1525 1621 1555; x_wconf 83' lang='lat' dir='ltr'><strong>omnis</strong></span> <span class='ocrx_word' id='word_1_281' title='bbox 1650 1533 1768 1562; x_wconf 90' lang='lat' dir='ltr'><strong>quoque</strong></span> 
     </span>
     <span class='ocr_line' id='line_1_27' title="bbox 250 1578 1767 1616; baseline 0 -9"><span class='ocrx_word' id='word_1_282' title='bbox 250 1579 384 1609; x_wconf 86' lang='lat' dir='ltr'><strong>concidat</strong></span> <span class='ocrx_word' id='word_1_283' title='bbox 413 1578 532 1607; x_wconf 84' lang='lat' dir='ltr'><strong>rationis</strong></span> <span class='ocrx_word' id='word_1_284' title='bbox 552 1578 727 1613; x_wconf 84' lang='lat' dir='ltr'><strong>auctoritas;</strong></span> <span class='ocrx_word' id='word_1_285' title='bbox 758 1578 868 1614; x_wconf 88' lang='lat' dir='ltr'><strong>quippe</strong></span> <span class='ocrx_word' id='word_1_286' title='bbox 891 1579 942 1607; x_wconf 89' lang='lat' dir='ltr'><strong>cui</strong></span> <span class='ocrx_word' id='word_1_287' title='bbox 975 1588 1067 1608; x_wconf 89' lang='lat' dir='ltr'><strong>rerum</strong></span> <span class='ocrx_word' id='word_1_288' title='bbox 1097 1581 1252 1615; x_wconf 81' lang='lat' dir='ltr'><strong>notiones,</strong></span> <span class='ocrx_word' id='word_1_289' title='bbox 1280 1588 1330 1616; x_wconf 84' lang='lat' dir='ltr'><strong>per</strong></span> <span class='ocrx_word' id='word_1_290' title='bbox 1351 1587 1454 1608; x_wconf 86' lang='lat' dir='ltr'><strong>sensus</strong></span> <span class='ocrx_word' id='word_1_291' title='bbox 1475 1578 1642 1613; x_wconf 87' lang='lat' dir='ltr'><strong>depravatae</strong></span> <span class='ocrx_word' id='word_1_292' title='bbox 1660 1578 1717 1614; x_wconf 83' lang='lat' dir='ltr'><strong>jam</strong></span> <span class='ocrx_word' id='word_1_293' title='bbox 1738 1584 1767 1607; x_wconf 85' lang='lat' dir='ltr'><strong>et</strong></span> 
     </span>
     <span class='ocr_line' id='line_1_28' title="bbox 252 1628 1767 1669; baseline -0.003 -7"><span class='ocrx_word' id='word_1_294' title='bbox 252 1635 417 1669; x_wconf 83' lang='lat' dir='ltr'><strong>mutilatae,</strong></span> <span class='ocrx_word' id='word_1_295' title='bbox 447 1641 506 1662; x_wconf 88' lang='lat' dir='ltr'><strong>tum</strong></span> <span class='ocrx_word' id='word_1_296' title='bbox 531 1635 642 1662; x_wconf 87' lang='lat' dir='ltr'><strong>demum</strong></span> <span class='ocrx_word' id='word_1_297' title='bbox 670 1633 749 1662; x_wconf 89' lang='lat' dir='ltr'><strong>velut</strong></span> <span class='ocrx_word' id='word_1_298' title='bbox 775 1633 809 1661; x_wconf 90' lang='lat' dir='ltr'><strong>de</strong></span> <span class='ocrx_word' id='word_1_299' title='bbox 838 1641 924 1662; x_wconf 87' lang='lat' dir='ltr'><strong>manu</strong></span> <span class='ocrx_word' id='word_1_300' title='bbox 955 1634 985 1663; x_wconf 93' lang='lat' dir='ltr'><strong>in</strong></span> <span class='ocrx_word' id='word_1_301' title='bbox 1009 1642 1111 1663; x_wconf 82' lang='lat' dir='ltr'><strong>manus</strong></span> <span class='ocrx_word' id='word_1_302' title='bbox 1132 1632 1290 1661; x_wconf 87' lang='lat' dir='ltr'><strong>tradantur.</strong></span> <span class='ocrx_word' id='word_1_303' title='bbox 1336 1630 1453 1659; x_wconf 88' lang='lat' dir='ltr'><strong>Scilicet</strong></span> <span class='ocrx_word' id='word_1_304' title='bbox 1480 1629 1553 1658; x_wconf 87' lang='lat' dir='ltr'><strong>hanc</strong></span> <span class='ocrx_word' id='word_1_305' title='bbox 1576 1628 1634 1657; x_wconf 87' lang='lat' dir='ltr'><strong>vim</strong></span> <span class='ocrx_word' id='word_1_306' title='bbox 1665 1628 1767 1658; x_wconf 86' lang='lat' dir='ltr'><strong>habuit</strong></span> 
     </span>
     <span class='ocr_line' id='line_1_29' title="bbox 253 1679 1764 1721; baseline -0.003 -8"><span class='ocrx_word' id='word_1_307' title='bbox 253 1685 391 1714; x_wconf 74' lang='lat' dir='ltr'><strong>fundatus</strong></span> <span class='ocrx_word' id='word_1_308' title='bbox 417 1691 444 1713; x_wconf 87' lang='lat' dir='ltr'><strong>et</strong></span> <span class='ocrx_word' id='word_1_309' title='bbox 472 1686 571 1713; x_wconf 82' lang='lat' dir='ltr'><strong>seiulo</strong></span> <span class='ocrx_word' id='word_1_310' title='bbox 594 1685 727 1713; x_wconf 84' lang='lat' dir='ltr'><strong>excultus</strong></span> <span class='ocrx_word' id='word_1_311' title='bbox 751 1692 802 1721; x_wconf 85' lang='lat' dir='ltr'><strong>per</strong></span> <span class='ocrx_word' id='word_1_312' title='bbox 822 1685 1010 1714; x_wconf 66' lang='lat' dir='ltr'><strong>Aristotelem</strong></span> <span class='ocrx_word' id='word_1_313' title='bbox 1034 1691 1062 1713; x_wconf 89' lang='lat' dir='ltr'><strong>et</strong></span> <span class='ocrx_word' id='word_1_314' title='bbox 1084 1683 1219 1718; x_wconf 86' lang='lat' dir='ltr'><strong>Stoicos,</strong></span> <span class='ocrx_word' id='word_1_315' title='bbox 1241 1689 1362 1718; x_wconf 86' lang='lat' dir='ltr'><strong>quorum</strong></span> <span class='ocrx_word' id='word_1_316' title='bbox 1381 1680 1518 1709; x_wconf 89' lang='lat' dir='ltr'><strong>librorum</strong></span> <span class='ocrx_word' id='word_1_317' title='bbox 1542 1687 1644 1716; x_wconf 87' lang='lat' dir='ltr'><strong>magno</strong></span> <span class='ocrx_word' id='word_1_318' title='bbox 1665 1679 1764 1708; x_wconf 84' lang='lat' dir='ltr'><strong>studio</strong></span> 
     </span>
     <span class='ocr_line' id='line_1_30' title="bbox 252 1733 1766 1775; baseline -0.002 -12"><span class='ocrx_word' id='word_1_319' title='bbox 252 1735 416 1764; x_wconf 70' lang='lat' dir='ltr'><strong>Carneades</strong></span> <span class='ocrx_word' id='word_1_320' title='bbox 446 1736 610 1770; x_wconf 84' lang='lat' dir='ltr'><strong>tenebatur,</strong></span> <span class='ocrx_word' id='word_1_321' title='bbox 644 1735 859 1772; x_wconf 81' lang='lat' dir='ltr'><strong>Empirismus,</strong></span> <span class='ocrx_word' id='word_1_322' title='bbox 892 1743 924 1765; x_wconf 88' lang='lat' dir='ltr'><strong>ut</strong></span> <span class='ocrx_word' id='word_1_323' title='bbox 950 1738 1174 1775; x_wconf 88' lang='lat' dir='ltr'><strong>intelligeretur,</strong></span> <span class='ocrx_word' id='word_1_324' title='bbox 1205 1741 1311 1772; x_wconf 84' lang='lat' dir='ltr'><strong>quanta</strong></span> <span class='ocrx_word' id='word_1_325' title='bbox 1341 1734 1382 1763; x_wconf 90' lang='lat' dir='ltr'><strong>sit</strong></span> <span class='ocrx_word' id='word_1_326' title='bbox 1406 1733 1593 1768; x_wconf 80' lang='lat' dir='ltr'><strong>experientiae</strong></span> <span class='ocrx_word' id='word_1_327' title='bbox 1615 1733 1649 1761; x_wconf 85' lang='lat' dir='ltr'><strong>ad</strong></span> <span class='ocrx_word' id='word_1_328' title='bbox 1670 1733 1766 1765; x_wconf 72' lang='lat' dir='ltr'><strong>(ratio-</strong></span> 
     </span>
     <span class='ocr_line' id='line_1_31' title="bbox 252 1782 1764 1826; baseline -0.003 -11"><span class='ocrx_word' id='word_1_329' title='bbox 252 1796 315 1816; x_wconf 85' lang='lat' dir='ltr'><strong>nem</strong></span> <span class='ocrx_word' id='word_1_330' title='bbox 342 1789 423 1816; x_wconf 83' lang='lat' dir='ltr'><strong>etiam</strong></span> <span class='ocrx_word' id='word_1_331' title='bbox 450 1789 647 1817; x_wconf 87' lang='lat' dir='ltr'><strong>moderandam</strong></span> <span class='ocrx_word' id='word_1_332' title='bbox 672 1789 879 1825; x_wconf 81' lang='lat' dir='ltr'><strong>regendamque</strong></span> <span class='ocrx_word' id='word_1_333' title='bbox 908 1797 1056 1826; x_wconf 85' lang='lat' dir='ltr'><strong>potestas:</strong></span> <span class='ocrx_word' id='word_1_334' title='bbox 1086 1796 1117 1818; x_wconf 87' lang='lat' dir='ltr'><strong>ut</strong></span> <span class='ocrx_word' id='word_1_335' title='bbox 1139 1789 1183 1817; x_wconf 88' lang='lat' dir='ltr'><strong>vel</strong></span> <span class='ocrx_word' id='word_1_336' title='bbox 1212 1787 1277 1816; x_wconf 90' lang='lat' dir='ltr'><strong>inde</strong></span> <span class='ocrx_word' id='word_1_337' title='bbox 1306 1784 1471 1814; x_wconf 65' lang='lat' dir='ltr'><strong>Carneades</strong></span> <span class='ocrx_word' id='word_1_338' title='bbox 1493 1784 1614 1819; x_wconf 88' lang='lat' dir='ltr'><strong>arripere</strong></span> <span class='ocrx_word' id='word_1_339' title='bbox 1637 1782 1764 1818; x_wconf 87' lang='lat' dir='ltr'><strong>potuerit</strong></span> 
     </span>
     <span class='ocr_line' id='line_1_32' title="bbox 252 1834 1760 1877; baseline -0.003 -10"><span class='ocrx_word' id='word_1_340' title='bbox 252 1839 415 1868; x_wconf 66' lang='lat' dir='ltr'><strong>Platonicae</strong></span> <span class='ocrx_word' id='word_1_341' title='bbox 446 1839 621 1868; x_wconf 73' lang='lat' dir='ltr'><strong>infirmitatis</strong></span> <span class='ocrx_word' id='word_1_342' title='bbox 645 1840 940 1870; x_wconf 82' lang='lat' dir='ltr'><strong>animadversionem:</strong></span> <span class='ocrx_word' id='word_1_343' title='bbox 970 1849 1029 1877; x_wconf 90' lang='lat' dir='ltr'><strong>quo</strong></span> <span class='ocrx_word' id='word_1_344' title='bbox 1053 1839 1161 1868; x_wconf 86' lang='lat' dir='ltr'><strong>factum</strong></span> <span class='ocrx_word' id='word_1_345' title='bbox 1186 1846 1251 1873; x_wconf 86' lang='lat' dir='ltr'><strong>est,</strong></span> <span class='ocrx_word' id='word_1_346' title='bbox 1283 1844 1314 1866; x_wconf 89' lang='lat' dir='ltr'><strong>ut</strong></span> <span class='ocrx_word' id='word_1_347' title='bbox 1335 1845 1394 1866; x_wconf 89' lang='lat' dir='ltr'><strong>non</strong></span> <span class='ocrx_word' id='word_1_348' title='bbox 1419 1841 1545 1865; x_wconf 88' lang='lat' dir='ltr'><strong>censeret</strong></span> <span class='ocrx_word' id='word_1_349' title='bbox 1569 1835 1706 1866; x_wconf 83' lang='lat' dir='ltr'><strong>rationem</strong></span> <span class='ocrx_word' id='word_1_350' title='bbox 1725 1834 1760 1864; x_wconf 77' lang='lat' dir='ltr'><strong>ab</strong></span> 
     </span>
     <span class='ocr_line' id='line_1_33' title="bbox 254 1884 1762 1925; baseline -0.005 -6"><span class='ocrx_word' id='word_1_351' title='bbox 254 1892 330 1919; x_wconf 79' lang='lat' dir='ltr'><strong>omni</strong></span> <span class='ocrx_word' id='word_1_352' title='bbox 356 1900 489 1919; x_wconf 76' lang='lat' dir='ltr'><strong>sensuum</strong></span> <span class='ocrx_word' id='word_1_353' title='bbox 518 1892 634 1924; x_wconf 68' lang='lat' dir='ltr'><strong>imperio</strong></span> <span class='ocrx_word' id='word_1_354' title='bbox 661 1892 831 1921; x_wconf 85' lang='lat' dir='ltr'><strong>liberandam</strong></span> <span class='ocrx_word' id='word_1_355' title='bbox 856 1899 883 1922; x_wconf 88' lang='lat' dir='ltr'><strong>et</strong></span> <span class='ocrx_word' id='word_1_356' title='bbox 911 1894 1099 1921; x_wconf 86' lang='lat' dir='ltr'><strong>sevocandam</strong></span> <span class='ocrx_word' id='word_1_357' title='bbox 1122 1899 1204 1925; x_wconf 88' lang='lat' dir='ltr'><strong>esse,</strong></span> <span class='ocrx_word' id='word_1_358' title='bbox 1233 1890 1282 1917; x_wconf 82' lang='lat' dir='ltr'><strong>sed</strong></span> <span class='ocrx_word' id='word_1_359' title='bbox 1307 1888 1398 1916; x_wconf 88' lang='lat' dir='ltr'><strong>multo</strong></span> <span class='ocrx_word' id='word_1_360' title='bbox 1424 1886 1524 1922; x_wconf 88' lang='lat' dir='ltr'><strong>potius</strong></span> <span class='ocrx_word' id='word_1_361' title='bbox 1547 1894 1645 1914; x_wconf 89' lang='lat' dir='ltr'><strong>eorum</strong></span> <span class='ocrx_word' id='word_1_362' title='bbox 1670 1884 1762 1914; x_wconf 88' lang='lat' dir='ltr'><strong>domi·</strong></span> 
     </span>
     <span class='ocr_line' id='line_1_34' title="bbox 252 1939 1761 1984; baseline -0.003 -13"><span class='ocrx_word' id='word_1_363' title='bbox 252 1943 359 1971; x_wconf 77' lang='lat' dir='ltr'><strong>nationi</strong></span> <span class='ocrx_word' id='word_1_364' title='bbox 385 1942 601 1979; x_wconf 60' lang='lat' dir='ltr'><strong>sulvjicitiidam.</strong></span> <span class='ocrx_word' id='word_1_365' title='bbox 650 1943 852 1974; x_wconf 84' lang='lat' dir='ltr'><strong>Concludebat</strong></span> <span class='ocrx_word' id='word_1_366' title='bbox 875 1945 981 1984; x_wconf 84' lang='lat' dir='ltr'><strong>igitur,</strong></span> <span class='ocrx_word' id='word_1_367' title='bbox 1010 1954 1077 1976; x_wconf 88' lang='lat' dir='ltr'><strong>cum</strong></span> <span class='ocrx_word' id='word_1_368' title='bbox 1099 1946 1129 1975; x_wconf 91' lang='lat' dir='ltr'><strong>in</strong></span> <span class='ocrx_word' id='word_1_369' title='bbox 1156 1944 1283 1979; x_wconf 85' lang='lat' dir='ltr'><strong>ratione,</strong></span> <span class='ocrx_word' id='word_1_370' title='bbox 1314 1948 1387 1978; x_wconf 84' lang='lat' dir='ltr'><strong>quae</strong></span> <span class='ocrx_word' id='word_1_371' title='bbox 1411 1939 1529 1968; x_wconf 87' lang='lat' dir='ltr'><strong>nonnisi</strong></span> <span class='ocrx_word' id='word_1_372' title='bbox 1553 1947 1604 1978; x_wconf 90' lang='lat' dir='ltr'><strong>per</strong></span> <span class='ocrx_word' id='word_1_373' title='bbox 1624 1945 1761 1968; x_wconf 88' lang='lat' dir='ltr'><strong>sensuum</strong></span> 
     </span>
    </p>
   </div>
   <div class='ocr_carea' id='block_1_3' title="bbox 1721 1995 1779 2018">
    <p class='ocr_par' dir='ltr' id='par_1_5' title="bbox 1721 1995 1779 2018">
     <span class='ocr_line' id='line_1_35' title="bbox 1721 1995 1779 2018; baseline -0.017 0"><span class='ocrx_word' id='word_1_374' title='bbox 1721 1995 1779 2018; x_wconf 75' lang='lat' dir='ltr'><strong>ne·-</strong></span> 
     </span>
    </p>
   </div>
   <div class='ocr_carea' id='block_1_4' title="bbox 278 2056 670 2085">
    <p class='ocr_par' dir='ltr' id='par_1_6' title="bbox 278 2056 670 2085">
     <span class='ocr_line' id='line_1_36' title="bbox 278 2056 670 2085; baseline 0.005 -8"><span class='ocrx_word' id='word_1_375' title='bbox 278 2056 330 2085; x_wconf 81' lang='grc' dir='ltr'><strong>(ι)</strong></span> <span class='ocrx_word' id='word_1_376' title='bbox 351 2056 412 2079; x_wconf 68' lang='lat' dir='ltr'><strong>Sext.</strong></span> <span class='ocrx_word' id='word_1_377' title='bbox 430 2058 445 2079; x_wconf 85' lang='lat' dir='ltr'><strong>l.</strong></span> <span class='ocrx_word' id='word_1_378' title='bbox 465 2058 478 2078; x_wconf 88' lang='lat'><strong>1.</strong></span> <span class='ocrx_word' id='word_1_379' title='bbox 498 2057 518 2085; x_wconf 71' lang='lat'><strong>5.</strong></span> <span class='ocrx_word' id='word_1_380' title='bbox 537 2056 670 2080; x_wconf 72' lang='lat'><strong>162-166.</strong></span> 
     </span>
    </p>
   </div>
   <div class='ocr_carea' id='block_1_5' title="bbox 1862 2058 1894 2417">
    <p class='ocr_par' dir='ltr' id='par_1_7' title="bbox 1862 2058 1894 2417">
     <span class='ocr_line' id='line_1_37' title="bbox 1862 2058 1894 2417; textangle 90"><span class='ocrx_word' id='word_1_381' title='bbox 1862 2103 1894 2417; x_wconf 49' lang='lat' dir='ltr'><strong>mun-ah</strong></span> <span class='ocrx_word' id='word_1_382' title='bbox 1881 2058 1890 2088; x_wconf 40' lang='lat' dir='ltr'>ff</span> 
     </span>
    </p>
   </div>
  </div>
 </body>
</html>
