1913 2417
287 192 329 225 36
737 189 1310 226 ANNOTATIONES.

286 297 378 318 scura
396 296 470 318 ‘esse
500 291 675 324 constaret,
700 296 812 318 omnes
835 291 1028 316 conarentur
1056 285 1176 327 aperire
1202 291 1233 315 et
1257 284 1424 316 illustrare.
1478 283 1578 327 quue
1616 286 1771 330 inprimis

287 344 322 374 in
349 343 408 374 hac
432 344 617 386 quaestione
642 349 793 385 apparet,
823 345 846 374 si
869 341 1129 379 consideremus,
1162 347 1198 371 ut
1225 340 1306 379 dixi,
1332 351 1428 383 quam
1456 351 1567 383 parum
1598 343 1662 373 sint
1684 354 1763 373 con·

287 405 435 431 sentanea
465 398 517 430 illa
545 398 584 430 de
603 399 804 430 electricitate
835 393 1081 441 particularum,
1105 403 1138 427 et
1162 407 1355 431 massarum,
1381 408 1520 440 quorum
1546 403 1651 428 tamen
1679 405 1771 428 utra·-

289 467 352 499 que
376 457 451 487 satis
474 454 575 486 firmis
600 454 796 497 argumentis
828 454 888 484 niti
915 454 981 484 visa
1010 459 1094 484 sunt.
1150 454 1275 483 Etenim
1301 454 1327 484 si
1357 453 1432 484 haec
1463 453 1688 496 particularum
1717 455 1771 484 in-

288 513 347 543 sita
368 518 480 542 natura
508 510 650 542 electrica
677 512 718 541 sit
741 521 833 548 vera,
859 510 982 541 tametsi
1008 508 1089 540 nihil
1115 509 1260 547 affirmo,
1290 516 1396 540 tamen
1427 521 1531 552 neque
1559 510 1647 541 facile
1675 509 1768 540 iutel-

289 567 419 598 lexerim
454 566 728 610 quemadmodum
760 566 943 597 eleetricum
978 565 1154 607 positivum
1200 564 1326 596 haberet
1362 576 1551 604 excessum,
1583 566 1773 597 electricum·

290 623 475 665 negativum
514 622 695 664 diff-ctum,
727 622 859 666 quando
899 622 934 652 in
963 621 1192 662 conjunctione
1224 621 1300 652 haee
1339 633 1405 652 non
1437 629 1686 664 compensantur
1716 621 1772 653 vel·

287 678 428 722 aequalia
452 677 554 717 fiunt;
577 690 682 721 neque
707 689 774 722 quo
799 684 892 721 pacto
919 688 986 708 esse
1011 683 1144 720 possent
1173 675 1255 708 duae
1281 684 1414 708 naturae
1438 679 1604 722 oppositae
1629 680 1688 713 (ut
1713 677 1772 709 alii

288 738 504 778 putaverunt)
529 746 586 766 sua
619 735 774 766 mixtione
808 733 1018 765 destruendae
1036 757 1045 771 ‚
1079 744 1161 775 quae
1192 733 1320 764 eaedem
1350 740 1455 765 tamen
1487 735 1520 765 in
1552 733 1674 764 intimis
1699 744 1773 776 per=

292 790 503 823 mixtionibus
534 793 674 834 partium
708 790 874 822 distinctae
907 796 1084 821 manerent.
1148 790 1203 820 Sin
1242 796 1333 821 vetus
1366 791 1476 832 opinio
1503 790 1627 821 dehac
1657 797 1692 821 re
1728 791 1773 822 sin

291 848 412 885 Verior,
436 847 478 878 ab
503 858 602 890 eaque
626 858 686 878 nos
704 847 866 890 proficisci
884 852 1012 888 oportet
1038 845 1077 876 ad
1107 845 1184 876 haec
1203 845 1243 876 de
1259 846 1421 888 particulis
1448 845 1650 888 explicanda,
1672 856 1775 889 quam

290 903 390 935 multa
417 903 457 934 ad
487 903 582 934 talem
602 903 846 946 explicationem
874 901 1027 932 haetenus
1067 900 1303 932 desiderantur!
1338 908 1372 932 ut
1398 902 1498 943 igitur
1524 903 1551 933 si
1576 903 1610 933 in
1642 902 1773 945 experi*

291 960 407 990 mentis
434 959 627 1002 planissimis
649 965 696 989 tot
718 960 782 989 sint
804 956 1033 989 consideranda
1048 979 1057 994 ,
1086 963 1208 999 quanto
1241 956 1366 989 facilius
1390 958 1602 1001 excogitando
1630 960 1776 992 rationes

291 1014 482 1056 errabimus,
509 1015 566 1047 ubi
589 1015 657 1058 ipsa
679 1021 734 1047 aut
759 1013 877 1056 dubia,
901 1020 959 1048 aut
979 1012 1075 1047 nulla*
1094 1013 1175 1046 sinu

336 1128 414 1172 (5)
436 1131 468 1162 Ρ.
493 1140 543 1162 20.
597 1132 702 1171 Quam
741 1138 832 1164 caute
866 1137 1092 1175 argumentum
1124 1128 1319 1173 Analogiae‚
1350 1129 1405 1162 veI
1436 1129 1642 1173 physicorum
1678 1137 1778 1161 aecu-

292 1192 362 1218 rato
393 1197 505 1227 more,
536 1187 577 1217 sit
599 1186 844 1228 adhibendum,
878 1195 963 1220 recte
995 1188 1106 1220 docuit
1137 1190 1245 1230 Davy,
1275 1193 1444 1230 postquam
1475 1186 1566 1218 bases
1600 1186 1777 1218 metallicas*-

292 1242 440 1273 alcalium
477 1249 617 1285 potassae
638 1250 669 1275 et
693 1244 788 1275 sodae
808 1246 1006 1276 extraxisset.
1060 1243 1260 1281 Similitudo,
1284 1244 1409 1286 inquit,
1433 1254 1514 1285 quae
1542 1250 1592 1274 est
1614 1249 1777 1274 terrarum:

292 1308 367 1329 cum
399 1298 503 1330 oxidis
533 1299 758 1337 metallorum,
793 1301 859 1342 jam
884 1307 986 1342 antead
1000 1299 1062 1332 fuit
1086 1299 1272 1337 observata,
1304 1300 1370 1330 imo
1396 1306 1509 1331 natura
1541 1298 1688 1329 deleteria
1717 1297 1776 1328 ba·

291 1361 399 1397 ryme,
422 1362 453 1386 et
481 1355 608 1398 pondus
636 1358 706 1398 ejus
731 1366 841 1387 causae
864 1356 996 1388 fuerunt
1022 1367 1120 1399 quare
1145 1356 1307 1387 Lavoisier
1330 1366 1399 1386 eam
1427 1356 1591 1386 continere
1622 1360 1771 1385 naturam

291 1410 481 1442 metallicam
509 1418 650 1454 putaret;
683 1412 737 1443 sed
775 1424 871 1444 nemo
903 1423 1048 1456 unquam
1084 1413 1317 1444 existimaverat
1350 1411 1476 1442 metalla
1506 1411 1608 1442 inesse
1634 1410 1670 1440 in
1701 1409 1779 1441 fixis

294 1466 473 1506 almiibus,
502 1469 584 1510 quin
618 1470 725 1510 potius
757 1469 940 1508 nonnulli,
981 1469 1024 1500 ob
1057 1479 1169 1500 eorum
1203 1467 1448 1499 similitudinem
1483 1477 1557 1498 cum
1589 1465 1773 1502 ammonia,

294 1524 444 1565 suspicati
473 1525 538 1555 sint
562 1535 628 1555 esse
653 1531 708 1555 aut
734 1531 860 1555 azotum
875 1548 885 1564 ‚
909 1532 964 1556 aut
982 1525 1224 1568 hydrogeneum
1253 1525 1336 1555 inter
1360 1533 1475 1555 eoru-m¹
1496 1522 1662 1553 elementa.
1709 1520 1774 1551 Mi-

292 1589 367 1609 rum
391 1585 455 1617 est,
480 1579 589 1617 addit,
613 1586 759 1610 naturam
784 1580 973 1612 metallicam
999 1581 1250 1611 demonstratam
1274 1579 1370 1610 fuisse
1401 1578 1547 1610 omnium
1571 1577 1713 1620 primum
1735 1575 1775 1606 in.

295 1635 336 1666 iis
362 1636 569 1678 corporibu3‚
592 1646 673 1678 quae
700 1635 737 1667 id'
759 1636 894 1667 minime
918 1637 985 1668 visa
1011 1643 1101 1668 erant
1121 1636 1271 1667 iudicare.
1319 1634 1427 1674 (Phil.
1445 1636 1554 1666 Trans.
1582 1631 1701 1668 1808.)

341 1747 416 1789 (6)
439 1750 471 1780 Ρ.
496 1759 552 1781 20.
593 1749 751 1791 Aequatio
776 1748 895 1780 virium
920 1752 947 1790 φ
969 1761 1006 1778 z
1029 1738 1088 1798 ἓξ,
1122 1755 1159 1780 ut
1188 1749 1255 1791 jam
1291 1749 1419 1780 monuit
1453 1745 1670 1784 d'Alembert‚
1705 1756 1774 1777 non

294 1810 343 1835 est
377 1805 569 1846 principium
605 1804 693 1847 quod
728 1804 1008 1843 demonstramus,
1042 1805 1097 1836 sed
1126 1812 1172 1836 est
1205 1805 1375 1836 definitio:
1408 1814 1523 1846 nempe
1558 1802 1768 1844 intelligimus

297 1859 376 1903 quid
395 1867 435 1890 sit
457 1848 498 1908 (ἐξ
517 1882 527 1898 ,
562 1859 659 1902 idque
690 1860 888 1903 appellamus
919 1865 968 1903 φ;
1004 1868 1058 1900 ut,
1090 1861 1181 1900 licet,
1215 1861 1377 1892 brevitatis
1410 1870 1526 1896 causa,
1569 1864 1772 1902 postremum

296 1924 505 1961 usurpemus,
535 1926 568 1947 re
595 1915 726 1959 quidem
751 1927 825 1948 vera
859 1917 945 1949 nihil
970 1924 1012 1950 stt
1037 1925 1161 1962 praeter
1186 1918 1395 1961 quantitatem
1419 1925 1600 1958 expressam
1628 1925 1684 1958 per
1715 1903 1772 1963 R*

1576 2027 1640 2072 (7)
1663 2028 1697 2059 P.
1718 2035 1768 2058 21.

1897 2266 1902 2335 .-,,
1900 2065 1909 2254 Ἂ-
