1913 2417
260 171 649 208 COMMENTATIO
679 180 730 204 An
758 171 1130 212 QUAESTIONEM
1152 171 1442 211 JURIDICAM.
1568 179 1602 212 35

358 501 736 537 SECTIO
833 501 1309 536 SECUNDA

129 621 180 646 DE
207 620 390 649 coNJuGE
417 619 648 647 ABSENTIS,
683 620 732 640 ET
762 621 870 641 CURA
907 619 1171 644 LIBERORUM,
1203 618 1273 646 QUI
1302 618 1522 650 TEMPORE,

181 672 258 702 QUO
286 671 585 699 PATERABIIT,
605 672 685 692 AUT
714 672 899 693 ULTIMUS
926 672 973 692 DE
1000 671 1046 691 Eo
1074 670 1258 691 NUNTIUS
1286 671 1474 693 ALLA-TUS

351 723 449 752 EST,
477 723 611 744 ADHUC
642 723 752 744 SUNT
780 723 821 744 IN
847 722 1005 745 PATRIA
1033 721 1293 744 POTESTATE.

775 831 804 868 ς.
848 838 877 860 1w

67 886 237 950 Durante
261 920 318 950 hoc
341 920 433 957 primo
459 920 620 949 Absentiae
643 926 771 956 tempore
790 919 946 949 Absentem
970 924 1029 947 non
1050 918 1146 947 solum
1168 923 1313 947 mortuum
1336 925 1396 946 non
1421 918 1518 947 haberi
1531 918 1579 948 ‘vt-2

22 983 24 986 >
67 970 180 1006 dimus,
201 972 252 1000 sed
274 971 380 1001 nemini
404 972 523 1007 aliquod
548 972 597 1008 jus
622 972 679 1000 nisi
706 977 824 1007 urgente
849 969 1019 999 necessitate
1043 969 1180 1004 concedi,
1203 977 1263 1005 quo
1287 970 1493 1005 patrimonium
1518 970 1586 999 Aba

67 1023 158 1052 sentis
198 1023 261 1051 aliis
301 1022 445 1059 patefiat,
481 1029 530 1051 aut
562 1023 766 1058 periclitetur:
808 1022 876 1050 haec
909 1027 1001 1049 autem
1041 1019 1179 1056 singulari
1211 1020 1350 1049 Absentis
1383 1021 1590 1050 sollicitudine

66 1072 106 1102 ita
138 1074 248 1102 sancita
283 1079 371 1108 sunt,
401 1073 539 1108 quoniam
566 1073 673 1102 reditus
702 1081 768 1109 spes
792 1073 919 1101 nondum
947 1071 1042 1100 omnis
1069 1071 1234 1106 intercidit,
1263 1071 1391 1107 adeoque
1416 1072 1591 1101 interim‘ea-

65 1130 178 1153 tantum
210 1124 354 1152 bonorum
393 1131 461 1151 cura
491 1124 650 1153 necessaria
679 1124 849 1158 videbatur,
878 1131 951 1158 quae
979 1122 1239 1158 impediret,=quo
1272 1122 1367 1151 minus
1397 1123 1511 1152 Absens
1536 1124 1582 1152 in·

66 1175 148 1212 signe
173 1175 295 1211 aliquod
328 1174 462 1203 damnum
493 1175 680 1210 experiretur.
727 1175 835 1204 Eadem
866 1182 984 1210 quoque
1014 1172 1206 1209 praesumtio,
1233 1172 1389 1202 Absentem
1423 1174 1515 1202 adhuc
1536 1174 1582 1203 vie

67 1234 152 1262 vere,
173 1233 202 1255 et
222 1232 334 1255 tantum
358 1226 447 1254 reditu
472 1225 639 1263 prohiberi,
669 1226 835 1255 adtenditur
856 1226 885 1254 in
905 1225 1116 1254 necessitudine
1139 1225 1214 1253 inter
1233 1224 1409 1259 Absentem,
1429 1225 1592 1262 conjugemvt

65 1282 93 1305 et
114 1277 222 1306 liberos
243 1276 432 1313 superstites:
456 1277 670 1306 matrimonium
697 1278 770 1307 enim
798 1277 975 1305 dissolutum
998 1284 1058 1304 non
1082 1281 1234 1310 censetur,
1257 1283 1350 1310 neque
1370 1276 1461 1312 magis
1483 1285 1583 1305 neces-

63 1326 160 1355 situdo
181 1334 310 1363 patentes
333 1328 408 1356 inter
431 1334 459 1357 et
479 1327 588 1356 liberos
608 1334 728 1364 propter
760 1327 929 1356 Absentiam
963 1326 1075 1355 sublata
1098 1332 1161 1355 este
1194 1326 1251 1361 At,
1280 1326 1346 1355 licet
1370 1328 1412 1355 sic
1442 1327 1514 1356 idem
1540 1336 1583 1357 re-

61 1385 122 1406 rum
146 1385 242 1407 status
267 1378 398 1408 obtinere
421 1378 569 1414 videatur,
598 1386 629 1418 Q:
654 1379 680 1407 si
701 1378 815 1407 Absens
848 1386 942 1406 revera
964 1378 1096 1412 adesset,
1126 1383 1220 1406 tamen
1249 1378 1308 1406 fieri
1336 1384 1450 1414 potest,
1479 1386 1510 1408 ut
1531 1386 1580 1406 su-

61 1428 194 1465 perstites
214 1430 358 1463 praesidio
378 1429 516 1459 Absentis
537 1429 594 1465 jam
619 1429 750 1457 destituti
776 1437 843 1457 mox
866 1428 1040 1464 legislatoris
1063 1437 1160 1457 curam
1183 1429 1362 1464 desiderent,
1385 1436 1417 1457 ut
1436 1429 1577 1458 auxilium

63 1479 202 1508 amissum
228 1478 352 1514 legitime
374 1479 410 1507 iis
432 1486 647 1515 compensetur.
688 1479 768 1517 Quid
790 1480 864 1508 enim
890 1479 914 1507 si
940 1479 1059 1508 maritus
1084 1488 1099 1507 a
1123 1480 1184 1508 suis
1207 1477 1397 1508 discesserit?
1426 1481 1575 1514 quomodo

63 1538 95 1559 se
124 1535 199 1567 geret
229 1537 304 1558 uxor
327 1529 357 1558 in
387 1538 417 1558 re
444 1529 578 1559 familiari
600 1530 846 1559 administranda?
877 1530 943 1566 quis
967 1529 992 1558 ei
1019 1530 1151 1558 consiliis
1179 1537 1209 1556 et
1235 1527 1404 1556 auctoritate
1436 1530 1525 1559 aderit
1547 1531 1586 1561 in-

61 1580 198 1619 judicio?
219 1580 308 1616 quid,
329 1580 354 1609 si
377 1580 484 1610 liberos
507 1581 655 1616 reliquerit
673 1581 799 1610 minores
826 1589 858 1610 21
885 1581 989 1615 annis,
1012 1581 1062 1614 qui
1086 1577 1146 1606 sibi
1166 1586 1225 1607 non
1246 1578 1413 1614 prospicere
1435 1588 1585 1618 possunt,

11 1623 14 1626 ⁴
59 1638 89 1662 et
115 1632 248 1668 quotidie
273 1631 361 1668 patris
382 1639 452 1660 cura
474 1632 627 1669 indigent?
666 1632 802 1662 Totidem
831 1632 884 1660 hae
905 1638 976 1659 sunt
1002 1638 1141 1665 caussae,
1170 1629 1278 1665 quibus
1303 1631 1453 1666 providere
1478 1633 1586 1662 debuit.

61 1681 230 1718 legislator,
253 1691 288 1712 ne
312 1682 421 1711 amisso
442 1682 567 1712 familiae
589 1690 712 1719 patrono
736 1683 771 1711 ad
795 1682 923 1718 inopiam
950 1681 1132 1717 redigantur,
1160 1688 1210 1709 aut
1243 1680 1365 1709 aliorum
1394 1681 1506 1719 injuriis
1530 1692 1578 1713 ex·

61 1739 218 1770 ponantur.
259 1733 352 1762 Nemo
376 1740 468 1762 autem
493 1741 553 1762 non
577 1733 712 1771 intelligit
735 1734 764 1762 id
786 1740 899 1763 tantum
929 1732 1088 1768 obtinere,
1106 1731 1132 1760 si
1160 1731 1362 1767 paterfamilias
1390 1742 1405 1761 a
1428 1734 1491 1763 suis
1518 1735 1578 1764 dis·

63 1783 200 1814 cesserit:
223 1792 287 1813 nam
311 1784 336 1813 si
363 1792 437 1812 uxor
457 1784 557 1820 abest,
585 1785 681 1815 officio
707 1792 846 1822 paterno,
876 1792 935 1820 quo
958 1784 1066 1812 liberos
1091 1783 1162 1811 alere
1184 1792 1216 1811 ac
1243 1784 1315 1812 tueri
1339 1790 1456 1813 tenetur*
1473 1792 1575 1822 pater,

62 1833 136 1864 nihii
155 1835 330 1872 derogatur,
346 1836 423 1871 imo,
454 1844 545 1871 quum
571 1837 784 1866 matrimonium
812 1843 930 1872 propter
961 1835 1129 1864 Absentiam
1160 1835 1336 1864 alterutrius·
1358 1835 1491 1872 conjugis
1515 1844 1576 1866 non

59 1885 158 1915 atatim
181 1886 360 1922 dissolutum¹
380 1894 545 1923 censeatur,
571 1889 680 1917 eaedem
710 1888 752 1916 iui
783 1886 958 1916 incumbunt
985 1886 1197 1923 obligationes,
1227 1894 1254 1914 ct
1276 1887 1326 1922 jus
1353 1888 1382 1914 in
1407 1886 1510 1916 liberos
1535 1896 1578 1917 re·

59 1934 143 1967 tinet.
182 1936 235 1965 Sed
262 1937 286 1964 si
309 1944 387 1967 nater
407 1946 421 1965 a
441 1945 600 1974 conspectu
624 1947 744 1967 suorum
771 1939 938 1973 recesserit,
970 1938 1209 1972 videndumvest,
1230 1938 1481 1972 quomodomatri
1506 1946 1574 1967 suc-

61 1992 189 2032 }urratur
211 1993 238 2016 et
262 1987 359 2017 libe.⁴is
384 1988 546 2018 minoribus
572 1997 608 2020 21
635 1989 739 2026 annis,
762 1997 814 2018 ute
838 1989 1044 2027 emancipatis,
1072 1997 1137 2018 nam
1167 1988 1234 2018 licet
1264 1989 1478 2019 matrimonium
1500 1998 1575 2019 non—

1511 2041 1590 2074 dum
