<?xml version="1.0" encoding="UTF-8"?>
<!DOCTYPE html PUBLIC "-//W3C//DTD XHTML 1.0 Transitional//EN"
    "http://www.w3.org/TR/xhtml1/DTD/xhtml1-transitional.dtd">
<html xmlns="http://www.w3.org/1999/xhtml" xml:lang="en" lang="en">
 <head>
  <title>
</title>
<meta http-equiv="Content-Type" content="text/html;charset=utf-8" />
  <meta name='ocr-system' content='tesseract 3.04.00' />
  <meta name='ocr-capabilities' content='ocr_page ocr_carea ocr_par ocr_line ocrx_word'/>
</head>
<body>
  <div class='ocr_page' id='page_1' title='image "annalesacademiae19rijk_0359.png"; bbox 0 0 1913 2417; ppageno 0'>
   <div class='ocr_carea' id='block_1_1' title="bbox 273 160 1611 206">
    <p class='ocr_par' dir='ltr' id='par_1_1' title="bbox 273 160 1611 206">
     <span class='ocr_line' id='line_1_1' title="bbox 273 160 1611 206; baseline -0.004 -9"><span class='ocrx_word' id='word_1_1' title='bbox 273 164 653 198; x_wconf 72' lang='lat' dir='ltr'><strong>COMMENTATIO</strong></span> <span class='ocrx_word' id='word_1_2' title='bbox 676 169 734 195; x_wconf 72' lang='lat' dir='ltr'>,AD</span> <span class='ocrx_word' id='word_1_3' title='bbox 764 160 1137 203; x_wconf 80' lang='lat' dir='ltr'><strong>QUAESTIONEM</strong></span> <span class='ocrx_word' id='word_1_4' title='bbox 1160 160 1450 200; x_wconf 75' lang='lat' dir='ltr'>JURIDICAM.</span> <span class='ocrx_word' id='word_1_5' title='bbox 1555 169 1611 206; x_wconf 57' lang='lat' dir='ltr'>toz</span> 
     </span>
    </p>
   </div>
   <div class='ocr_carea' id='block_1_2' title="bbox 82 245 1609 1927">
    <p class='ocr_par' dir='ltr' id='par_1_2' title="bbox 91 245 1609 696">
     <span class='ocr_line' id='line_1_2' title="bbox 96 245 1609 287; baseline -0.004 -7"><span class='ocrx_word' id='word_1_6' title='bbox 96 250 182 287; x_wconf 70' lang='lat' dir='ltr'>iapso</span> <span class='ocrx_word' id='word_1_7' title='bbox 200 271 211 284; x_wconf 84' lang='lat'><strong>‚</strong></span> <span class='ocrx_word' id='word_1_8' title='bbox 245 256 291 279; x_wconf 87' lang='lat' dir='ltr'>tot</span> <span class='ocrx_word' id='word_1_9' title='bbox 321 250 350 279; x_wconf 88' lang='lat' dir='ltr'>in</span> <span class='ocrx_word' id='word_1_10' title='bbox 383 249 500 279; x_wconf 83' lang='lat' dir='ltr'>familiis</span> <span class='ocrx_word' id='word_1_11' title='bbox 540 249 676 278; x_wconf 77' lang='lat' dir='ltr'>exsistere</span> <span class='ocrx_word' id='word_1_12' title='bbox 706 248 855 284; x_wconf 89' lang='lat' dir='ltr'>potuerint</span> <span class='ocrx_word' id='word_1_13' title='bbox 883 255 973 275; x_wconf 90' lang='lat' dir='ltr'>rerum</span> <span class='ocrx_word' id='word_1_14' title='bbox 1005 245 1219 275; x_wconf 75' lang='lat' dir='ltr'>vicissitudines</span> <span class='ocrx_word' id='word_1_15' title='bbox 1238 266 1248 282; x_wconf 84' lang='lat'><strong>,</strong></span> <span class='ocrx_word' id='word_1_16' title='bbox 1277 251 1309 274; x_wconf 90' lang='lat' dir='ltr'>ut</span> <span class='ocrx_word' id='word_1_17' title='bbox 1334 245 1465 274; x_wconf 75' lang='lat' dir='ltr'><strong>heredum</strong></span> <span class='ocrx_word' id='word_1_18' title='bbox 1500 252 1609 275; x_wconf 85' lang='lat' dir='ltr'>sortem</span> 
     </span>
     <span class='ocr_line' id='line_1_3' title="bbox 102 296 1607 337; baseline -0.006 -6"><span class='ocrx_word' id='word_1_19' title='bbox 102 303 215 331; x_wconf 85' lang='lat' dir='ltr'>tandem</span> <span class='ocrx_word' id='word_1_20' title='bbox 241 301 362 330; x_wconf 84' lang='lat' dir='ltr'>stabiliri</span> <span class='ocrx_word' id='word_1_21' title='bbox 390 307 550 337; x_wconf 83' lang='lat' dir='ltr'>oporteat,</span> <span class='ocrx_word' id='word_1_22' title='bbox 577 307 613 328; x_wconf 89' lang='lat' dir='ltr'>ne</span> <span class='ocrx_word' id='word_1_23' title='bbox 642 303 759 334; x_wconf 86' lang='lat' dir='ltr'>propter</span> <span class='ocrx_word' id='word_1_24' title='bbox 788 297 874 326; x_wconf 82' lang='lat' dir='ltr'>unius</span> <span class='ocrx_word' id='word_1_25' title='bbox 906 297 1101 326; x_wconf 79' lang='lat' dir='ltr'>conditionem</span> <span class='ocrx_word' id='word_1_26' title='bbox 1136 298 1286 326; x_wconf 83' lang='lat' dir='ltr'>admodum</span> <span class='ocrx_word' id='word_1_27' title='bbox 1316 297 1451 325; x_wconf 78' lang='lat' dir='ltr'>incertam</span> <span class='ocrx_word' id='word_1_28' title='bbox 1482 296 1607 331; x_wconf 87' lang='lat' dir='ltr'>reliquo.</span> 
     </span>
     <span class='ocr_line' id='line_1_4' title="bbox 100 348 1607 387; baseline -0.003 -6"><span class='ocrx_word' id='word_1_29' title='bbox 100 361 164 382; x_wconf 90' lang='lat' dir='ltr'>rum</span> <span class='ocrx_word' id='word_1_30' title='bbox 199 359 291 381; x_wconf 87' lang='lat' dir='ltr'>status</span> <span class='ocrx_word' id='word_1_31' title='bbox 324 360 356 380; x_wconf 86' lang='lat' dir='ltr'>ac</span> <span class='ocrx_word' id='word_1_32' title='bbox 394 352 469 380; x_wconf 87' lang='lat' dir='ltr'>vires</span> <span class='ocrx_word' id='word_1_33' title='bbox 504 350 671 387; x_wconf 84' lang='lat' dir='ltr'>patrimonii</span> <span class='ocrx_word' id='word_1_34' title='bbox 702 356 844 385; x_wconf 82' lang='lat' dir='ltr'>perpetuo</span> <span class='ocrx_word' id='word_1_35' title='bbox 879 349 1078 378; x_wconf 86' lang='lat' dir='ltr'>debilitentur:</span> <span class='ocrx_word' id='word_1_36' title='bbox 1108 350 1167 378; x_wconf 92' lang='lat' dir='ltr'>imo</span> <span class='ocrx_word' id='word_1_37' title='bbox 1194 356 1220 378; x_wconf 90' lang='lat' dir='ltr'>et</span> <span class='ocrx_word' id='word_1_38' title='bbox 1245 349 1327 379; x_wconf 89' lang='lat' dir='ltr'>valde</span> <span class='ocrx_word' id='word_1_39' title='bbox 1358 348 1490 385; x_wconf 88' lang='lat' dir='ltr'>publicae</span> <span class='ocrx_word' id='word_1_40' title='bbox 1520 348 1607 376; x_wconf 89' lang='lat' dir='ltr'>saluti</span> 
     </span>
     <span class='ocr_line' id='line_1_5' title="bbox 102 400 1607 438; baseline -0.003 -6"><span class='ocrx_word' id='word_1_41' title='bbox 102 404 276 433; x_wconf 80' lang='lat' dir='ltr'>eontrarium</span> <span class='ocrx_word' id='word_1_42' title='bbox 301 403 471 438; x_wconf 83' lang='lat' dir='ltr'>videbatur,</span> <span class='ocrx_word' id='word_1_43' title='bbox 492 403 522 431; x_wconf 90' lang='lat' dir='ltr'>in</span> <span class='ocrx_word' id='word_1_44' title='bbox 544 402 671 431; x_wconf 87' lang='lat' dir='ltr'>favorem</span> <span class='ocrx_word' id='word_1_45' title='bbox 700 402 787 429; x_wconf 81' lang='lat' dir='ltr'>unius</span> <span class='ocrx_word' id='word_1_46' title='bbox 809 408 965 437; x_wconf 80' lang='lat' dir='ltr'>personae,</span> <span class='ocrx_word' id='word_1_47' title='bbox 993 401 1027 429; x_wconf 89' lang='lat' dir='ltr'>de</span> <span class='ocrx_word' id='word_1_48' title='bbox 1049 401 1135 437; x_wconf 81' lang='lat' dir='ltr'>cujus</span> <span class='ocrx_word' id='word_1_49' title='bbox 1161 400 1328 430; x_wconf 87' lang='lat' dir='ltr'>conditione</span> <span class='ocrx_word' id='word_1_50' title='bbox 1356 407 1423 429; x_wconf 75' lang='lat' dir='ltr'>nonv</span> <span class='ocrx_word' id='word_1_51' title='bbox 1438 405 1607 436; x_wconf 78' lang='lat' dir='ltr'>constaret,</span> 
     </span>
     <span class='ocr_line' id='line_1_6' title="bbox 95 451 1608 488; baseline -0.001 -6"><span class='ocrx_word' id='word_1_52' title='bbox 95 455 173 483; x_wconf 89' lang='lat' dir='ltr'>bona</span> <span class='ocrx_word' id='word_1_53' title='bbox 206 453 313 483; x_wconf 83' lang='lat' dir='ltr'>tamdiu</span> <span class='ocrx_word' id='word_1_54' title='bbox 343 461 420 482; x_wconf 81' lang='lat' dir='ltr'>extra</span> <span class='ocrx_word' id='word_1_55' title='bbox 450 453 651 482; x_wconf 73' lang='lat' dir='ltr'>commercium</span> <span class='ocrx_word' id='word_1_56' title='bbox 680 452 814 488; x_wconf 83' lang='lat' dir='ltr'>retineri,</span> <span class='ocrx_word' id='word_1_57' title='bbox 841 460 868 481; x_wconf 90' lang='lat' dir='ltr'>et</span> <span class='ocrx_word' id='word_1_58' title='bbox 894 453 1009 481; x_wconf 84' lang='lat' dir='ltr'>liberam</span> <span class='ocrx_word' id='word_1_59' title='bbox 1039 461 1136 481; x_wconf 88' lang='lat' dir='ltr'>eorum</span> <span class='ocrx_word' id='word_1_60' title='bbox 1167 451 1441 481; x_wconf 84' lang='lat' dir='ltr'>administrationem</span> <span class='ocrx_word' id='word_1_61' title='bbox 1469 451 1608 481; x_wconf 73' lang='lat' dir='ltr'>omnibus</span> 
     </span>
     <span class='ocr_line' id='line_1_7' title="bbox 100 502 1607 542; baseline -0.002 -8"><span class='ocrx_word' id='word_1_62' title='bbox 100 505 231 535; x_wconf 76' lang='lat' dir='ltr'>interdici</span> <span class='ocrx_word' id='word_1_63' title='bbox 256 505 335 542; x_wconf 78' lang='lat'><strong>(2).</strong></span> <span class='ocrx_word' id='word_1_64' title='bbox 375 505 451 533; x_wconf 77' lang='lat' dir='ltr'>Haec</span> <span class='ocrx_word' id='word_1_65' title='bbox 475 513 544 533; x_wconf 90' lang='lat' dir='ltr'>vero</span> <span class='ocrx_word' id='word_1_66' title='bbox 567 505 591 532; x_wconf 83' lang='lat' dir='ltr'>si</span> <span class='ocrx_word' id='word_1_67' title='bbox 614 505 818 539; x_wconf 76' lang='lat' dir='ltr'>adtendantur,</span> <span class='ocrx_word' id='word_1_68' title='bbox 845 510 951 539; x_wconf 86' lang='lat' dir='ltr'>sponte</span> <span class='ocrx_word' id='word_1_69' title='bbox 973 503 1162 540; x_wconf 76' lang='lat' dir='ltr'>intelligitur,</span> <span class='ocrx_word' id='word_1_70' title='bbox 1193 511 1246 532; x_wconf 89' lang='lat' dir='ltr'>cur</span> <span class='ocrx_word' id='word_1_71' title='bbox 1268 503 1340 531; x_wconf 88' lang='lat' dir='ltr'>hanc</span> <span class='ocrx_word' id='word_1_72' title='bbox 1365 502 1531 531; x_wconf 85' lang='lat' dir='ltr'>missionem</span> <span class='ocrx_word' id='word_1_73' title='bbox 1555 503 1607 531; x_wconf 75' lang='lat' dir='ltr'>de-</span> 
     </span>
     <span class='ocr_line' id='line_1_8' title="bbox 91 554 1604 593; baseline -0.003 -8"><span class='ocrx_word' id='word_1_74' title='bbox 91 555 243 593; x_wconf 60' lang='lat' dir='ltr'>finitivam</span> <span class='ocrx_word' id='word_1_75' title='bbox 264 564 323 585; x_wconf 88' lang='lat' dir='ltr'>non</span> <span class='ocrx_word' id='word_1_76' title='bbox 343 555 519 585; x_wconf 69' lang='lat' dir='ltr'>concesserit</span> <span class='ocrx_word' id='word_1_77' title='bbox 543 556 688 592; x_wconf 80' lang='lat' dir='ltr'>legislator</span> <span class='ocrx_word' id='word_1_78' title='bbox 711 562 779 591; x_wconf 88' lang='lat' dir='ltr'>post</span> <span class='ocrx_word' id='word_1_79' title='bbox 806 564 840 592; x_wconf 82' lang='lat'>30</span> <span class='ocrx_word' id='word_1_80' title='bbox 867 563 958 584; x_wconf 88' lang='lat' dir='ltr'>annos</span> <span class='ocrx_word' id='word_1_81' title='bbox 983 564 998 584; x_wconf 84' lang='lat' dir='ltr'>a</span> <span class='ocrx_word' id='word_1_82' title='bbox 1025 562 1153 591; x_wconf 90' lang='lat' dir='ltr'>tempore</span> <span class='ocrx_word' id='word_1_83' title='bbox 1174 555 1328 583; x_wconf 83' lang='lat' dir='ltr'>declaratae</span> <span class='ocrx_word' id='word_1_84' title='bbox 1347 554 1502 583; x_wconf 83' lang='lat' dir='ltr'>Absentiae</span> <span class='ocrx_word' id='word_1_85' title='bbox 1525 563 1604 583; x_wconf 82' lang='lat' dir='ltr'>com..</span> 
     </span>
     <span class='ocr_line' id='line_1_9' title="bbox 98 605 1605 645; baseline 0.001 -9"><span class='ocrx_word' id='word_1_86' title='bbox 98 609 263 645; x_wconf 85' lang='lat' dir='ltr'>putandos,</span> <span class='ocrx_word' id='word_1_87' title='bbox 283 610 334 637; x_wconf 86' lang='lat' dir='ltr'>sed</span> <span class='ocrx_word' id='word_1_88' title='bbox 355 609 466 637; x_wconf 85' lang='lat' dir='ltr'>demum</span> <span class='ocrx_word' id='word_1_89' title='bbox 490 614 645 644; x_wconf 82' lang='lat' dir='ltr'>postquam</span> <span class='ocrx_word' id='word_1_90' title='bbox 663 616 712 644; x_wconf 84' lang='lat' dir='ltr'>per</span> <span class='ocrx_word' id='word_1_91' title='bbox 733 616 770 644; x_wconf 85' lang='lat'>30</span> <span class='ocrx_word' id='word_1_92' title='bbox 789 615 880 636; x_wconf 86' lang='lat' dir='ltr'>annos</span> <span class='ocrx_word' id='word_1_93' title='bbox 897 606 971 636; x_wconf 84' lang='lat' dir='ltr'>bona</span> <span class='ocrx_word' id='word_1_94' title='bbox 990 615 1024 636; x_wconf 90' lang='lat' dir='ltr'>eo</span> <span class='ocrx_word' id='word_1_95' title='bbox 1048 607 1135 636; x_wconf 89' lang='lat' dir='ltr'>modo</span> <span class='ocrx_word' id='word_1_96' title='bbox 1151 606 1351 635; x_wconf 82' lang='lat' dir='ltr'>administrata</span> <span class='ocrx_word' id='word_1_97' title='bbox 1370 605 1498 644; x_wconf 87' lang='lat' dir='ltr'>fuerint,</span> <span class='ocrx_word' id='word_1_98' title='bbox 1520 614 1605 643; x_wconf 81' lang='lat' dir='ltr'>quem</span> 
     </span>
     <span class='ocr_line' id='line_1_10' title="bbox 97 658 737 696; baseline 0.002 -9"><span class='ocrx_word' id='word_1_99' title='bbox 97 667 188 695; x_wconf 81' lang='lat' dir='ltr'>supra</span> <span class='ocrx_word' id='word_1_100' title='bbox 212 659 242 688; x_wconf 90' lang='lat' dir='ltr'>in</span> <span class='ocrx_word' id='word_1_101' title='bbox 264 658 367 695; x_wconf 87' lang='lat' dir='ltr'>Capite</span> <span class='ocrx_word' id='word_1_102' title='bbox 388 659 415 687; x_wconf 84' lang='lat'>11</span> <span class='ocrx_word' id='word_1_103' title='bbox 442 659 634 694; x_wconf 82' lang='lat' dir='ltr'>explicuimus</span> <span class='ocrx_word' id='word_1_104' title='bbox 660 659 737 696; x_wconf 74' lang='grc'>(3).</span> 
     </span>
    </p>

    <p class='ocr_par' dir='ltr' id='par_1_3' title="bbox 82 709 1608 1874">
     <span class='ocr_line' id='line_1_11' title="bbox 138 709 1607 748; baseline -0.001 -9"><span class='ocrx_word' id='word_1_105' title='bbox 138 710 262 739; x_wconf 87' lang='lat' dir='ltr'>Constat</span> <span class='ocrx_word' id='word_1_106' title='bbox 281 710 368 747; x_wconf 88' lang='lat' dir='ltr'>igitur</span> <span class='ocrx_word' id='word_1_107' title='bbox 392 710 558 739; x_wconf 85' lang='lat' dir='ltr'>missionem</span> <span class='ocrx_word' id='word_1_108' title='bbox 581 711 610 739; x_wconf 87' lang='lat' dir='ltr'>iu</span> <span class='ocrx_word' id='word_1_109' title='bbox 627 710 838 747; x_wconf 86' lang='lat' dir='ltr'>possessionem</span> <span class='ocrx_word' id='word_1_110' title='bbox 862 711 1041 748; x_wconf 67' lang='lat' dir='ltr'>definitivam</span> <span class='ocrx_word' id='word_1_111' title='bbox 1066 709 1125 746; x_wconf 87' lang='lat' dir='ltr'>peti</span> <span class='ocrx_word' id='word_1_112' title='bbox 1147 717 1236 746; x_wconf 84' lang='lat' dir='ltr'>posse</span> <span class='ocrx_word' id='word_1_113' title='bbox 1248 715 1319 746; x_wconf 80' lang='lat' dir='ltr'>post</span> <span class='ocrx_word' id='word_1_114' title='bbox 1340 717 1375 746; x_wconf 80' lang='lat'>30</span> <span class='ocrx_word' id='word_1_115' title='bbox 1395 717 1485 738; x_wconf 89' lang='lat' dir='ltr'>annos</span> <span class='ocrx_word' id='word_1_116' title='bbox 1505 718 1520 738; x_wconf 86' lang='lat' dir='ltr'>a</span> <span class='ocrx_word' id='word_1_117' title='bbox 1538 716 1607 738; x_wconf 79' lang='lat' dir='ltr'>tem-</span> 
     </span>
     <span class='ocr_line' id='line_1_12' title="bbox 96 761 1607 798; baseline 0.001 -9"><span class='ocrx_word' id='word_1_118' title='bbox 96 770 169 798; x_wconf 74' lang='lat' dir='ltr'>pore</span> <span class='ocrx_word' id='word_1_119' title='bbox 193 762 389 798; x_wconf 77' lang='lat' dir='ltr'>possessionis</span> <span class='ocrx_word' id='word_1_120' title='bbox 415 761 577 791; x_wconf 79' lang='lat' dir='ltr'>fiduciariae</span> <span class='ocrx_word' id='word_1_121' title='bbox 600 761 757 797; x_wconf 83' lang='lat' dir='ltr'>acquisitae</span> <span class='ocrx_word' id='word_1_122' title='bbox 785 764 1018 798; x_wconf 81' lang='lat' dir='ltr'>computandos:</span> <span class='ocrx_word' id='word_1_123' title='bbox 1048 770 1113 790; x_wconf 89' lang='lat' dir='ltr'>cum</span> <span class='ocrx_word' id='word_1_124' title='bbox 1139 770 1207 790; x_wconf 88' lang='lat' dir='ltr'>vero</span> <span class='ocrx_word' id='word_1_125' title='bbox 1234 761 1301 790; x_wconf 88' lang='lat' dir='ltr'>huic</span> <span class='ocrx_word' id='word_1_126' title='bbox 1328 761 1509 797; x_wconf 82' lang='lat' dir='ltr'>possessioni</span> <span class='ocrx_word' id='word_1_127' title='bbox 1533 762 1607 790; x_wconf 85' lang='lat' dir='ltr'>fidu-</span> 
     </span>
     <span class='ocr_line' id='line_1_13' title="bbox 91 812 1604 851; baseline 0 -9"><span class='ocrx_word' id='word_1_128' title='bbox 91 813 194 842; x_wconf 79' lang='lat' dir='ltr'>ciariae</span> <span class='ocrx_word' id='word_1_129' title='bbox 218 821 268 849; x_wconf 88' lang='lat' dir='ltr'>per</span> <span class='ocrx_word' id='word_1_130' title='bbox 292 822 327 849; x_wconf 77' lang='lat'>30</span> <span class='ocrx_word' id='word_1_131' title='bbox 353 821 444 841; x_wconf 83' lang='lat' dir='ltr'>annos</span> <span class='ocrx_word' id='word_1_132' title='bbox 472 814 630 842; x_wconf 88' lang='lat' dir='ltr'>continuos</span> <span class='ocrx_word' id='word_1_133' title='bbox 661 813 814 842; x_wconf 88' lang='lat' dir='ltr'>efficaciora</span> <span class='ocrx_word' id='word_1_134' title='bbox 834 816 898 851; x_wconf 80' lang='lat' dir='ltr'>J&#39;ura</span> <span class='ocrx_word' id='word_1_135' title='bbox 927 822 984 842; x_wconf 89' lang='lat' dir='ltr'>non</span> <span class='ocrx_word' id='word_1_136' title='bbox 1013 813 1227 842; x_wconf 83' lang='lat' dir='ltr'>substituantur</span> <span class='ocrx_word' id='word_1_137' title='bbox 1253 821 1286 841; x_wconf 87' lang='lat' dir='ltr'>eo</span> <span class='ocrx_word' id='word_1_138' title='bbox 1313 820 1422 848; x_wconf 87' lang='lat' dir='ltr'>scopo,</span> <span class='ocrx_word' id='word_1_139' title='bbox 1452 819 1485 840; x_wconf 93' lang='lat' dir='ltr'>ut</span> <span class='ocrx_word' id='word_1_140' title='bbox 1509 812 1604 849; x_wconf 89' lang='lat' dir='ltr'>forte,</span> 
     </span>
     <span class='ocr_line' id='line_1_14' title="bbox 94 863 1606 900; baseline 0 -7"><span class='ocrx_word' id='word_1_141' title='bbox 94 870 246 900; x_wconf 80' lang='lat' dir='ltr'>antequam</span> <span class='ocrx_word' id='word_1_142' title='bbox 272 864 347 892; x_wconf 89' lang='lat' dir='ltr'>bona</span> <span class='ocrx_word' id='word_1_143' title='bbox 365 864 395 892; x_wconf 89' lang='lat' dir='ltr'>in</span> <span class='ocrx_word' id='word_1_144' title='bbox 414 864 615 900; x_wconf 81' lang='lat' dir='ltr'>proprietatem</span> <span class='ocrx_word' id='word_1_145' title='bbox 633 864 784 893; x_wconf 84' lang='lat' dir='ltr'>heredibus</span> <span class='ocrx_word' id='word_1_146' title='bbox 801 865 1043 900; x_wconf 77' lang='lat' dir='ltr'>concederentur,</span> <span class='ocrx_word' id='word_1_147' title='bbox 1067 863 1265 900; x_wconf 86' lang='lat' dir='ltr'>possessionis</span> <span class='ocrx_word' id='word_1_148' title='bbox 1281 864 1383 892; x_wconf 60' lang='lat' dir='ltr'>caussa</span> <span class='ocrx_word' id='word_1_149' title='bbox 1401 864 1515 893; x_wconf 79' lang='lat' dir='ltr'>sublata</span> <span class='ocrx_word' id='word_1_150' title='bbox 1539 873 1606 900; x_wconf 80' lang='lat' dir='ltr'>pro-</span> 
     </span>
     <span class='ocr_line' id='line_1_15' title="bbox 93 914 1605 953; baseline 0.001 -9"><span class='ocrx_word' id='word_1_151' title='bbox 93 922 158 953; x_wconf 84' lang='lat' dir='ltr'>pter</span> <span class='ocrx_word' id='word_1_152' title='bbox 183 915 304 944; x_wconf 83' lang='lat' dir='ltr'>reditum</span> <span class='ocrx_word' id='word_1_153' title='bbox 335 914 472 943; x_wconf 85' lang='lat' dir='ltr'>Absentis</span> <span class='ocrx_word' id='word_1_154' title='bbox 491 935 501 950; x_wconf 89' lang='lat'><strong>‚</strong></span> <span class='ocrx_word' id='word_1_155' title='bbox 527 916 572 943; x_wconf 88' lang='lat' dir='ltr'>vel</span> <span class='ocrx_word' id='word_1_156' title='bbox 601 915 735 944; x_wconf 87' lang='lat' dir='ltr'>nuntium</span> <span class='ocrx_word' id='word_1_157' title='bbox 766 916 908 951; x_wconf 83' lang='lat' dir='ltr'>aliatum,</span> <span class='ocrx_word' id='word_1_158' title='bbox 947 915 1080 944; x_wconf 86' lang='lat' dir='ltr'>ulteriora</span> <span class='ocrx_word' id='word_1_159' title='bbox 1114 915 1242 943; x_wconf 86' lang='lat' dir='ltr'>subsidia</span> <span class='ocrx_word' id='word_1_160' title='bbox 1277 923 1336 943; x_wconf 88' lang='lat' dir='ltr'>non</span> <span class='ocrx_word' id='word_1_161' title='bbox 1367 915 1493 944; x_wconf 86' lang='lat' dir='ltr'>adhiberi</span> <span class='ocrx_word' id='word_1_162' title='bbox 1530 925 1605 952; x_wconf 79' lang='lat' dir='ltr'>opus</span> 
     </span>
     <span class='ocr_line' id='line_1_16' title="bbox 94 965 1606 1003; baseline 0.002 -8"><span class='ocrx_word' id='word_1_163' title='bbox 94 966 155 1001; x_wconf 78' lang='lat' dir='ltr'>sit,</span> <span class='ocrx_word' id='word_1_164' title='bbox 177 965 205 994; x_wconf 87' lang='lat' dir='ltr'>in</span> <span class='ocrx_word' id='word_1_165' title='bbox 225 965 324 1002; x_wconf 76' lang='lat' dir='ltr'>prImis</span> <span class='ocrx_word' id='word_1_166' title='bbox 347 974 466 1002; x_wconf 87' lang='lat' dir='ltr'>quoque</span> <span class='ocrx_word' id='word_1_167' title='bbox 490 967 661 995; x_wconf 84' lang='lat' dir='ltr'>desideravit</span> <span class='ocrx_word' id='word_1_168' title='bbox 685 967 852 1003; x_wconf 79' lang='lat' dir='ltr'>legislator,</span> <span class='ocrx_word' id='word_1_169' title='bbox 875 974 908 996; x_wconf 92' lang='lat' dir='ltr'>ut</span> <span class='ocrx_word' id='word_1_170' title='bbox 935 976 984 1003; x_wconf 86' lang='lat' dir='ltr'>per</span> <span class='ocrx_word' id='word_1_171' title='bbox 1000 975 1085 996; x_wconf 89' lang='lat' dir='ltr'>omne</span> <span class='ocrx_word' id='word_1_172' title='bbox 1108 967 1181 995; x_wconf 81' lang='lat' dir='ltr'>ill-ud</span> <span class='ocrx_word' id='word_1_173' title='bbox 1203 973 1316 1003; x_wconf 87' lang='lat' dir='ltr'>tempus</span> <span class='ocrx_word' id='word_1_174' title='bbox 1337 967 1410 996; x_wconf 86' lang='lat' dir='ltr'>nihil</span> <span class='ocrx_word' id='word_1_175' title='bbox 1436 967 1471 996; x_wconf 90' lang='lat' dir='ltr'>de</span> <span class='ocrx_word' id='word_1_176' title='bbox 1491 968 1606 998; x_wconf 82' lang='lat' dir='ltr'>Absen-</span> 
     </span>
     <span class='ocr_line' id='line_1_17' title="bbox 89 1017 1606 1054; baseline 0.001 -8"><span class='ocrx_word' id='word_1_177' title='bbox 89 1017 131 1046; x_wconf 79' lang='lat' dir='ltr'>tis</span> <span class='ocrx_word' id='word_1_178' title='bbox 157 1017 322 1046; x_wconf 85' lang='lat' dir='ltr'>conditione</span> <span class='ocrx_word' id='word_1_179' title='bbox 344 1017 520 1052; x_wconf 84' lang='lat' dir='ltr'>innotuerit,</span> <span class='ocrx_word' id='word_1_180' title='bbox 546 1024 698 1053; x_wconf 84' lang='lat' dir='ltr'>antequam</span> <span class='ocrx_word' id='word_1_181' title='bbox 731 1019 798 1046; x_wconf 86' lang='lat' dir='ltr'>haec</span> <span class='ocrx_word' id='word_1_182' title='bbox 828 1019 977 1054; x_wconf 89' lang='lat' dir='ltr'>possessio</span> <span class='ocrx_word' id='word_1_183' title='bbox 1008 1018 1154 1047; x_wconf 76' lang='lat' dir='ltr'>definitiva</span> <span class='ocrx_word' id='word_1_184' title='bbox 1185 1018 1377 1054; x_wconf 80' lang='lat' dir='ltr'>concedatur3</span> <span class='ocrx_word' id='word_1_185' title='bbox 1406 1019 1535 1054; x_wconf 84' lang='lat' dir='ltr'>adeoque</span> <span class='ocrx_word' id='word_1_186' title='bbox 1557 1028 1606 1048; x_wconf 90' lang='lat' dir='ltr'>ne-</span> 
     </span>
     <span class='ocr_line' id='line_1_18' title="bbox 88 1060 1605 1104; baseline 0.001 -6"><span class='ocrx_word' id='word_1_187' title='bbox 88 1076 173 1098; x_wconf 81' lang='lat' dir='ltr'>cesse</span> <span class='ocrx_word' id='word_1_188' title='bbox 197 1069 327 1103; x_wconf 84' lang='lat' dir='ltr'>videtur,</span> <span class='ocrx_word' id='word_1_189' title='bbox 358 1060 425 1096; x_wconf 83' lang='lat' dir='ltr'>uta</span> <span class='ocrx_word' id='word_1_190' title='bbox 449 1068 602 1097; x_wconf 85' lang='lat' dir='ltr'>Tribunali</span> <span class='ocrx_word' id='word_1_191' title='bbox 626 1068 734 1104; x_wconf 86' lang='lat' dir='ltr'>primae</span> <span class='ocrx_word' id='word_1_192' title='bbox 759 1068 910 1098; x_wconf 83' lang='lat' dir='ltr'>instantiae</span> <span class='ocrx_word' id='word_1_193' title='bbox 934 1070 1035 1098; x_wconf 86' lang='lat' dir='ltr'>iterum</span> <span class='ocrx_word' id='word_1_194' title='bbox 1061 1075 1149 1097; x_wconf 88' lang='lat' dir='ltr'>testes</span> <span class='ocrx_word' id='word_1_195' title='bbox 1171 1070 1324 1098; x_wconf 82' lang='lat' dir='ltr'>audiantur</span> <span class='ocrx_word' id='word_1_196' title='bbox 1345 1070 1442 1098; x_wconf 85' lang='lat' dir='ltr'>eodem</span> <span class='ocrx_word' id='word_1_197' title='bbox 1468 1071 1556 1100; x_wconf 84' lang='lat' dir='ltr'>modo</span> <span class='ocrx_word' id='word_1_198' title='bbox 1573 1079 1605 1101; x_wconf 85' lang='lat' dir='ltr'>ac</span> 
     </span>
     <span class='ocr_line' id='line_1_19' title="bbox 88 1118 1606 1158; baseline 0.001 -10"><span class='ocrx_word' id='word_1_199' title='bbox 88 1127 179 1156; x_wconf 77' lang='lat' dir='ltr'>supra</span> <span class='ocrx_word' id='word_1_200' title='bbox 200 1119 325 1148; x_wconf 86' lang='lat' dir='ltr'>vidimus</span> <span class='ocrx_word' id='word_1_201' title='bbox 349 1120 383 1147; x_wconf 89' lang='lat' dir='ltr'>de</span> <span class='ocrx_word' id='word_1_202' title='bbox 408 1119 544 1147; x_wconf 84' lang='lat' dir='ltr'>missione</span> <span class='ocrx_word' id='word_1_203' title='bbox 573 1118 718 1147; x_wconf 88' lang='lat' dir='ltr'>fiduciaria</span> <span class='ocrx_word' id='word_1_204' title='bbox 750 1119 779 1147; x_wconf 93' lang='lat' dir='ltr'>in</span> <span class='ocrx_word' id='word_1_205' title='bbox 812 1119 888 1148; x_wconf 89' lang='lat' dir='ltr'>bona</span> <span class='ocrx_word' id='word_1_206' title='bbox 913 1120 1063 1148; x_wconf 84' lang='lat' dir='ltr'>Absentis.</span> <span class='ocrx_word' id='word_1_207' title='bbox 1104 1119 1178 1149; x_wconf 88' lang='lat' dir='ltr'>Nam</span> <span class='ocrx_word' id='word_1_208' title='bbox 1204 1121 1271 1148; x_wconf 82' lang='lat' dir='ltr'>licet</span> <span class='ocrx_word' id='word_1_209' title='bbox 1302 1120 1331 1149; x_wconf 88' lang='lat' dir='ltr'>in</span> <span class='ocrx_word' id='word_1_210' title='bbox 1356 1126 1418 1149; x_wconf 76' lang='lat' dir='ltr'>art.</span> <span class='ocrx_word' id='word_1_211' title='bbox 1443 1129 1508 1158; x_wconf 76' lang='lat'>129.</span> <span class='ocrx_word' id='word_1_212' title='bbox 1533 1121 1606 1153; x_wconf 84' lang='lat' dir='ltr'>illud</span> 
     </span>
     <span class='ocr_line' id='line_1_20' title="bbox 96 1169 1608 1208; baseline 0.001 -9"><span class='ocrx_word' id='word_1_213' title='bbox 96 1178 230 1207; x_wconf 77' lang='lat' dir='ltr'>expresse</span> <span class='ocrx_word' id='word_1_214' title='bbox 250 1178 312 1198; x_wconf 87' lang='lat' dir='ltr'>non</span> <span class='ocrx_word' id='word_1_215' title='bbox 334 1170 516 1206; x_wconf 87' lang='lat' dir='ltr'>requiratur,</span> <span class='ocrx_word' id='word_1_216' title='bbox 542 1170 694 1206; x_wconf 79' lang='lat' dir='ltr'>probabile</span> <span class='ocrx_word' id='word_1_217' title='bbox 718 1170 816 1198; x_wconf 88' lang='lat' dir='ltr'>saltem</span> <span class='ocrx_word' id='word_1_218' title='bbox 840 1170 954 1198; x_wconf 85' lang='lat' dir='ltr'>videtur</span> <span class='ocrx_word' id='word_1_219' title='bbox 978 1171 1049 1199; x_wconf 84' lang='lat' dir='ltr'>hanc</span> <span class='ocrx_word' id='word_1_220' title='bbox 1073 1169 1167 1199; x_wconf 87' lang='lat' dir='ltr'>fuisse</span> <span class='ocrx_word' id='word_1_221' title='bbox 1190 1171 1362 1207; x_wconf 85' lang='lat' dir='ltr'>legislatoris</span> <span class='ocrx_word' id='word_1_222' title='bbox 1387 1179 1509 1200; x_wconf 87' lang='lat' dir='ltr'>mentem</span> <span class='ocrx_word' id='word_1_223' title='bbox 1535 1181 1608 1208; x_wconf 89' lang='lat' dir='ltr'>pro-</span> 
     </span>
     <span class='ocr_line' id='line_1_21' title="bbox 90 1220 1608 1259; baseline 0.002 -9"><span class='ocrx_word' id='word_1_224' title='bbox 90 1229 155 1259; x_wconf 84' lang='lat' dir='ltr'>pter</span> <span class='ocrx_word' id='word_1_225' title='bbox 177 1222 272 1258; x_wconf 85' lang='lat' dir='ltr'>priora</span> <span class='ocrx_word' id='word_1_226' title='bbox 296 1222 411 1250; x_wconf 75' lang='lat' dir='ltr'>articuii</span> <span class='ocrx_word' id='word_1_227' title='bbox 432 1222 533 1250; x_wconf 87' lang='lat' dir='ltr'>verba:</span> <span class='ocrx_word' id='word_1_228' title='bbox 555 1223 580 1249; x_wconf 84' lang='lat' dir='ltr'>si</span> <span class='ocrx_word' id='word_1_229' title='bbox 601 1220 752 1249; x_wconf 65' lang='lat' dir='ltr'>l’Absence</span> <span class='ocrx_word' id='word_1_230' title='bbox 772 1230 791 1248; x_wconf 85' lang='lat' dir='ltr'>a</span> <span class='ocrx_word' id='word_1_231' title='bbox 813 1222 950 1250; x_wconf 68' lang='lat' dir='ltr'>continue</span> <span class='ocrx_word' id='word_1_232' title='bbox 967 1221 1097 1259; x_wconf 75' lang='lat' dir='ltr'>pendant</span> <span class='ocrx_word' id='word_1_233' title='bbox 1124 1229 1159 1257; x_wconf 83' lang='lat'>30</span> <span class='ocrx_word' id='word_1_234' title='bbox 1175 1230 1248 1249; x_wconf 81' lang='lat' dir='ltr'>ans:</span> <span class='ocrx_word' id='word_1_235' title='bbox 1267 1222 1301 1249; x_wconf 88' lang='lat' dir='ltr'>de</span> <span class='ocrx_word' id='word_1_236' title='bbox 1320 1229 1357 1250; x_wconf 84' lang='lat' dir='ltr'>eo</span> <span class='ocrx_word' id='word_1_237' title='bbox 1377 1223 1451 1251; x_wconf 85' lang='lat' dir='ltr'>enim</span> <span class='ocrx_word' id='word_1_238' title='bbox 1475 1232 1533 1252; x_wconf 88' lang='lat' dir='ltr'>non</span> <span class='ocrx_word' id='word_1_239' title='bbox 1560 1232 1608 1254; x_wconf 80' lang='lat' dir='ltr'>sa,-</span> 
     </span>
     <span class='ocr_line' id='line_1_22' title="bbox 92 1271 1605 1309; baseline 0.002 -8"><span class='ocrx_word' id='word_1_240' title='bbox 92 1273 131 1301; x_wconf 83' lang='lat' dir='ltr'>tis</span> <span class='ocrx_word' id='word_1_241' title='bbox 152 1272 316 1307; x_wconf 86' lang='lat' dir='ltr'>constabit,</span> <span class='ocrx_word' id='word_1_242' title='bbox 337 1272 395 1301; x_wconf 90' lang='lat' dir='ltr'>nisi</span> <span class='ocrx_word' id='word_1_243' title='bbox 420 1272 524 1300; x_wconf 86' lang='lat' dir='ltr'>iterum</span> <span class='ocrx_word' id='word_1_244' title='bbox 549 1277 637 1300; x_wconf 84' lang='lat' dir='ltr'>testes</span> <span class='ocrx_word' id='word_1_245' title='bbox 658 1271 829 1308; x_wconf 76' lang='lat' dir='ltr'>audiantur3</span> <span class='ocrx_word' id='word_1_246' title='bbox 851 1279 879 1301; x_wconf 88' lang='lat' dir='ltr'>et</span> <span class='ocrx_word' id='word_1_247' title='bbox 902 1274 1041 1302; x_wconf 86' lang='lat' dir='ltr'>Absentis</span> <span class='ocrx_word' id='word_1_248' title='bbox 1061 1274 1212 1302; x_wconf 86' lang='lat' dir='ltr'>commoda</span> <span class='ocrx_word' id='word_1_249' title='bbox 1232 1281 1266 1301; x_wconf 91' lang='lat' dir='ltr'>eo</span> <span class='ocrx_word' id='word_1_250' title='bbox 1284 1273 1373 1309; x_wconf 85' lang='lat' dir='ltr'>magis</span> <span class='ocrx_word' id='word_1_251' title='bbox 1389 1274 1470 1302; x_wconf 90' lang='lat' dir='ltr'>talem</span> <span class='ocrx_word' id='word_1_252' title='bbox 1488 1275 1605 1304; x_wconf 83' lang='lat' dir='ltr'>testium</span> 
     </span>
     <span class='ocr_line' id='line_1_23' title="bbox 91 1317 1607 1363; baseline -0.001 -8"><span class='ocrx_word' id='word_1_253' title='bbox 91 1326 317 1363; x_wconf 70' lang='lat' dir='ltr'>explorationem</span> <span class='ocrx_word' id='word_1_254' title='bbox 344 1326 501 1360; x_wconf 81' lang='lat' dir='ltr'>desiderare</span> <span class='ocrx_word' id='word_1_255' title='bbox 532 1325 684 1361; x_wconf 88' lang='lat' dir='ltr'>videntur,</span> <span class='ocrx_word' id='word_1_256' title='bbox 714 1334 772 1361; x_wconf 90' lang='lat' dir='ltr'>quo</span> <span class='ocrx_word' id='word_1_257' title='bbox 802 1327 885 1362; x_wconf 89' lang='lat' dir='ltr'>plura</span> <span class='ocrx_word' id='word_1_258' title='bbox 907 1331 934 1353; x_wconf 90' lang='lat' dir='ltr'>et</span> <span class='ocrx_word' id='word_1_259' title='bbox 963 1324 1118 1353; x_wconf 88' lang='lat' dir='ltr'>efficaciora</span> <span class='ocrx_word' id='word_1_260' title='bbox 1147 1324 1368 1360; x_wconf 83' lang='lat' dir='ltr'>possessoribus</span> <span class='ocrx_word' id='word_1_261' title='bbox 1388 1324 1452 1361; x_wconf 85' lang='lat' dir='ltr'>jura</span> <span class='ocrx_word' id='word_1_262' title='bbox 1475 1317 1607 1354; x_wconf 77' lang='lat' dir='ltr'>t&#39;ribuun-</span> 
     </span>
     <span class='ocr_line' id='line_1_24' title="bbox 93 1375 1607 1413; baseline 0 -8"><span class='ocrx_word' id='word_1_263' title='bbox 93 1382 161 1411; x_wconf 85' lang='lat' dir='ltr'>tur,</span> <span class='ocrx_word' id='word_1_264' title='bbox 180 1385 266 1412; x_wconf 86' lang='lat' dir='ltr'>quam</span> <span class='ocrx_word' id='word_1_265' title='bbox 284 1376 396 1412; x_wconf 89' lang='lat' dir='ltr'>-quibus</span> <span class='ocrx_word' id='word_1_266' title='bbox 421 1377 573 1412; x_wconf 87' lang='lat' dir='ltr'>hucusque</span> <span class='ocrx_word' id='word_1_267' title='bbox 603 1376 695 1413; x_wconf 87' lang='lat' dir='ltr'>gavisi</span> <span class='ocrx_word' id='word_1_268' title='bbox 726 1376 860 1411; x_wconf 87' lang='lat' dir='ltr'>fuerant,</span> <span class='ocrx_word' id='word_1_269' title='bbox 888 1381 916 1403; x_wconf 89' lang='lat' dir='ltr'>et</span> <span class='ocrx_word' id='word_1_270' title='bbox 945 1376 978 1403; x_wconf 91' lang='lat' dir='ltr'>ad</span> <span class='ocrx_word' id='word_1_271' title='bbox 1003 1383 1075 1410; x_wconf 88' lang='lat' dir='ltr'>quae</span> <span class='ocrx_word' id='word_1_272' title='bbox 1103 1375 1282 1403; x_wconf 84' lang='lat' dir='ltr'>concedenda</span> <span class='ocrx_word' id='word_1_273' title='bbox 1313 1383 1423 1403; x_wconf 87' lang='lat' dir='ltr'>summa</span> <span class='ocrx_word' id='word_1_274' title='bbox 1447 1384 1511 1405; x_wconf 85' lang='lat' dir='ltr'>curn</span> <span class='ocrx_word' id='word_1_275' title='bbox 1537 1385 1607 1413; x_wconf 88' lang='lat' dir='ltr'>pru-</span> 
     </span>
     <span class='ocr_line' id='line_1_25' title="bbox 88 1419 1606 1465; baseline -0.001 -9"><span class='ocrx_word' id='word_1_276' title='bbox 88 1428 186 1457; x_wconf 77' lang='lat' dir='ltr'>dentia</span> <span class='ocrx_word' id='word_1_277' title='bbox 210 1435 236 1457; x_wconf 90' lang='lat' dir='ltr'>et</span> <span class='ocrx_word' id='word_1_278' title='bbox 263 1429 402 1465; x_wconf 87' lang='lat' dir='ltr'>scrupulo</span> <span class='ocrx_word' id='word_1_279' title='bbox 426 1427 567 1464; x_wconf 88' lang='lat' dir='ltr'>processit</span> <span class='ocrx_word' id='word_1_280' title='bbox 588 1428 744 1464; x_wconf 84' lang='lat' dir='ltr'>legislator.</span> <span class='ocrx_word' id='word_1_281' title='bbox 782 1427 858 1455; x_wconf 75' lang='lat' dir='ltr'>idem</span> <span class='ocrx_word' id='word_1_282' title='bbox 893 1426 1003 1463; x_wconf 85' lang='lat' dir='ltr'>egregie</span> <span class='ocrx_word' id='word_1_283' title='bbox 1030 1434 1148 1461; x_wconf 90' lang='lat' dir='ltr'>quoque</span> <span class='ocrx_word' id='word_1_284' title='bbox 1175 1425 1360 1455; x_wconf 86' lang='lat' dir='ltr'>confirmatur</span> <span class='ocrx_word' id='word_1_285' title='bbox 1388 1419 1520 1457; x_wconf 69' lang='lat' dir='ltr'>oratione</span> <span class='ocrx_word' id='word_1_286' title='bbox 1541 1435 1606 1456; x_wconf 82' lang='lat' dir='ltr'>sua-</span> 
     </span>
     <span class='ocr_line' id='line_1_26' title="bbox 91 1476 1604 1516; baseline -0.001 -9"><span class='ocrx_word' id='word_1_287' title='bbox 91 1478 172 1508; x_wconf 76' lang='lat' dir='ltr'>soria</span> <span class='ocrx_word' id='word_1_288' title='bbox 196 1479 249 1507; x_wconf 91' lang='lat' dir='ltr'>viri</span> <span class='ocrx_word' id='word_1_289' title='bbox 273 1480 359 1515; x_wconf 87' lang='lat' dir='ltr'>ampl.</span> <span class='ocrx_word' id='word_1_290' title='bbox 378 1478 685 1516; x_wconf 55' lang='lat' dir='ltr'>&amp;got-Prummu,</span> <span class='ocrx_word' id='word_1_291' title='bbox 707 1479 742 1507; x_wconf 91' lang='lat' dir='ltr'>ad</span> <span class='ocrx_word' id='word_1_292' title='bbox 762 1478 792 1506; x_wconf 80' lang='lat' dir='ltr'>h.</span> <span class='ocrx_word' id='word_1_293' title='bbox 810 1479 832 1506; x_wconf 90' lang='lat' dir='ltr'>l.</span> <span class='ocrx_word' id='word_1_294' title='bbox 860 1477 1009 1514; x_wconf 57' lang='lat' dir='ltr'>(Modfs,</span> <span class='ocrx_word' id='word_1_295' title='bbox 1029 1477 1051 1506; x_wconf 89' lang='grc' dir='ltr'>Ι.</span> <span class='ocrx_word' id='word_1_296' title='bbox 1074 1477 1099 1505; x_wconf 74' lang='lat' dir='ltr'>l.</span> <span class='ocrx_word' id='word_1_297' title='bbox 1125 1485 1157 1513; x_wconf 89' lang='lat' dir='ltr'>p.</span> <span class='ocrx_word' id='word_1_298' title='bbox 1184 1478 1246 1514; x_wconf 78' lang='lat'>185.</span> <span class='ocrx_word' id='word_1_299' title='bbox 1271 1476 1300 1505; x_wconf 87' lang='lat' dir='ltr'>in</span> <span class='ocrx_word' id='word_1_300' title='bbox 1317 1476 1380 1512; x_wconf 85' lang='lat' dir='ltr'>f.).</span> <span class='ocrx_word' id='word_1_301' title='bbox 1421 1476 1604 1506; x_wconf 82' lang='lat' dir='ltr'>Possessioni</span> 
     </span>
     <span class='ocr_line' id='line_1_27' title="bbox 87 1526 1602 1566; baseline 0.001 -10"><span class='ocrx_word' id='word_1_302' title='bbox 87 1528 181 1564; x_wconf 80' lang='lat' dir='ltr'>igitur</span> <span class='ocrx_word' id='word_1_303' title='bbox 201 1528 362 1558; x_wconf 83' lang='lat' dir='ltr'>fiduciariae</span> <span class='ocrx_word' id='word_1_304' title='bbox 387 1537 506 1566; x_wconf 85' lang='lat' dir='ltr'>propter</span> <span class='ocrx_word' id='word_1_305' title='bbox 529 1538 603 1558; x_wconf 88' lang='lat' dir='ltr'>onus</span> <span class='ocrx_word' id='word_1_306' title='bbox 626 1528 882 1557; x_wconf 83' lang='lat' dir='ltr'>administrationis</span> <span class='ocrx_word' id='word_1_307' title='bbox 911 1536 962 1564; x_wconf 86' lang='lat' dir='ltr'>per</span> <span class='ocrx_word' id='word_1_308' title='bbox 985 1536 1021 1564; x_wconf 84' lang='lat'>30</span> <span class='ocrx_word' id='word_1_309' title='bbox 1044 1536 1135 1556; x_wconf 90' lang='lat' dir='ltr'>annos</span> <span class='ocrx_word' id='word_1_310' title='bbox 1156 1534 1252 1564; x_wconf 82' lang='lat' dir='ltr'>gestae</span> <span class='ocrx_word' id='word_1_311' title='bbox 1279 1527 1428 1563; x_wconf 85' lang='lat' dir='ltr'>possessio</span> <span class='ocrx_word' id='word_1_312' title='bbox 1452 1526 1602 1561; x_wconf 80' lang='lat' dir='ltr'>definitiva</span> 
     </span>
     <span class='ocr_line' id='line_1_28' title="bbox 88 1578 1606 1616; baseline 0.001 -9"><span class='ocrx_word' id='word_1_313' title='bbox 88 1579 231 1607; x_wconf 74' lang='lat' dir='ltr'>substitui</span> <span class='ocrx_word' id='word_1_314' title='bbox 259 1580 376 1615; x_wconf 84' lang='lat' dir='ltr'>nequit,</span> <span class='ocrx_word' id='word_1_315' title='bbox 397 1580 454 1608; x_wconf 86' lang='lat' dir='ltr'>nisi</span> <span class='ocrx_word' id='word_1_316' title='bbox 476 1580 632 1608; x_wconf 84' lang='lat' dir='ltr'>solenniter</span> <span class='ocrx_word' id='word_1_317' title='bbox 657 1580 777 1616; x_wconf 87' lang='lat' dir='ltr'>peractis</span> <span class='ocrx_word' id='word_1_318' title='bbox 802 1580 860 1616; x_wconf 88' lang='lat' dir='ltr'>iis,</span> <span class='ocrx_word' id='word_1_319' title='bbox 890 1580 924 1608; x_wconf 90' lang='lat' dir='ltr'>de</span> <span class='ocrx_word' id='word_1_320' title='bbox 945 1580 1053 1616; x_wconf 89' lang='lat' dir='ltr'>quibus</span> <span class='ocrx_word' id='word_1_321' title='bbox 1080 1588 1168 1616; x_wconf 84' lang='lat' dir='ltr'>supra</span> <span class='ocrx_word' id='word_1_322' title='bbox 1189 1579 1337 1615; x_wconf 80' lang='lat' dir='ltr'>vidimus,</span> <span class='ocrx_word' id='word_1_323' title='bbox 1357 1585 1384 1607; x_wconf 89' lang='lat' dir='ltr'>et</span> <span class='ocrx_word' id='word_1_324' title='bbox 1408 1578 1538 1608; x_wconf 85' lang='lat' dir='ltr'>insecuta</span> <span class='ocrx_word' id='word_1_325' title='bbox 1553 1587 1606 1613; x_wconf 79' lang='lat' dir='ltr'>no·</span> 
     </span>
     <span class='ocr_line' id='line_1_29' title="bbox 85 1631 1329 1669; baseline -0.001 -8"><span class='ocrx_word' id='word_1_326' title='bbox 85 1639 126 1661; x_wconf 67' lang='lat' dir='ltr'>va</span> <span class='ocrx_word' id='word_1_327' title='bbox 151 1631 317 1669; x_wconf 82' lang='lat' dir='ltr'>Tribunalis</span> <span class='ocrx_word' id='word_1_328' title='bbox 341 1632 465 1668; x_wconf 89' lang='lat' dir='ltr'>ejusdem</span> <span class='ocrx_word' id='word_1_329' title='bbox 491 1632 570 1667; x_wconf 84' lang='lat' dir='ltr'>loci,</span> <span class='ocrx_word' id='word_1_330' title='bbox 593 1632 612 1661; x_wconf 90' lang='lat' dir='ltr'>i.</span> <span class='ocrx_word' id='word_1_331' title='bbox 635 1638 660 1660; x_wconf 89' lang='lat' dir='ltr'>e.</span> <span class='ocrx_word' id='word_1_332' title='bbox 690 1631 783 1659; x_wconf 91' lang='lat' dir='ltr'>ultimi</span> <span class='ocrx_word' id='word_1_333' title='bbox 810 1631 970 1666; x_wconf 89' lang='lat' dir='ltr'>domicilii,</span> <span class='ocrx_word' id='word_1_334' title='bbox 991 1631 1142 1661; x_wconf 84' lang='lat' dir='ltr'>sententia.</span> <span class='ocrx_word' id='word_1_335' title='bbox 1326 1659 1329 1660; x_wconf 14' lang='lat' dir='ltr'>a</span> 
     </span>
     <span class='ocr_line' id='line_1_30' title="bbox 82 1681 1605 1718; baseline 0.001 -8"><span class='ocrx_word' id='word_1_336' title='bbox 82 1687 92 1692; x_wconf 81' lang='grc'><strong>“</strong></span> <span class='ocrx_word' id='word_1_337' title='bbox 130 1681 185 1710; x_wconf 86' lang='lat' dir='ltr'>Sed</span> <span class='ocrx_word' id='word_1_338' title='bbox 209 1683 357 1711; x_wconf 83' lang='lat' dir='ltr'>videamus</span> <span class='ocrx_word' id='word_1_339' title='bbox 383 1684 417 1711; x_wconf 90' lang='lat' dir='ltr'>de</span> <span class='ocrx_word' id='word_1_340' title='bbox 442 1685 533 1718; x_wconf 72' lang='lat' dir='ltr'>casu&#39;,</span> <span class='ocrx_word' id='word_1_341' title='bbox 556 1690 615 1718; x_wconf 87' lang='lat' dir='ltr'>quo</span> <span class='ocrx_word' id='word_1_342' title='bbox 639 1682 676 1710; x_wconf 90' lang='lat' dir='ltr'>ob</span> <span class='ocrx_word' id='word_1_343' title='bbox 699 1683 910 1718; x_wconf 82' lang='lat' dir='ltr'>provectiorem</span> <span class='ocrx_word' id='word_1_344' title='bbox 935 1689 1052 1712; x_wconf 87' lang='lat' dir='ltr'>aetatem</span> <span class='ocrx_word' id='word_1_345' title='bbox 1075 1682 1237 1718; x_wconf 80' lang='lat' dir='ltr'>Absentis,</span> <span class='ocrx_word' id='word_1_346' title='bbox 1257 1682 1393 1712; x_wconf 83' lang='lat' dir='ltr'>nimirum</span> <span class='ocrx_word' id='word_1_347' title='bbox 1417 1682 1455 1712; x_wconf 86' lang='lat' dir='ltr'>ob</span> <span class='ocrx_word' id='word_1_348' title='bbox 1482 1683 1605 1712; x_wconf 81' lang='lat' dir='ltr'>centesi-</span> 
     </span>
     <span class='ocr_line' id='line_1_31' title="bbox 87 1730 1605 1770; baseline 0.003 -11"><span class='ocrx_word' id='word_1_349' title='bbox 87 1730 166 1760; x_wconf 58' lang='lat' dir='ltr'>inum</span> <span class='ocrx_word' id='word_1_350' title='bbox 192 1740 297 1762; x_wconf 85' lang='lat' dir='ltr'>annum</span> <span class='ocrx_word' id='word_1_351' title='bbox 318 1740 388 1769; x_wconf 88' lang='lat' dir='ltr'>post</span> <span class='ocrx_word' id='word_1_352' title='bbox 418 1734 574 1762; x_wconf 87' lang='lat' dir='ltr'>Absentem</span> <span class='ocrx_word' id='word_1_353' title='bbox 600 1739 699 1762; x_wconf 85' lang='lat' dir='ltr'>natum</span> <span class='ocrx_word' id='word_1_354' title='bbox 724 1733 892 1770; x_wconf 83' lang='lat' dir='ltr'>impletum,</span> <span class='ocrx_word' id='word_1_355' title='bbox 922 1736 1015 1763; x_wconf 88' lang='lat' dir='ltr'>eadem</span> <span class='ocrx_word' id='word_1_356' title='bbox 1036 1735 1187 1770; x_wconf 88' lang='lat' dir='ltr'>possessio</span> <span class='ocrx_word' id='word_1_357' title='bbox 1215 1733 1393 1763; x_wconf 82' lang='lat' dir='ltr'>conceditur.</span> <span class='ocrx_word' id='word_1_358' title='bbox 1435 1733 1519 1763; x_wconf 91' lang='lat' dir='ltr'>Licet</span> <span class='ocrx_word' id='word_1_359' title='bbox 1543 1741 1605 1765; x_wconf 78' lang='lat' dir='ltr'>sae-</span> 
     </span>
     <span class='ocr_line' id='line_1_32' title="bbox 94 1782 1601 1822; baseline 0.003 -11"><span class='ocrx_word' id='word_1_360' title='bbox 94 1782 160 1819; x_wconf 84' lang='lat' dir='ltr'>pius</span> <span class='ocrx_word' id='word_1_361' title='bbox 183 1784 396 1820; x_wconf 83' lang='lat' dir='ltr'>monuerimus,</span> <span class='ocrx_word' id='word_1_362' title='bbox 424 1785 617 1820; x_wconf 77' lang='lat' dir='ltr'>legislatorem</span> <span class='ocrx_word' id='word_1_363' title='bbox 636 1784 708 1813; x_wconf 82' lang='lat' dir='ltr'>hanc</span> <span class='ocrx_word' id='word_1_364' title='bbox 731 1785 888 1814; x_wconf 88' lang='lat' dir='ltr'>doctrinam</span> <span class='ocrx_word' id='word_1_365' title='bbox 914 1794 973 1815; x_wconf 90' lang='lat' dir='ltr'>non</span> <span class='ocrx_word' id='word_1_366' title='bbox 1001 1786 1228 1822; x_wconf 81' lang='lat' dir='ltr'>superstruxisse</span> <span class='ocrx_word' id='word_1_367' title='bbox 1255 1786 1376 1815; x_wconf 85' lang='lat' dir='ltr'>incertae</span> <span class='ocrx_word' id='word_1_368' title='bbox 1405 1786 1509 1815; x_wconf 84' lang='lat' dir='ltr'>mortis</span> <span class='ocrx_word' id='word_1_369' title='bbox 1530 1795 1601 1815; x_wconf 90' lang='lat' dir='ltr'>con-</span> 
     </span>
     <span class='ocr_line' id='line_1_33' title="bbox 90 1833 1603 1874; baseline 0.003 -12"><span class='ocrx_word' id='word_1_370' title='bbox 90 1833 233 1871; x_wconf 83' lang='lat' dir='ltr'>iecturae,</span> <span class='ocrx_word' id='word_1_371' title='bbox 259 1843 326 1865; x_wconf 89' lang='lat' dir='ltr'>cum</span> <span class='ocrx_word' id='word_1_372' title='bbox 351 1836 442 1873; x_wconf 88' lang='lat' dir='ltr'>probe</span> <span class='ocrx_word' id='word_1_373' title='bbox 465 1837 672 1866; x_wconf 85' lang='lat' dir='ltr'>adtendendum</span> <span class='ocrx_word' id='word_1_374' title='bbox 690 1836 912 1873; x_wconf 76' lang='lat' dir='ltr'>existimaverit,</span> <span class='ocrx_word' id='word_1_375' title='bbox 931 1845 1041 1874; x_wconf 88' lang='lat' dir='ltr'>semper</span> <span class='ocrx_word' id='word_1_376' title='bbox 1063 1838 1147 1867; x_wconf 82' lang='lat' dir='ltr'>etiam</span> <span class='ocrx_word' id='word_1_377' title='bbox 1169 1837 1344 1867; x_wconf 82' lang='lat' dir='ltr'>contrarium</span> <span class='ocrx_word' id='word_1_378' title='bbox 1377 1838 1475 1868; x_wconf 78' lang='lat' dir='ltr'>locum</span> <span class='ocrx_word' id='word_1_379' title='bbox 1501 1837 1603 1868; x_wconf 77' lang='lat' dir='ltr'>habete</span> 
     </span>
    </p>

    <p class='ocr_par' dir='ltr' id='par_1_4' title="bbox 1534 1896 1605 1927">
     <span class='ocr_line' id='line_1_34' title="bbox 1534 1896 1605 1927; baseline 0.014 -10"><span class='ocrx_word' id='word_1_380' title='bbox 1534 1896 1605 1927; x_wconf 83' lang='lat' dir='ltr'>pos-</span> 
     </span>
    </p>
   </div>
   <div class='ocr_carea' id='block_1_3' title="bbox 111 1947 1076 2038">
    <p class='ocr_par' dir='ltr' id='par_1_5' title="bbox 111 1947 1076 2038">
     <span class='ocr_line' id='line_1_35' title="bbox 111 1947 1076 1986; baseline -0.002 -8"><span class='ocrx_word' id='word_1_381' title='bbox 111 1949 165 1979; x_wconf 79' lang='grc' dir='ltr'>(ι)</span> <span class='ocrx_word' id='word_1_382' title='bbox 188 1947 254 1975; x_wconf 73' lang='lat' dir='ltr'>v&#39;dd·</span> <span class='ocrx_word' id='word_1_383' title='bbox 275 1951 374 1981; x_wconf 73' lang='lat' dir='ltr'>Mortfi,</span> <span class='ocrx_word' id='word_1_384' title='bbox 395 1954 465 1978; x_wconf 76' lang='lat' dir='ltr'>rom.</span> <span class='ocrx_word' id='word_1_385' title='bbox 479 1954 508 1977; x_wconf 87' lang='lat' dir='ltr'>u.</span> <span class='ocrx_word' id='word_1_386' title='bbox 530 1961 553 1984; x_wconf 69' lang='lat' dir='ltr'>p.</span> <span class='ocrx_word' id='word_1_387' title='bbox 571 1953 620 1980; x_wconf 69' lang='lat'>131.</span> <span class='ocrx_word' id='word_1_388' title='bbox 736 1954 787 1986; x_wconf 75' lang='lat'>(³)</span> <span class='ocrx_word' id='word_1_389' title='bbox 809 1955 862 1979; x_wconf 82' lang='lat' dir='ltr'>Vid.</span> <span class='ocrx_word' id='word_1_390' title='bbox 878 1953 960 1980; x_wconf 68' lang='lat' dir='ltr'>tom,</span> <span class='ocrx_word' id='word_1_391' title='bbox 983 1961 1006 1983; x_wconf 74' lang='lat' dir='ltr'>p.</span> <span class='ocrx_word' id='word_1_392' title='bbox 1023 1955 1076 1985; x_wconf 82' lang='lat'><strong><em>⁴7⁶·</em></strong></span> 
     </span>
     <span class='ocr_line' id='line_1_36' title="bbox 877 2009 943 2038; baseline 0 0"><span class='ocrx_word' id='word_1_393' title='bbox 877 2009 905 2038; x_wconf 95' lang='grc' dir='ltr'>Ο</span> <span class='ocrx_word' id='word_1_394' title='bbox 925 2018 943 2038; x_wconf 75' lang='lat' dir='ltr'>a.</span> 
     </span>
    </p>
   </div>
  </div>
 </body>
</html>
