1913 2417
299 184 355 218 103
483 174 486 177 ’
568 183 801 223 JACOBI
856 181 1159 212 HERMANI
1215 181 1524 213 PHILIPSE

303 277 408 307 posse,
429 268 517 297 unico
542 273 636 298 tamen
656 267 684 296 in
705 275 773 295 casu
796 266 831 294 ab
857 265 913 293 hoc
942 265 1088 303 principio
1112 265 1217 293 recedit
1241 264 1326 303 (4),
1346 271 1374 295 et
1395 260 1582 294 centes-imum
1603 272 1708 293 annum
1732 271 1809 300 post:

308 322 446 351 Absentis
473 321 544 349 diem
570 319 688 348 natalem
712 318 929 354 praeterlapsum
958 317 1194 353 praesumtionem
1223 317 1256 344 de
1282 317 1366 344 obitu
1397 317 1534 345 Absentis
1567 317 1605 344 ita
1635 315 1803 345 confirmare

305 372 440 408 putavit,
463 377 494 400 ut
515 372 596 408 plane
620 369 751 405 iniquum
770 368 904 403 duceret,
929 368 1047 396 ulterius
1064 374 1167 396 statum
1185 368 1327 396 bonorum
1351 368 1550 396 derelictorum
1571 367 1709 395 incertum
1727 372 1806 393 tene·

304 423 350 458 ri,
371 419 505 458 quoniam
531 428 618 456 speS,
642 427 724 455 quam
750 420 783 447 de
811 420 901 447 reditu
924 418 1060 447 Absentis
1084 419 1140 447 huc
1169 427 1260 454 usque
1284 418 1413 452 foverat,
1436 418 1550 453 penitus
1571 418 1628 454 jam
1655 417 1805 447 videbatur

304 469 427 508 amissa,
449 472 521 508 ipsis
541 478 659 500 naturae
685 471 789 506 regulis
814 469 1018 504 suadentibus,
1039 476 1070 498 ut
1092 469 1204 497 Absens
1231 477 1363 498 mortuus
1390 469 1540 497 habeatur,

324 522 419 551 'Haec
442 529 535 550 autem
556 528 629 550 aetas
651 529 716 549 cnm
741 520 861 549 sufficiat
885 520 919 548 ad
942 520 1106 548 missionem
1132 520 1163 548 in
1185 522 1401 556 possessionem
1432 518 1616 555 definitivam·
1635 518 1805 555 petendam,

306 581 367 603 non
391 573 483 603 solum
505 581 564 602 non
590 573 764 607 requiritur,
791 577 822 599 ut
845 580 895 607 per
914 580 949 607 30
971 579 1063 599 annos
1093 571 1247 599 continuos
1268 571 1344 599 bona
1372 571 1564 599 administrata
1593 570 1700 599 fuerint
1721 571 1813 598 modo<

303 625 454 662 legitimo,
483 624 583 652 sedet⁴
610 623 716 659 quovis
747 620 904 650 Absentiae
936 628 1084 656 tempore,
1112 620 1188 656 imo,
1218 622 1284 649 licet
1319 621 1468 657 possessio
1501 621 1644 649 fiduciaria
1677 621 1806 649 nonduin

305 685 442 706 concessa
466 675 523 710 sit,
552 682 609 702 eam
633 680 726 709 petere
754 673 831 702 iicet.
871 672 942 701 Non
965 679 1057 700 tamen
1081 672 1146 708 ipso
1166 672 1228 708 june
1250 671 1334 700 bonis
1356 671 1493 699 Absentis
1523 679 1553 699 se
1576 671 1723 699 inmiscere
1742 678 1811 706 pos-

306 733 376 755 sunt
407 726 543 758 heredes,
575 720 792 759 neqne'rerum'
810 722 1012 759 proprietatem
1040 723 1209 757 acquirent,
1240 722 1298 750 nisi
1331 723 1412 758 ptius
1445 721 1534 758 judici
1563 721 1745 756 probaverint
1776 728 1810 749 ex

302 778 495 807 instrumento
515 775 665 810 natalitio,
687 774 842 802 Absentem
867 773 1054 801 centesimum
1083 781 1188 801 annum
1213 774 1361 809 attigisse,
1390 780 1417 802 et
1442 773 1479 801 ab
1506 781 1540 801 eo
1566 772 1733 801 sententiam
1758 773 1811 801 im.-

303 828 495 865 petraverint,
516 835 571 862 qua
597 825 698 854 missio
716 826 744 853 in
768 825 984 860 possessionem
1009 823 1182 852 definitivam
1208 825 1484 861 concedatur-(5).
1525 824 1620 859 Nam,
1644 832 1710 852 eum
1735 832 1810 853 sem-

305 888 357 917 per
384 879 478 914 aliqua
505 879 667 913 requiratur
695 876 852 912 probatio,
883 883 913 902 ut
943 882 1055 903 constet
1087 876 1122 903 de
1149 874 1290 903 Absentia
1322 882 1350 902 et
1381 874 1555 910 provectiori
1588 875 1639 903 hac
1671 874 1810 904 Absentis

307 935 414 964 aetate,
437 929 500 965 ipsa
519 928 556 956 rei
569 934 672 956 natura
686 935 799 955 monere
818 927 949 960 videtur,
966 926 1077 962 judicis
1092 926 1291 954 anctoritatem
1308 926 1355 954 hic
1373 926 1541 954 intercedere
1558 926 1678 961 debere,
1699 934 1734 954 nc
1753 926 1811 954 for·

307 988 386 1010 tasse
410 981 438 1008 in
456 979 628 1014 proprietate
653 979 792 1006 bonorum
813 977 868 1005 sibi
893 976 1061 1004 vindicanda
1079 977 1178 1005 dolose
1200 983 1356 1005 versentur.
1404 976 1527 1010 Insuper.
1548 977 1618 1005 hanc
1640 977 1809 1006 sententiam

305 1033 388 1062 latam
416 1038 478 1058 esse
501 1029 584 1057 etiarn
610 1029 683 1064 ipsis
703 1027 854 1055 heredibus
869 1027 1047 1060 conducere,
1064 1026 1134 1054 bene
1156 1026 1290 1054 observat
1316 1027 1458 1061 Lacteus,
1482 1026 1503 1054 l.
1523 1027 1565 1060 A,
1591 1034 1654 1054 cum
1679 1025 1815 1062 profecto

307 1082 357 1110 alii
382 1080 513 1116 maj'orem
540 1079 622 1107 fidem
654 1078 819 1106 auctoritati
846 1077 956 1113 judicis
983 1076 1108 1104 habituri
1137 1076 1217 1111 sint,
1244 1077 1370 1112 adeoque
1397 1077 1494 1105 multo
1515 1076 1669 1104 lubentius*
1686 1077 1720 1104 ad
1743 1085 1816 1106 con·

304 1131 472 1159 trahendum
495 1129 659 1164 accessuri,
689 1137 772 1164 quam
798 1128 823 1155 si
848 1127 964 1164 propria
997 1135 1048 1154 sua
1079 1126 1248 1155 auctoritate
1276 1127 1392 1156 heredes
1421 1128 1623 1163 proprietatem
1656 1126 1711 1155 sibi
1743 1127 1812 1156 arri-

302 1182 453 1219 puissent.
494 1181 570 1208 Haec
597 1188 666 1208 vero
690 1179 832 1208 sufficiant
853 1179 886 1206 de
912 1177 1031 1206 diversis
1060 1176 1234 1213 principiis,
1261 1178 1367 1214 quibus
1397 1178 1532 1206 innititur
1559 1177 1659 1205 missio
1685 1177 1714 1205 in
1740 1186 1812 1213 poss·

307 1232 465 1261 sessionem
492 1231 671 1262 definitivam
701 1230 738 1257 ob
768 1237 918 1264 utramque
941 1236 1072 1257 caussam
1101 1236 1188 1264 supra
1220 1236 1420 1262 memoratam,
1450 1235 1477 1256 et
1508 1229 1542 1257 de
1568 1227 1681 1257 diversa
1703 1227 1813 1260 ratione

311 1279 370 1313 iam
391 1281 512 1321 petendi«
527 1289 613 1317 atque
638 1280 829 1317 impetrandi,
850 1287 923 1315 quae
941 1279 1103 1308 necessario
1129 1279 1194 1308 inde
1215 1280 1355 1315 profluere
1376 1279 1486 1310 debuit.
1807 1273 1809 1275 ’

1016 1356 1047 1391 ς.
1088 1363 1117 1384 2.

344 1435 421 1464 Cum
453 1442 521 1464 vero
550 1441 638 1470 supra
665 1434 722 1471 jam
744 1432 885 1468 diximus,
911 1437 978 1468 post
1001 1439 1037 1467 30
1053 1439 1143 1460 annos
1170 1432 1425 1462 administrationis
1446 1439 1557 1469 gestae,
1587 1432 1810 1468 possessoribus

308 1487 464 1517 fiduciariis
499 1486 609 1514 tandem
639 1493 714 1513 nova
745 1490 775 1512 et
806 1483 962 1512 efficaciora
991 1482 1094 1510 auxilia
1127 1484 1365 1518 subministrari,
1388 1483 1417 1511 id
1445 1491 1505 1512 non
1536 1483 1573 1511 ita
1595 1483 1812 1519 intelligendum

308 1543 373 1573 est,
400 1546 431 1565 ac
455 1537 480 1565 si
503 1534 579 1564 solis'
600 1536 678 1564 hisce
702 1534 849 1571 possessio
874 1533 1019 1562 definitiva
1048 1534 1270 1569 concederetur,
1303 1534 1352 1570 qui
1383 1534 1492 1562 tamdiu
1522 1534 1664 1562 bonorum
1697 1533 1818 1563 admini-

310 1588 443 1619 strationi
461 1587 649 1624 praefuerint.
690 1588 773 1615 Licet
796 1585 869 1613 enim
889 1591 1010 1619 aequum
1027 1584 1146 1612 omnino
1164 1584 1313 1619 videatur,
1329 1585 1417 1613 hosce
1434 1593 1487 1621 pro
1508 1583 1644 1613 oneribus
1663 1583 1711 1612 diu
1727 1583 1817 1620 gestis

310 1639 500 1674 remunerari3
529 1645 650 1667 attamen
681 1645 739 1665 non
771 1637 866 1664 solum
898 1635 926 1663 in
959 1634 1079 1670 gratiam
1105 1635 1372 1663 administratorum·
1389 1635 1553 1663 introducta
1576 1640 1619 1661 est
1644 1633 1744 1662 missio
1771 1633 1819 1662 illa

313 1689 486 1726 definitiva:
514 1697 578 1718 nam
609 1689 634 1717 si
658 1689 704 1717 alii
726 1688 839 1722 adsint,
869 1687 919 1722 qui
945 1686 994 1722 jus
1023 1685 1051 1714 in
1075 1685 1150 1713 bona
1171 1686 1313 1713 Absentis-
1331 1685 1554 1720 acquisiverint,
1583 1683 1820 1712 administratori-

314 1741 370 1768 bus
402 1741 530 1769 sufficete
559 1740 663 1774 debet,
692 1747 721 1767 se
754 1739 865 1767 interim
902 1736 1049 1764 maximam
1084 1734 1230 1763 fructuum
1257 1743 1289 1764 ac
1322 1736 1461 1764 redituum
1487 1742 1594 1770 partem
1615 1734 1760 1768 accepisse
1785 1733 1814 1762 in

307 1792 574 1827 compensationem
599 1789 878 1824 administrationis3
905 1795 932 1816 ct
958 1788 1012 1814 hoc
1036 1792 1182 1821 tempore,
1212 1794 1271 1821 quo
1293 1786 1388 1814 omnia
1415 1786 1444 1813 in
1469 1793 1532 1812 eum
1552 1790 1658 1812 statum
1683 1784 1815 1820 redigun-

314 1847 380 1877 tur,
409 1850 440 1870 ac
465 1841 490 1870 si
513 1842 541 1871 in
565 1848 734 1878 perpetuum
760 1839 897 1869 Absentis
922 1838 1128 1874 patrimonium
1152 1837 1346 1873 divideretur,
1374 1843 1401 1865 et
1423 1836 1496 1864 nihii
1521 1842 1646 1870 unquam
1672 1834 1746 1863 foret
1770 1841 1814 1861 re·

1768 1889 1822 1913 ⁵110.

339 1967 388 1995 (⁴²
411 1968 462 1990 vid.
487 1967 569 1992 Lura,
593 1975 614 1995 ρ,
629 1969 693 1994 ⁴7⁸.‚
708 1974 741 1994 tq.

338 2010 393 2037 U)
414 2009 465 2031 Vul·
483 2009 567 2036 Louae,
587 2016 610 2037 Ρ·
627 2014 694 2037 ⁴77-‚
710 2015 744 2035 sq·
777 2005 946 2033 sfungenhcre,
963 2006 991 2028 nd
1011 2010 1051 2028 att.
1066 2009 1114 2032 ¹29.
1136 2009 1184 2028 not.
1199 2010 1220 2027 a.
1243 2009 1267 2026 et
1287 2002 1419 2032 Pro-dhan,
1434 2009 1456 2030 P·
1475 2007 1525 2031 ¹77·
