1913 2417
279 176 317 204 φ
617 162 1449 202 P.J.UYLENBROE1<

324 247 412 285 Quod
439 253 532 276 autem
556 246 658 275 attinet
682 247 717 275 ad
741 253 849 274 novum
874 245 908 274 ab
935 246 1117 283 Hesselingio
1138 246 1331 282 excogitatum
1353 246 1592 282 experimentum,
1613 251 1678 273 cum
1702 244 1794 275 siturav

284 307 319 328 ex
343 306 403 327 cera
432 297 582 333 confecta,
611 305 682 333 quae
707 305 894 332 compressa,
924 305 1025 332 aquam
1051 299 1187 334 expellit,
1216 297 1389 333 aequilibrio
1421 288 1791 332 nihilominus'manente,

284 350 361 379 doct.
388 358 441 378 van
471 349 585 378 Marum
615 347 669 376 hoc
700 348 916 383 phaenomcnon
946 348 1070 384 explicat
1099 358 1132 377 ex
1161 357 1222 384 eo,
1252 348 1330 384 quod
1360 347 1448 377 situla
1478 355 1642 382 compressa
1670 346 1794 376 minoris*

282 401 314 430 in
339 409 411 436 aqua
431 400 529 428 evadat
552 397 720 427 voluminis.
765 397 841 427 Hinc
863 398 927 433 ejus
957 399 1082 428 densitas
1114 400 1268 435 increscit,
1297 400 1391 427 eadem
1417 404 1546 428 manente
1571 398 1695 427 materia.
1737 397 1795 433 lgi=

284 458 332 480 tur
358 458 467 486 quanto
487 449 577 479 levior
599 450 691 478 evadit
715 448 803 478 situla
827 448 996 484 expulsione
1016 459 1130 485 aquae,
1151 457 1233 480 tanto
1259 450 1372 486 gravior
1397 450 1430 478 fit
1454 455 1606 486 augmento
1630 447 1792 476 densitatis.

283 501 365 539 Quae
388 509 454 529 cum
478 500 539 537 pari
567 508 654 536 passu
681 499 846 534 ambulent,
873 500 953 528 nulla
976 499 1040 528 inde
1065 501 1094 529 in
1127 501 1299 537 aequilibrio
1329 501 1450 530 mutatio
1475 500 1544 529 oriri
1575 500 1669 529 debet.
1710 498 1792 536 Ergo

286 558 313 580 et
341 561 374 581 ex
406 553 460 581 hoc
486 551 680 587 experimento
705 551 778 580 nillil
801 550 939 586 Probatur
960 552 993 579 ad
1020 553 1195 581 evertendam
1225 553 1399 581 sententiam.
1427 552 1608 588 Boyleanam.
1647 550 1797 580 Concedit

282 608 376 631 tamen
402 611 457 632 van
481 602 617 637 Marum,
639 602 861 638 experimentum
887 602 960 630 illud
977 601 1173 639 Boyleanum,
1195 611 1260 632 cum
1284 604 1400 639 duplici
1418 604 1503 632 modo
1525 603 1660 638 explicari
1676 602 1801 639 possit,

284 661 344 682 non
366 653 490 690 amplius
517 653 672 682 sententiae
701 654 763 690 ejus
789 652 1022 693 demonstrandae
1044 653 1181 683 inservire
1201 663 1309 690 posse,
1338 656 1408 684 adeo
1436 654 1575 690 quidem,
1601 660 1650 688 ut,
1677 653 1703 681 si
1725 653 1794 686 haec

281 705 423 733 sententia
458 704 541 733 nullo
571 703 647 740 alio,
679 704 736 733 nisi
761 704 850 741 huJus
879 704 1065 740 experimenti
1097 705 1284 735 fundamento
1315 707 1477 740 niteretur„
1499 704 1564 742 ipsa
1593 703 1710 733 defendi*
1734 711 1802 733 non,

276 755 384 791 possit.

319 805 360 833 Ut
383 811 475 834 autem
499 804 610 834 evincat
640 806 719 836 doct.
747 815 802 834 van
825 806 939 835 Marum
967 807 1054 836 fluida
1085 808 1214 843 equidem
1244 809 1274 838 in
1303 809 1400 838 fluidis
1429 805 1616 844 homogeneis
1645 803 1802 841 ponderari*

281 864 387 893 posse,
412 857 628 892 animadvertit,
649 857 735 885 fluida
759 858 875 892 pondus
900 865 984 885 suum
1005 866 1063 886 non
1089 859 1285 894 manifestare,
1309 859 1444 895 quamdiu
1466 867 1481 887 a
1502 859 1592 887 fluido
1615 857 1803 893 homogeneo-

282 912 504 941 sustentantur,
526 908 662 942 quoniam
681 914 774 943 partes
800 907 950 936 inferiores
973 915 1107 944 premunt
1132 910 1314 945 superiore53
1337 917 1364 938 et
1389 909 1524 946 quamdiu
1549 909 1604 937 hoc
1631 908 1725 936 locum
1745 906 1796 940 haq

281 957 349 992 bct,
371 965 416 985 eas
441 956 607 985 descendere
629 966 687 986 non
709 966 819 994 posse,
839 958 918 993 quod
932 979 942 993 ,
968 954 999 986 ut
1025 965 1099 987 recte
1124 959 1323 988 observaverat
1354 961 1403 990 Cl.
1423 959 1645 995 Hesselingius,
1666 959 1701 987 ad
1722 965 1804 994 pon--

280 1007 435 1036 derandum
463 1007 627 1042 requiritur.
669 1007 724 1036 Sed
751 1007 782 1036 in
803 1009 999 1044 experimento
1021 1008 1167 1044 Boyleano
1201 1019 1339 1046 causam,
1369 1019 1441 1047 quae
1466 1012 1634 1039 descensum
1662 1009 1805 1046 impedie·-

278 1056 348 1092 bnt,
370 1057 454 1093 tolli3
477 1057 603 1093 lagenam
626 1065 746 1086 vacuam
769 1054 859 1094 equae
881 1050 1041 1087 immersam
1067 1059 1108 1088 ita
1129 1060 1254 1096 pondere
1273 1062 1401 1097 gravari,
1424 1067 1456 1090 ut
1476 1062 1538 1098 eJ'us
1560 1061 1677 1097 pondus
1700 1065 1806 1089 exacte:

278 1109 396 1145 aequale
418 1108 456 1136 sit
481 1107 625 1144 pressioni
649 1108 778 1137 inferiori
808 1117 899 1146 aquae
931 1109 960 1138 in
993 1110 1054 1147 ejus
1081 1110 1215 1141 fundum.
1264 1111 1390 1148 ltaque,
1415 1112 1465 1140 ubi
1498 1120 1572 1148 aqua
1602 1112 1726 1148 lagenam
1754 1110 1806 1139 in·

281 1165 359 1195 trat,
381 1159 460 1188 illam
486 1167 587 1195 aquam
611 1166 669 1187 non
692 1158 816 1195 amplius
841 1159 1094 1197 sustineriposse
1116 1171 1132 1190 a
1157 1162 1307 1199 pressione
1328 1171 1418 1199 aquae
1436 1163 1635 1200 subjacentis,
1658 1161 1804 1198 quoniam:

277 1210 393 1247 pressio
414 1210 463 1239 illa
485 1218 502 1238 a
524 1209 648 1246 pondere
673 1209 767 1245 ipsius
792 1210 907 1247 lagenae
927 1210 958 1240 in
980 1211 1151 1247 aequilibrio
1173 1219 1298 1242 tenetur.
1338 1214 1421 1243 Hanc
1441 1222 1508 1252 ergo
1543 1221 1649 1250 aquam
1670 1221 1736 1242 cum
1758 1211 1807 1239 la·-

279 1270 350 1298 gena
373 1262 403 1290 in
436 1269 511 1298 aqua
543 1261 730 1296 descendere,
756 1266 784 1290 et
808 1261 917 1290 idcirco
945 1263 1102 1292 secundum
1128 1264 1219 1301 ipsam
1243 1265 1424 1302 Hesselingiir
1442 1264 1696 1294 ratiocinationem*
1714 1263 1744 1292 in
1766 1269 1805 1291 ea.

278 1312 431 1347 ponderari
452 1319 553 1348 posse.
594 1310 747 1346 Denique,
773 1311 841 1340 hinc
867 1320 984 1348 patere,
1013 1313 1100 1351 fluida
1117 1323 1212 1345 revera
1235 1315 1263 1345 in
1285 1317 1375 1346 fluido
1400 1324 1488 1351 posse
1510 1314 1681 1350 ponderari,
1703 1320 1730 1342 et
1751 1313 1805 1343 sie*

278 1364 363 1392 etiam
386 1370 416 1390 ea
435 1362 594 1399 gravitare3
615 1368 702 1397 atque
725 1369 822 1390 verum
849 1370 912 1392 esse
933 1364 1071 1400 modum,
1093 1372 1154 1400 quo
1174 1365 1298 1401 Boyleus
1322 1365 1431 1401 aliique
1454 1373 1540 1394 suum
1567 1365 1803 1402 experituentum„

277 1412 448 1448 explicuere.

319 1462 448 1492 Tandem
472 1468 575 1491 contra
600 1461 815 1499 Hesselingium
841 1464 1042 1499 experientiam
1064 1466 1201 1500 invocat,
1226 1465 1364 1500 quoniam
1387 1473 1421 1494 ex
1443 1466 1798 1503 experimento-Boyleano

276 1519 408 1542 accurate
430 1514 546 1549 pondus
573 1521 662 1548 aquae
685 1513 714 1540 in
739 1513 836 1550 lagena
858 1514 1035 1552 innotescit,
1064 1524 1153 1552 aeque
1175 1524 1207 1544 ac
1229 1516 1258 1544 in
1287 1517 1378 1552 globo
1403 1518 1495 1545 vitreo
1516 1518 1638 1553 pondus.
1652 1518 1743 1546 aerisz
1768 1522 1802 1548 et

278 1563 380 1599 quidni
407 1564 583 1598 methodus,
607 1571 662 1598 qua
689 1563 762 1591 illud
788 1565 903 1600 pondus
925 1566 1092 1601 invenitur,
1116 1567 1200 1595 etiam
1222 1567 1394 1603 ponderatio
1411 1567 1572 1603 diceretur,
1592 1577 1657 1597 cum
1679 1577 1733 1604 ope
1749 1569 1800 1596 ba·⁴

276 1614 367 1643 lancis
394 1614 583 1651 exploretur?
612 1613 779 1643 Praesertim
808 1624 875 1645 cum
906 1617 968 1653 ipse
997 1617 1201 1654 Hesselingius
1231 1617 1368 1654 affirmat,
1398 1619 1619 1655 experimentum
1648 1608 1715 1649 esse
1744 1618 1799 1648 bo-

277 1672 346 1694 num
359 1686 370 1701 ,
390 1673 417 1694 et
440 1665 659 1695 conclusionem
685 1666 750 1694 inde
772 1666 940 1703 deductam,
960 1676 1067 1697 veram.

314 1717 361 1744 Ad
389 1717 440 1745 has
467 1717 630 1746 doctissimi
657 1725 711 1746 van
740 1716 854 1746 Marum
888 1718 1146 1748 animadversiones
1182 1727 1283 1748 rursus
1314 1718 1496 1748 memoranda
1528 1725 1617 1754 sunt,
1647 1727 1721 1754 quae
1743 1718 1795 1748 (Ἰ.

276 1763 476 1804 Hesselingius
508 1768 538 1797 in
567 1767 744 1804 praefatIOne
775 1768 907 1804 superius
931 1766 1035 1798 citatae
1070 1770 1281 1799 dissertationis
1307 1770 1452 1799 exhibuit.
1494 1769 1550 1798 Hic
1578 1771 1700 1804 primum
1730 1760 1796 1805 qui—-

278 1815 339 1843 dem
367 1824 470 1852 negat,
491 1827 524 1847 se
546 1827 605 1848 eam
633 1819 732 1848 fovere
757 1821 948 1855 sententiam,
977 1829 1061 1857 quam
1087 1829 1232 1857 perperam
1258 1821 1314 1856 ipsi
1338 1829 1392 1849 van
1414 1820 1527 1848 Marum
1555 1820 1712 1855 adscribit;
1735 1819 1795 1848 sci-

278 1866 346 1900 licet
367 1874 452 1902 negat
476 1876 507 1896 se
531 1870 646 1905 thesin,
667 1869 754 1899 fluida
776 1871 804 1900 in
830 1872 957 1908 propriis
981 1872 1056 1902 locis
1077 1880 1136 1901 non
1158 1871 1320 1909 gravium,
1345 1872 1385 1899 ita
1410 1871 1559 1906 accipere,
1589 1878 1620 1899 ut
1644 1870 1731 1899 fluida
1752 1871 1793 1898 ibi

280 1923 374 1944 revera
395 1917 505 1955 pondus
528 1927 614 1948 suum.
637 1920 796 1950 absolutum
827 1923 992 1958 perderent,
1020 1924 1059 1952 ita
1080 1930 1113 1952 ut
1139 1923 1253 1951 materia
1277 1923 1317 1950 ibi
1345 1922 1517 1958 proprietate
1543 1930 1596 1950 sua
1624 1919 1797 1950 immutabili

277 1964 464 2000 fraudaretur.
505 1969 616 2000 Contra
639 1970 787 2009 defendit,
817 1974 1057 2009 quemadmodum
1085 1974 1314 2010 unumquodque
1341 1980 1451 2010 corpus
1477 1973 1508 2002 in
1534 1971 1624 2002 fluido
1651 1972 1794 2010 pondera-

1710 2028 1798 2060 tum,
