1913 2417
216 183 243 219 ᾶ
515 186 558 221 G.
603 187 629 219 J.
697 179 792 218 vm<
837 197 924 218 nm
969 180 1390 227 BOON“*1i1Escn,'

222 278 287 311 non
315 265 537 322 respondeant.
582 279 728 323 Negleeta
754 279 966 311 Oeconomiae
995 268 1108 310 ruralis
1126 271 1298 323 praecepta.

238 348 241 351 “
267 337 318 367 Ab
343 340 411 367 acre
436 343 596 379 premente
623 343 657 367 ut
677 336 833 368 nonnulla
848 335 1042 378 quandoque
1059 335 1175 367 damna
1191 337 1236 368 sic
1252 336 1353 367 multa
1368 347 1498 380 quoque
1517 336 1686 370 commoda

219 391 379 447 oriuntur.
426 393 568 424 Calorem
598 392 685 435 quod
710 393 841 429 attinet,
866 392 974 422 nescio
997 398 1107 422 utrum
1133 392 1233 434 magis
1258 392 1514 434 persuadendum
1538 394 1578 424 sit
1596 393 1679 435 Phy-

214 449 288 479 sicis
321 449 512 480 rusticorum
542 458 578 479 ut
612 448 744 480 subeant
769 455 863 484 tecta,
895 447 1088 491 videantque
1113 447 1239 479 calorioi
1270 447 1448 480 doctrinam
1472 459 1534 480 usu
1559 450 1686 491 egregie

214 499 473 545 comprobatam,
497 514 536 534 an
558 515 634 535 vero
662 499 761 546 magis
792 503 943 535 hortandi
971 505 1035 535 sint
1053 493 1209 546 agricolae
1226 504 1374 546 Physicos
1389 511 1424 535 ut
1441 504 1554 536 adeant
1573 504 1612 536 de
1631 505 1688 536 tri·

212 559 287 602 plici
316 570 486 602 corporum
511 566 593 590 statu
616 560 748 602 cognitu
774 559 962 602 dignissima
992 559 1161 592 tradentes.
1206 560 1257 591 Sic
1285 561 1371 591 enim
1396 562 1474 604 ipsis
1501 561 1541 592 de
1570 560 1684 603 glaciei

217 623 330 646 natura
361 627 397 646 ac
426 615 672 658 proprietatibus
707 615 885 654 constabit,
915 617 961 647 sic
991 616 1187 658 intelligent,
1219 615 1305 647 unde
1330 615 1403 657 fiat,
1426 623 1462 648 ut
1488 624 1685 649 nocturnum

213 672 286 714 gelu
313 678 476 715 tantopere
503 677 631 710 noceat,
655 672 733 703 dum
761 672 888 715 cognita
913 672 1039 703 calorici
1063 679 1176 703 natura
1201 671 1358 703 nonnulla
1386 672 1541 715 praesidia
1561 672 1684 704 indica-

214 727 278 765 bit,
302 728 421 771 quibus
449 735 516 759 orta
539 728 615 759 inde
642 728 757 759 damna
784 728 898 759 melius
920 729 1044 771 possint
1067 729 1181 760 caveri.
1226 729 1468 759 consentientes
1493 734 1576 760 certe
1598 728 1682 770 Phy-

216 785 297 814 sicos
326 783 472 824 habebo,
495 786 521 815 si
541 783 644 815 dicam
669 784 927 827 Meteorologiam
948 785 1091 827 angustis
1109 780 1214 815 adhuc
1241 784 1399 815 contineri
1426 784 1603 821 limitibus,
1627 784 1684 816 sed

212 839 283 879 itta,
307 851 388 883 quae
416 848 497 872 certa
521 853 556 872 ac
578 848 730 884 perpetua
753 848 829 872 sunt
855 842 890 872 in
913 841 972 872 hae
989 841 1199 883 Physicorum
1211 840 1376 879 doctrina,
1398 832 1535 884 quantae
1552 842 1682 873 suntin

216 904 323 927 nostra
349 897 514 940 disciplina
542 897 709 929 utilitatis?
734 897 850 940 Ecquis
877 897 965 928 enim
990 897 1127 940 agricola
1145 897 1210 939 jam
1226 897 1301 928 satis
1322 898 1413 928 novit
1429 897 1469 928 de
1485 897 1611 940 pluviae
1630 903 1687 929 aut

220 953 318 989 roris,
334 952 374 984 ‹le
390 961 558 985 ventorum
581 960 634 985 aut
655 953 799 984 fulminis
818 953 953 984 natura?
975 955 1081 997 Atque
1100 953 1178 984 haec
1192 953 1275 985 dicta
1291 952 1451 984 sufficiant
1470 951 1509 984 ad
1525 953 1693 985 vindican-

218 1007 290 1037 dam
319 1008 464 1051 Plxysices
491 1010 522 1040 in
545 1010 748 1045 Oeconomia
764 1009 861 1040 rurali
886 1009 1083 1052 dignitatem.
1129 1007 1181 1043 Ad
1200 1009 1282 1041 hanc
1297 1020 1428 1052 quoque
1451 1009 1577 1050 Physiei
1595 1020 1695 1042 acce-¹

215 1062 309 1101 dam,
333 1064 359 1094 si
382 1065 439 1107 qui
462 1066 616 1107 generoso
644 1065 779 1097 consilio
809 1067 1005 1097 rusticorum
1034 1067 1322 1098 instrumentorum
1338 1065 1594 1097 emendationem
1612 1077 1685 1098 sus-

215 1120 320 1161 cipere
342 1120 463 1163 velint3
487 1123 602 1164 Magna
627 1128 733 1153 manet
758 1122 830 1153 illos
854 1122 1030 1154 delectatio.
1077 1123 1203 1154 Etenim
1227 1133 1267 1153 ex
1284 1122 1369 1153 varia
1387 1122 1581 1153 rusticorum
1598 1122 1688 1154 labo·

216 1180 288 1205 r‘um
318 1182 430 1206 natura
452 1178 537 1207 varia
559 1185 747 1209 enascentur
772 1178 988 1220 problemata,
1013 1189 1095 1221 quae
1119 1179 1200 1210 bene
1216 1177 1319 1209 soluta
1340 1187 1406 1209 non
1423 1177 1528 1208 solum
1549 1178 1583 1210 in
1603 1178 1689 1221 Phy-

222 1232 301 1262 sices
338 1231 493 1263 honorem
526 1233 771 1271 redundabunt,
801 1233 855 1264 sed
894 1240 1013 1264 tantam
1037 1234 1173 1277 singuiis
1204 1233 1428 1266 inventoribus
1456 1233 1685 1275 agricolarum,

217 1286 360 1330 adeoque
384 1289 528 1320 omnium
553 1290 693 1328 civium,
717 1290 796 1332 quin
820 1297 1018 1333 posterorum
1037 1291 1305 1322 existimationem
1318 1288 1554 1327 conciliabant,
1577 1296 1681 1332 quan-

212 1348 276 1373 tam
310 1343 441 1388 adeptus
459 1351 508 1376 est
532 1345 666 1378 Illustris
698 1340 924 1386 Jel'fersoniuS,
956 1353 1061 1379 aratro
1086 1347 1127 1379 ad
1154 1346 1315 1379 calculum
1342 1345 1604 1377 Mathematicum
1631 1357 1689 1379 vo·

219 1405 301 1430 caio·

229 1463 235 1469 ·
261 1454 321 1486 sed
352 1455 402 1487 vel
428 1457 547 1499 optima
575 1459 786 1492 instrumenta
814 1467 882 1492 tum
914 1461 1044 1493 demum
1078 1468 1155 1493 sunt
1178 1460 1286 1498 utilia,
1319 1461 1346 1492 si
1378 1466 1521 1504 tempore
1545 1470 1582 1492 ac
1606 1458 1692 1492 locis·

212 1512 404 1553 opportunis
434 1513 633 1546 adhibentur.
680 1519 783 1548 Arare
813 1520 869 1560 qui
900 1518 977 1549 velit
1013 1528 1078 1549 non
1106 1524 1229 1549 tantum
1261 1516 1301 1548 ad
1331 1515 1456 1560 plantae
1485 1527 1603 1559 genus,
1632 1523 1689 1548 aut

216 1568 293 1596 anni
320 1574 443 1610 tempus
470 1571 638 1612 respiciat,
673 1572 731 1603 sed'
757 1575 916 1616 cognitam
940 1585 1070 1617 quoque
1094 1575 1207 1605 habeat
1232 1574 1330 1616 ipsius
1357 1573 1416 1604 soli
1442 1579 1599 1605 naturam.
1644 1575 1690 1606 At

216 1631 291 1651 vero
317 1633 411 1663 quain
449 1636 559 1657 manea
589 1627 665 1659 haec
693 1628 771 1660 solet
796 1620 863 1661 esse
889 1630 1053 1673 cognitio,
1085 1641 1183 1673 quam
1210 1639 1313 1672 vaga,
1342 1639 1443 1673 quam
1469 1630 1582 1660 incerti
1605 1639 1684 1660 usus

211 1684 288 1707 sunt
317 1677 367 1708 itta
393 1680 554 1721 epitheta,
587 1684 704 1725 quibus
731 1695 879 1727 agrorum
907 1685 1064 1717 diversam
1100 1693 1246 1717 naturam
1283 1685 1424 1716 indicare
1456 1684 1561 1715 solent
1594 1685 1680 1726 agri-

213 1733 316 1771 uotae,
342 1745 436 1776 quam
457 1747 569 1778 parum
589 1738 668 1769 lucis
693 1739 879 1780 effundunt,
901 1742 1032 1785 quando
1058 1742 1165 1784 agitur
1192 1742 1232 1773 de
1248 1741 1328 1772 'solo
1353 1740 1564 1772 emendando.
1609 1742 1685 1772 Non

217 1789 337 1819 infitior
359 1813 368 1827 ‚
407 1791 499 1821 etiarn
541 1793 601 1824 illis
619 1818 627 1833 ‚
672 1797 727 1838 qui
764 1797 893 1828 meliora
931 1797 1017 1829 docti
1052 1804 1127 1828 sunt
1165 1798 1240 1828 satis
1284 1795 1413 1828 difficile
1452 1806 1519 1826 esse
1565 1797 1686 1827 consti·

218 1851 325 1881 tuere,
361 1856 441 1888 qnae
474 1848 533 1878 soli
570 1850 714 1882 conditio
751 1854 888 1884 maxime
930 1853 1031 1885 faveat
1066 1853 1141 1884 huic
1172 1853 1257 1884 illive
1292 1852 1434 1884 culturae
1473 1853 1591 1894 generi.
1646 1856 1687 1885 At

216 1902 315 1931 muita
350 1901 414 1941 jun}
451 1902 557 1933 duc-uit
591 1917 690 1944 usus,
732 1908 831 1939 multa
865 1909 929 1950 jam
965 1909 1059 1940 habet
1089 1909 1283 1939 (.)eeonomia
1321 1907 1451 1945 ruralis,
1487 1918 1570 1950 quae
1604 1907 1689 1940 hano

216 1967 283 1987 mm
307 1955 476 1988 {authorem
500 1958 686 1999 redderent,
706 1965 731 1992 ai
751 1970 890 2005 partium
908 1964 1013 1996 solum
1037 1965 1302 1997 constituentium
1331 1970 1477 1996 naturam
1492 1970 1524 1995 et
1548 1974 1691 2007 proper-.-

1629 2025 1690 2050 tio.
