1913 2417
296 102 570 134 RESPONSIO
601 110 650 132 AD
680 101 1054 140 QUAESTIONEM
1079 101 1534 135 HYDROSTATICAM.
1636 112 1668 143 ᾖ

189 188 278 227 Resp.
319 188 417 225 HuJ'us
441 185 627 222 phaenomeni
652 186 772 221 amplam
806 186 882 214 dedit
909 186 1034 222 Boyleus
1056 185 1124 214 alibi
1152 186 1368 221 explicationem
1391 187 1471 223 (1).
1513 186 1571 214 Hic
1598 192 1660 216 tan-

151 245 214 269 tum
243 244 399 273 memorat,
426 245 538 265 causam
560 244 622 264 esse
643 244 731 272 posse
754 237 855 273 partim
884 236 992 266 firmam
1015 237 1146 274 corporis
1176 237 1332 267 urinatoris
1361 244 1522 273 texturam,
1554 237 1661 273 partim

153 298 285 320 naturam
310 288 486 327 messionis,
517 295 588 323 quae
610 287 639 315 in
666 295 787 323 corpora
817 287 912 316 fluidis
947 289 1079 317 immersa
1105 288 1262 317 exseritur:
1293 288 1324 317 in
1355 288 1413 317 isto
1441 291 1549 325 quippe
1571 296 1661 323 casu,

148 342 236 370 fluida
261 340 384 378 (quoad
406 339 546 375 sensum)
570 338 679 374 ubique
703 347 799 367 omnes
825 339 958 375 corporis
976 340 1033 375 ipsi
1059 340 1185 375 expositi
1213 346 1304 376 partes
1328 340 1496 378 acqualiter
1518 345 1665 375 premunt.

188 392 255 428 Obj.
279 400 306 428 3.
349 391 479 418 Tertium
504 395 702 426 argumentum
726 396 785 418 est:
809 389 892 418 etiam
914 390 1014 419 herbas
1040 390 1200 419 levissimas
1229 391 1258 419 in
1282 390 1375 420 fundo
1400 399 1489 427 aquae
1513 397 1614 425 natas,
1636 396 1664 418 et

147 442 177 472 in
196 451 228 471 ea
254 442 289 471 ad
315 441 496 471 altitudinem
529 441 671 478 insignem
699 448 910 477 excrescentes,
940 450 1000 470 non
1030 442 1156 478 opprimi
1190 442 1357 472 reclinarive
1390 443 1424 471 ab
1454 451 1529 479 aqua
1552 442 1667 471 incum-

142 494 236 523 bente.

181 545 270 584 Rcsp.
309 545 444 580 Plantae,
473 544 507 572 de
531 543 640 580 quibus
669 552 783 579 sermo,
813 545 989 580 pressionem
1023 553 1112 580 aquae
1143 544 1336 572 incumbentis
1371 553 1431 573 non
1462 543 1608 572 sustinent
1631 544 1661 572 vi

146 598 282 633 propria,
310 597 360 625 sed
387 605 405 624 a
427 596 575 632 pressione
596 604 684 631 aquae
708 595 782 624 infra
812 595 883 624 sitae
905 596 1016 632 adjutae
1046 597 1127 632 (ε),
1158 604 1231 631 quae
1251 595 1365 631 quidem
1390 596 1502 631 pressio
1527 596 1597 623 adeo
1619 602 1669 623 ve-

144 648 260 677 hemens
282 655 345 683 est,
370 654 404 676 ut
424 648 537 683 plantae
564 647 709 675 radicibus
734 647 797 675 suis
821 646 946 682 defixae,
968 655 1035 676 cum
1055 647 1114 675 sint
1141 648 1217 682 aqua
1243 647 1392 683 in‘specie
1415 647 1557 682 leviores,
1580 654 1669 674 emer·

142 706 230 736 gant,
253 700 297 728 uti
316 699 433 735 saepius
456 704 499 727 est
522 698 745 726 observandum.

186 749 252 784 Obj.
274 760 303 787 4.
345 750 455 787 Quarta
481 749 607 785 objectio
627 755 688 777 est:
711 749 790 784 quod
811 757 918 785 corpus
943 757 1044 785 grave,
1074 748 1125 777 filo
1151 749 1297 786 alligatum
1330 755 1358 777 et
1387 748 1442 777 sub
1469 756 1542 783 aqua
1563 748 1670 776 demer-

140 807 227 836 sum,
252 800 311 836 pari
338 806 515 828 sustentatur
531 806 557 828 et
574 799 733 828 extrahitur
756 799 911 834 facilitate,
934 808 966 827 ac
988 799 1014 828 si
1040 801 1119 828 nulla
1143 800 1167 827 ei
1190 809 1263 835 aqua
1288 800 1485 834 incumberet,
1513 799 1583 836 quin
1606 799 1666 828 imo

143 851 269 888 majori,
298 852 434 887 quoniam
459 859 581 887 corpora
601 850 695 887 gravia
715 850 811 879 mJ‘nus
835 851 995 887 ponderant
1021 850 1050 879 in
1070 858 1161 886 aqna,
1192 859 1276 887 qnam
1304 857 1381 879 extra
1403 859 1474 880 eam.

183 901 272 940 Resp.
313 902 409 932 Facile
433 903 499 931 huic
520 901 679 939 objectioni
703 910 737 930 ex
759 902 890 930 doctrina
914 901 1075 937 pressionis
1101 910 1216 930 sursum
1245 902 1400 938 respondet
1422 902 1549 938 Boyleus
1579 901 1662 938 (3).

141 951 256 981 Etenim
279 962 353 989 aqua
374 954 462 990 reagit
481 954 608 990 pondere
628 961 737 989 aquae,
758 959 908 981 contentae
929 952 983 980 sub
997 951 1144 981 volumine
1159 953 1290 988 corporis
1308 952 1435 981 immersi
1459 955 1500 990 (4
1513 953 1540 989 ).
1582 951 1661 980 Hinc

139 1012 325 1040 consequens
358 1005 476 1034 omnino
507 1012 569 1041 est,
599 1012 632 1034 ut
656 1013 716 1033 non
748 1010 859 1032 tantum
892 1011 1017 1038 manus,
1048 1011 1120 1038 quae
1152 1011 1260 1038 corpus
1286 1003 1414 1032 sustinet
1432 1023 1442 1038 ‚
1473 1011 1533 1031 non
1561 1002 1667 1031 sentiat

138 1056 256 1090 pondus
277 1064 367 1092 aquae
391 1055 605 1091 incumbentis,
627 1056 677 1084 sed
699 1055 849 1084 sublevare
872 1062 979 1091 corpus
998 1053 1112 1081 facilius
1137 1054 1233 1089 possit
1255 1053 1285 1082 in
1313 1061 1407 1089 aqua,
1432 1062 1517 1090 quam
1540 1054 1570 1082 in
1594 1053 1668 1082 a'e're.

178 1105 244 1142 Obj.
265 1116 294 1144 5.
334 1106 480 1144 Quintum
505 1114 704 1144 argumentum
733 1106 906 1143 proponitur
929 1104 976 1132 his
999 1104 1112 1132 verbis:
1141 1104 1208 1139 quia
1238 1104 1326 1133 situla
1354 1105 1430 1140 aqua
1456 1106 1540 1141 plena
1574 1104 1666 1133 levior

138 1163 185 1186 est
208 1158 238 1186 in
262 1167 336 1195 aqua
362 1167 448 1195 quam
471 1167 550 1189 extra
575 1168 656 1195 eam,
684 1167 736 1187 nec
763 1157 854 1193 magis
886 1156 1025 1192 ponderat
1053 1155 1137 1190 plena
1166 1154 1197 1183 in
1220 1163 1318 1191 aqua,
1348 1163 1434 1191 quam
1466 1164 1556 1184 vacua
1586 1161 1666 1184 extra

136 1217 219 1244 eam,
246 1211 317 1245 quin
340 1211 399 1239 imo
433 1211 529 1239 minus
551 1211 708 1250 ponderat,
731 1208 768 1237 ob
794 1208 930 1236 rationem
963 1213 1052 1242 supra
1083 1205 1266 1241 assignatam.
1306 1206 1418 1235 Idcirco
1442 1215 1516 1243 aqua
1536 1207 1661 1253 situlae,

139 1259 210 1296 quia
231 1264 277 1287 est
296 1260 326 1287 in
346 1268 440 1295 aqua,
467 1268 529 1288 non
553 1261 677 1296 gravitat
692 1279 703 1295 ‚
724 1258 904 1296 proindeque
925 1265 977 1287 nec
993 1257 1125 1286 deorsum
1146 1257 1250 1293 premit
1266 1257 1312 1286 vel
1333 1256 1465 1294 situlam,
1490 1258 1536 1287 vel
1561 1263 1666 1293 aquam

134 1311 192 1340 sub
215 1310 302 1339 situla
331 1311 411 1347 (5).
614 1301 636 1316 “·

174 1360 276 1398 Boylei
299 1361 334 1389 ad
359 1361 432 1390 hanc
460 1361 654 1398 objectionem
688 1363 841 1399 responsIo
869 1361 986 1400 majoris
1016 1361 1155 1390 momenti
1185 1360 1271 1390 nobis
1302 1360 1365 1390 visa
1388 1367 1449 1396 est,
1481 1367 1569 1396 quam
1595 1364 1669 1393 quae

134 1419 195 1441 non
219 1412 362 1447 totidem,
383 1412 492 1448 quibus
514 1419 618 1441 auctor
640 1415 704 1450 ipse
727 1422 787 1442 eam
812 1414 938 1448 dederit,
958 1412 1056 1441 verbis
1084 1412 1312 1452 describeretur:

177 1462 266 1501 Resp.
307 1484 331 1498 ‚‚
351 1463 457 1499 Quoad
474 1464 632 1499 exemplum
652 1467 836 1500 propositum
858 1463 993 1500 perfacile
1007 1470 1071 1499 est,
1099 1464 1161 1499 ejus
1179 1463 1318 1491 rationem
1342 1462 1463 1490 reddere.
1507 1459 1563 1487 Fac
1587 1458 1665 1487 enim

135 1514 188 1550 fig.
215 1522 247 1549 4.
279 1513 387 1542 ABCD
414 1522 477 1542 esse
507 1521 645 1550 puteum,
674 1515 705 1543 in
728 1523 787 1551 quo
815 1516 851 1543 ad
874 1514 1039 1543 funiculum
1068 1514 1117 1542 EF
1154 1513 1241 1541 situla
1269 1513 1323 1541 sub
1347 1519 1421 1546 aqua
1452 1510 1664 1547 suspenditur,

135 1564 319 1601 fundumque
341 1573 425 1593 suum
458 1565 628 1601 contiguum
662 1565 774 1594 obtinet
799 1565 967 1602 imaginario
993 1565 1081 1600 plano
1108 1564 1160 1592 IK.
1199 1564 1261 1599 Jam
1288 1562 1313 1590 si
1336 1570 1562 1598 supponamus,
1592 1562 1666 1590 situ-

134 1614 192 1642 lam
213 1621 346 1643 constare
367 1617 465 1644 solum
485 1624 520 1644 ex
545 1617 626 1651 ligno
649 1625 723 1651 aqua
745 1617 866 1652 leviori,
893 1623 924 1644 ea
949 1623 1009 1645 non
1033 1615 1120 1644 modo
1145 1621 1204 1642 non
1230 1612 1336 1650 premit
1356 1621 1493 1651 manum,
1518 1621 1592 1650 quae
1614 1612 1663 1641 fu-

1598 1671 1663 1693 nem

159 1728 212 1758 (t)
230 1729 281 1752 Vid.
302 1729 362 1756 App.
377 1729 404 1751 Π.

161 1771 214 1800 (2)
234 1772 278 1793 hoc
299 1775 361 1798 patet
382 1777 410 1793 ex
428 1770 530 1793 doctrina
551 1770 632 1797 Boylei
652 1771 753 1799 exposita
772 1773 852 1796 Parad.
865 1779 886 1800 3.

161 1813 210 1840 (3)
234 1811 287 1835 Vid.
307 1811 360 1834 ibid.
577 1817 628 1840 ’.4)
649 1815 700 1836 vid.
719 1815 795 1837 Parad.
809 1821 830 1840 ³·
853 1822 875 1842 p.
889 1820 916 1837 2¹
933 1820 983 1843 seq·

162 1853 215 1880 (5)
238 1853 290 1875 Hoc
308 1859 357 1880 est,
384 1859 408 1875 ut
428 1854 485 1875 bene
509 1856 615 1877 observat
635 1856 730 1882 noyteus
744 1872 751 1881 ,
773 1856 902 1878 tralaritium
922 1857 1061 1884 obviumque
1079 1855 1134 1878 illud
1155 1852 1335 1883 experimentum
1348 1867 1356 1880 ,
1379 1850 1416 1874 cui
1438 1848 1518 1874 schola
1539 1855 1562 1871 et
1581 1849 1652 1878 SCFiP·

130 1898 204 1915 torum
225 1899 274 1920 pars
299 1893 393 1916 maxima
412 1897 516 1918 audacter
533 1903 701 1924 superstruxere
720 1898 762 1918 hoc
775 1897 878 1919 axioma:
900 1898 1017 1921 Elementa
1035 1903 1082 1921 nou
1092 1897 1204 1925 gravitate
1217 1897 1242 1920 iu
1256 1894 1350 1925 proprio
1371 1895 1445 1921 1000,
1472 1890 1658 1920 ⁵Peci³¹imqu01

132 1939 212 1963 nquam
230 1940 276 1957 non
294 1935 402 1962 gravitate
424 1938 467 1961 (uz
484 1936 645 1965 loquuntur),
668 1939 692 1960 in
711 1944 752 1959 sua
775 1938 845 1966 ipsius
865 1940 993 1961 elemento·

938 1978 962 1987 q

938 1985 964 2009 1⁴1
