1913 2417
282 177 329 219 22:
734 172 762 205 J.
816 173 850 207 T.
903 174 1305 217 PLUSCHKE,

285 285 378 320 posse
388 299 399 314 ‚
428 275 490 308 nisi
520 274 587 319 quir
609 273 698 318 quod
725 280 756 306 et
789 273 881 317 quale
914 279 945 304 et
972 281 1130 318 quantum
1164 275 1221 314 sit,
1254 274 1430 308 miserrime
1460 275 1608 319 ignoret?
1649 275 1759 310 Medi··

287 343 362 372 cus,
386 333 460 375 qui,
484 335 511 364 si
535 332 604 368 fieri
630 332 690 363 boc
714 337 842 374 posset,
859 341 976 364 omnes,
998 338 1143 374 aegrotos
1177 331 1312 375 perfecte
1341 339 1484 371 sanaret,
1507 339 1545 366 et¹
1559 335 1657 366 vitam
1681 334 1759 366 lon-⁷

287 389 450 433 gissimam
483 399 616 432 eamque
651 394 793 430 vegetam
824 387 1066 427 consulentibus
1100 389 1305 431 impertiret„
1326 390 1453 432 quantis
1481 391 1628 433 praemiis
1661 402 1760 435 expe-5

287 452 423 484 teretur,
453 446 581 488 quantis
614 444 790 487 praeconiis
813 443 1036 482 extolleretur,
1057 455 1152 487 quam
1183 446 1297 489 ingens
1326 446 1365 478 ad
1395 457 1470 478 eum
1495 457 1671 478 concursus
1697 446 1757 479 fies

286 502 360 541 ret?
401 503 470 532 Jam
501 512 576 533 vero
600 502 635 532 in
666 500 764 532 verbo
788 500 900 536 (livino
925 511 1080 544 perennes
1110 501 1192 534 vitae
1223 502 1326 535 fontes
1355 504 1558 547 aperiuntur,
1581 510 1613 535 et
1638 503 1757 534 saluta-

286 568 337 597 res
369 568 468 600 aquae
507 557 688 592 sitientibus
721 557 825 599 gratis,
849 558 1063 600 praebentur,
1097 571 1137 591 ex
1167 558 1286 602 quibus
1318 561 1376 603 qui
1407 559 1552 595 biberit,
1585 569 1756 602 uunquam

287 616 419 658 posthac
456 616 559 654 sitiet,
593 614 648 649 sed
681 624 763 657 aqua
791 614 825 649 in
856 614 928 657 ipso
959 616 1078 650 evadet>
1099 616 1174 648 fons
1202 617 1376 647 scaturiens
1404 617 1439 647 in
1465 623 1639 648 aeternum.
1685 617 1757 646 Huc

286 671 386 714 igitur
409 681 484 703 cum
506 671 612 707 omnis
636 671 789 714 sapientia
812 671 911 702 veluti
935 671 976 703 ad
1002 680 1147 705 centrum
1174 683 1270 704 suum
1293 672 1438 705 flectatur
1462 683 1497 704 ac
1524 672 1700 714 dirigatur,
1724 672 1761 702 in.

288 739 358 772 quo
375 728 434 759 sita
459 733 506 758 est
531 727 690 759 humanae
718 735 848 760 naturae
878 728 1022 760 absoluta
1051 728 1203 772 perfectio
1227 736 1258 760 et
1287 740 1361 760 curn
1385 729 1494 761 divina
1525 729 1693 763 consensio
1714 733 1760 759 at·

285 797 352 829 que
376 783 567 816 similitudo:
598 782 673 815 fieri*
694 796 760 817 non
787 791 909 828 potest,
940 792 976 816 ut
1000 787 1081 817 sacri
1103 786 1150 817 illi
1176 785 1250 817 libri
1277 787 1312 817 in
1337 785 1579 828 despicientiam
1609 784 1757 822 veniant,

289 849 345 875 aut
371 842 543 874 hominum
568 840 780 872 desideriam
808 852 842 873 se
868 848 990 873 vertere
1013 853 1198 885 >eorumque
1223 842 1488 886 approbationem
1523 841 1584 873 sibi
1620 849 1761 872 asserere

286 899 446 934 desinant.

334 957 414 987 Satis
449 955 530 986 mihi
559 953 670 986 videor
697 954 833 993 dixisse,
867 954 908 987 A.
931 955 990 994 A.‚
1020 954 1060 986 de
1083 966 1140 993 eo,
1174 966 1240 998 quo
1272 956 1379 987 omnia
1410 956 1468 986 Dei
1498 953 1631 986 consilia
1652 959 1688 984 ut
1722 953 1761 987 in

290 1012 442 1044 universo
480 1011 620 1049 mundo,
654 1012 696 1041 ita
731 1012 766 1042 in
800 1010 919 1042 Codice
944 1022 1033 1042 sacro
1060 1011 1206 1044 redeunt.
1253 1012 1351 1042 Satin’
1375 1011 1514 1043 dixisse?
1543 1012 1609 1041 imo
1640 1019 1761 1052 parum

285 1068 424 1106 vdixisse,
448 1067 588 1108 attigisse
615 1072 740 1098 tantum
761 1073 794 1097 et
812 1066 1049 1098 adumbravisse
1071 1078 1157 1105 rem,
1179 1070 1232 1099 cui
1250 1067 1478 1110 praedicandae
1503 1073 1534 1097 et
1550 1064 1760 1097 celebrandae

288 1126 400 1157 omnia
430 1123 631 1166 eloquentiae
662 1122 785 1153 lumina
814 1133 881 1154 uon
914 1121 1083 1154 sufficiant.
1132 1123 1193 1154 Sed
1230 1133 1305 1154 cum
1336 1122 1388 1154 vel
1426 1133 1465 1153 ex
1498 1122 1548 1153 his
1570 1121 1681 1164 paucis
1706 1121 1759 1153 reia

290 1181 429 1224 gravitas
459 1186 491 1211 et
523 1177 731 1223 probabilitas
759 1178 978 1222 intelligatur,
1009 1185 1137 1211 transeo
1165 1178 1206 1212 ad
1234 1178 1413 1211 secundum
1436 1177 1536 1217 illud,
1565 1176 1654 1222 quod
1678 1186 1758 1221 pros

286 1246 479 1281 posueram,

382 1347 615 1381 Ineachaustam
635 1349 669 1382 in
701 1347 848 1381 docendo
869 1348 1063 1388 ubertatem,
1095 1359 1167 1381 cum
1194 1347 1428 1392 jucundissima
1452 1347 1605 1380 varietate
1615 1366 1633 1387 ,-

296 1469 364 1503 quo
399 1457 532 1489 nomine
562 1464 594 1489 et
634 1467 823 1501 argumento
854 1463 1017 1506 Scriptura
1055 1472 1142 1494 sacra
1177 1473 1252 1505 prae
1284 1460 1416 1503 reliquis
1452 1458 1640 1492 doctoribus
1666 1457 1764 1492 claris'

295 1524 330 1549 et
352 1514 535 1546 auctoribus
558 1514 684 1545 eximiis
708 1516 890 1546 communis
919 1518 1086 1558 magistrae
1107 1518 1353 1559 appellationem
1381 1523 1531 1548 meretur.

341 1574 451 1603 Unum
489 1569 621 1612 quidem
657 1577 689 1602 et
725 1571 859 1614 simplex
890 1571 970 1602 illud
1004 1579 1070 1611 est,
1104 1583 1172 1614 qno
1207 1574 1315 1604 omnia
1353 1573 1412 1603 ista
1437 1578 1647 1604 monumenta
1673 1581 1761 1603 sacra

299 1634 457 1673 spectant,
493 1636 558 1667 quo
592 1627 765 1668 Scriptores
799 1627 918 1666 divini,
947 1629 1070 1662 etiamsi
1098 1628 1316 1666 deflexerunt,
1349 1634 1455 1660 tamen
1485 1629 1673 1666 reflectunt,
1704 1625 1760 1658 sed

299 1684 432 1726 simplex
459 1680 539 1712 illud
570 1688 600 1711 et
631 1692 733 1712 unum
766 1683 806 1713 ita
829 1683 961 1715 docetur
984 1691 1078 1727 atque
1099 1685 1293 1727 exponitur,
1320 1691 1372 1724 ut,
1396 1691 1517 1728 quanto
1538 1685 1579 1715 sit
1610 1684 1643 1714 in
1664 1681 1761 1713 modo

300 1739 446 1773 tradendi
475 1735 680 1768 exuberantia
703 1744 735 1768 et
755 1739 905 1776 varietas,
926 1740 981 1770 vix
1007 1747 1112 1772 mente
1134 1743 1280 1784 concipi,
1303 1741 1406 1773 multo
1432 1740 1539 1771 minus
1561 1738 1658 1782 digne
1687 1749 1760 1781 pro-

303 1795 447 1829 nuntiari
471 1793 580 1834 possit.
624 1794 698 1824 Non
721 1804 819 1825 unam
843 1794 1011 1825 alteramve
1036 1794 1121 1825 viam
1150 1798 1327 1837 ingreditur
1345 1808 1381 1829 ea
1401 1797 1570 1838 magistra,
1592 1806 1659 1837 quo
1678 1805 1766 1826 sum·

300 1854 350 1886 mi
375 1850 452 1882 boni
477 1847 669 1879 desiderium
691 1849 724 1880 in
743 1850 931 1882 mortalibus
956 1851 1092 1890 excitet,
1114 1852 1285 1883 excitatum
1304 1858 1417 1893 augeat
1432 1874 1441 1888 ‚
1462 1858 1493 1882 et
1525 1851 1654 1882 divinos
1675 1861 1766 1882 men·

300 1911 345 1942 -ais
374 1909 529 1938 humanae
551 1904 707 1947 igniculos
734 1905 795 1937 alat
822 1917 857 1938 ac
882 1906 1007 1938 foveat:
1030 1906 1086 1938 sed
1107 1906 1176 1939 aliis
1201 1914 1296 1950 atque
1326 1907 1395 1938 aliis
1429 1906 1607 1938 rationibus
1642 1908 1766 1950 sapien-

304 1966 381 1998 tiam
406 1962 507 2000 illam,
531 1971 610 2003 quac
636 1972 654 1992 a
675 1963 742 1993 Deo
769 1961 910 2004 prosecta
937 1963 977 1996 atl
1007 1965 1112 1997 Deum
1146 1963 1247 2002 redit,
1278 1963 1421 1996 discendi
1453 1963 1578 2006 cupidis
1602 1974 1766 1996 commen·

1696 2018 1770 2055 dat,
