1913 2417
274 187 662 222 COMMENTATIO
690 197 740 220 AD
770 187 1149 227 QUAESTIONEM
1175 189 1473 228 JURIDICAM.
1599 190 1637 225 ὅς

115 275 208 311 actis,
234 283 293 304 non
321 275 419 305 statim
440 280 584 311 coguntur·
605 274 772 302 sententiam
798 273 888 309 ferre,
917 274 965 302 sed
989 281 1086 302 eorum
1110 272 1220 310 judicio
1246 281 1278 301 ac
1310 272 1477 308 prudentiae
1505 273 1627 308 permis-

116 335 180 356 sum
213 333 276 361 est,
306 334 338 354 ut
368 326 534 362 petitionem
569 325 716 361 rejiciant,
740 323 764 352 si
784 332 799 353 e
821 325 937 353 testium
967 324 1205 353 declarationibus
1230 329 1256 351 et
1279 323 1476 352 instrumentis
1501 323 1623 358 prolatis

121 378 180 406 sibi
204 386 262 406 non
280 385 446 413 persuasum
466 376 602 411 babeant,
625 375 793 404 Absentiam
818 376 952 404 declarari
975 384 1084 412 posse,
1105 375 1146 403 uti
1171 375 1279 411 passim
1299 375 1357 413 jam
1381 374 1624 410 observavimus,

109 434 173 457 art.
198 437 283 464 117„
302 428 338 457 de
360 436 419 464 quo
439 427 521 464 plura
541 427 600 456 vid.
622 435 668 463 ap.
690 427 851 462 meream,
874 427 894 456 Ι.
919 427 939 456 l.
962 436 992 464 p.
1013 426 1188 463 355—368.

817 506 846 541 ς.
895 504 923 534 6.

145 580 235 620 Quod
264 582 287 611 si
313 582 368 619 jam
392 583 448 611 hoc
473 581 601 610 examine
622 581 756 610 instituto
776 581 868 618 Judici
893 588 1059 617 persuasum
1085 581 1124 610 sit
1150 587 1254 609 sortem
1277 580 1414 610 Absentis
1438 579 1507 610 adeo
1530 580 1625 610 incer⁴

110 638 167 661 tam
191 642 272 669 esse,
301 640 335 661 ut
359 633 528 662 Absentiam
552 632 685 660 declarari
713 632 816 668 liceat,
848 632 987 661 sententia
1010 632 1116 660 feretur
1132 634 1319 670 provisoria‚
1347 638 1416 668 post
1441 640 1545 660 annum
1574 633 1624 661 de-

107 691 185 713 mum
212 684 425 718 confirmanda,
446 683 471 712 si
488 683 559 712 nihil
583 683 708 718 amplius
734 685 768 712 de
781 683 908 712 Absente
931 683 1098 712 innotuerit.
1140 683 1274 711 Testium
1297 682 1371 710 enim
1397 683 1555 718 exploratio
1581 683 1615 710 li-

101 739 154 764 'cet
176 736 230 772 jam
254 734 325 764 satis
348 736 468 770 idonea,
491 742 522 763 ut
546 735 633 762 statui
656 735 765 763 incerto
789 734 926 763 Absentis
942 734 1097 770 aliqualux
1112 733 1290 768 affundatur‚
1312 733 1439 761 nondum
1459 732 1616 768 legislatori

105 786 234 815 sufficere
254 787 315 814 visa
336 793 399 821 est,
429 786 479 821 qui
503 786 581 814 nulla
606 794 663 814 non
685 785 818 814 adhibere
839 786 953 822 voluit,
977 793 1009 814 ut
1032 792 1201 822 appareret,
1231 793 1266 813 an
1292 784 1367 813 forte
1387 783 1492 812 alicubi
1517 785 1626 819 lateret,

104 829 232 872 Absens.
273 837 313 866 Et
330 838 386 866 boc
404 837 557 873 proposito
580 838 610 865 in
632 843 692 866 art.
712 839 795 873 118.‚
816 847 830 866 a
850 837 1040 866 Procuratore
1063 836 1156 872 Regio
1184 844 1303 871 quoque
1319 835 1430 870 exegit,
1451 840 1482 862 ut
1506 842 1619 862 omnem

103 888 254 925 ampcndat
277 896 389 925 operam
416 888 572 917 Absentem
597 888 745 916 certiorem
768 887 890 916 faciendi
912 888 946 916 de
968 886 1121 921 consiliis,
1143 894 1214 922 quae
1241 886 1318 914 domi
1342 886 1434 921 ipsius
1458 885 1616 921 capiuntur

102 941 139 969 de
168 940 310 969 honori-m
345 940 593 969 administratione
620 946 647 967 et
676 940 817 968 missione
844 939 977 967 heredum
1008 937 1038 966 in
1069 945 1166 966 eorum
1195 937 1421 973 possessionem.
1472 936 1501 964 Is
1527 936 1618 973 igitur

97 991 213 1020 mittere
245 991 328 1019 debet
359 991 516 1019 sententias
547 991 604 1019 huc
631 999 722 1026 usque
746 991 817 1019 latas
841 990 875 1018 ad
897 990 1046 1018 Summum
1074 988 1209 1025 Justitiae
1232 987 1424 1023 Ministrum‚
1455 994 1486 1016 ut
1510 987 1534 1015 is
1560 994 1617 1023 ope

100 1041 314 1078 ephemeridum
338 1041 402 1071 illas
431 1042 466 1070 ad
488 1041 634 1076 publicam
657 1042 786 1070 notitiam
807 1041 933 1075 deferat,
963 1040 1022 1067 imo
1042 1045 1070 1066 et
1094 1039 1216 1074 perferat
1243 1039 1273 1067 in
1298 1039 1376 1074 regni
1400 1038 1552 1071 colonias,
1582 1041 1613 1064 et

89 1092 218 1130 'quasvis
238 1092 368 1127 regiones
386 1092 520 1127 dissita53
542 1092 624 1120 conf,
647 1092 773 1128 Mot1fi‚
793 1093 853 1121 cod.
875 1101 906 1128 p.
928 1097 993 1126 175.
1032 1089 1102 1127 Quo
1126 1088 1223 1124 facto,
1239 1089 1316 1117 bona
1335 1087 1474 1116 Absentis
1502 1087 1618 1120 nullam.

101 1143 196 1171 adhuc
222 1141 407 1170 mutationem
434 1141 580 1176 subeunt,
600 1141 649 1169 sed
668 1148 870 1177 exspectatur,
891 1142 981 1170 donec
1006 1140 1117 1176 integro
1140 1148 1216 1167 anno
1235 1138 1425 1174 praeterlapso
1450 1138 1549 1166 nullus
1573 1139 1609 1166 de

100 1193 230 1222 Absente
252 1192 372 1220 nuntius
388 1192 491 1221 allatus
508 1191 615 1227 suerit,
637 1198 664 1221 et
682 1200 742 1227 quo
762 1193 873 1221 demum
890 1199 1017 1228 tempore
1034 1196 1133 1219 exacto
1146 1190 1317 1218 sententiam
1333 1187 1510 1224 definitivam
1532 1197 1547 1216 a
1559 1189 1609 1225 ju-

97 1244 161 1273 dice
179 1243 245 1272 ferri
265 1242 381 1277 licebit,
401 1249 430 1270 et
445 1242 613 1271 Absentiam
629 1242 755 1279 legitime
770 1243 904 1273 declarari
916 1264 926 1279 ,
944 1248 1006 1270 art.
1028 1250 1092 1278 119.
1132 1241 1208 1269 illud
1222 1240 1305 1268 etiam
1323 1240 1476 1275 prudenter
1492 1239 1605 1267 consti-

95 1301 191 1324 tutum
223 1294 299 1328 fuit,
326 1301 393 1321 cum
421 1293 571 1321 sententiis
601 1293 635 1321 ad
650 1293 795 1329 publicam
820 1294 954 1323 notitiam
979 1291 1138 1320 deferendis
1153 1311 1162 1326 ‚
1182 1290 1267 1319 facile
1286 1290 1402 1319 evenire
1428 1289 1543 1326 possit,
1572 1295 1608 1318 ut

94 1345 157 1382 ipse
181 1345 298 1373 Absens
329 1343 532 1379 superveniens
559 1350 625 1372 ante
647 1343 865 1374 declarationem
889 1344 1045 1373 Absentiae
1069 1342 1236 1370 missionem
1264 1342 1294 1370 in
1316 1342 1459 1370 bonorum
1483 1347 1609 1376 posses-

93 1396 202 1424 sionem
228 1394 383 1431 impediat,
406 1401 454 1423 aut
481 1394 648 1430 quicunque
669 1395 740 1424 certi
766 1396 836 1431 quid
862 1396 896 1424 de
917 1404 951 1424 eo
974 1392 1202 1431 exploraverint:
1235 1392 1260 1420 si
1282 1391 1354 1420 enim
1380 1391 1521 1420 continuo
1540 1399 1604 1419 sen-

90 1447 180 1475 tentia
206 1447 274 1474 haec
298 1444 450 1480 definitiva
476 1443 614 1482 ferretus,
643 1453 671 1474 et
698 1447 749 1475 hac
775 1447 958 1483 promulgata
981 1446 1096 1474 Absens
1119 1450 1325 1478 reverteretur,
1355 1443 1381 1471 is
1405 1433 1518 1470 heredes
1542 1442 1603 1481 jam

87 1496 164 1526 bona
189 1498 370 1533 possidentes
396 1497 555 1532 inveniret,
587 1503 658 1531 aut,
685 1497 714 1525 si
737 1506 792 1533 ope
818 1498 938 1526 aliorum
965 1496 1077 1531 aliquid
1101 1495 1169 1524 certi
1200 1495 1234 1522 de
1258 1503 1291 1522 eo
1313 1493 1478 1522 nuntiatum
1505 1486 1603 1530 esset,'

87 1556 172 1578 nemo
197 1548 348 1582 existeret,
371 1548 406 1575 ad
420 1548 585 1576 sententiam
603 1547 797 1575 infirmandam
814 1548 946 1575 idoneus.
988 1547 1040 1575 Uti
1063 1553 1155 1574 autem
1175 1550 1299 1580 praestat
1314 1545 1361 1579 jus
1378 1551 1463 1571 suurn
1483 1543 1595 1571 salvum

93 1599 233 1631 retinere,
261 1607 346 1634 qnam
373 1605 441 1634 post
469 1599 643 1626 vulneratam
664 1606 793 1626 caussam
821 1597 942 1626 remedia
967 1604 1119 1632 quaerere,
1147 1601 1174 1623 et
1197 1603 1230 1623 ex
1255 1595 1308 1622 hac
1338 1600 1417 1629 parte
1447 1598 1509 1621 art.
1530 1601 1596 1628 119.

85 1649 220 1678 *doctrina
250 1649 278 1677 in
309 1649 427 1685 gratiam
452 1648 593 1678 Abseuns
622 1649 711 1685 magis
737 1656 854 1686 quoque
882 1656 913 1676 se
938 1646 1173 1681 commendabat,
1201 1646 1244 1673 sic
1269 1645 1352 1673 etiarn
1378 1643 1600 1672 convenientius

85 1700 235 1729 videbatur
262 1700 391 1737 judicum
420 1699 612 1734 auctoritati,
642 1700 811 1728 sententiam
845 1698 972 1734 differri,
1003 1706 1088 1734 quam
1112 1696 1280 1726 sententiam
1308 1695 1390 1731 prius
1420 1696 1503 1722 latam
1529 1702 1598 1723 mox

81 1751 177 1780 ‹itnuo
203 1751 339 1780 rescindi.
388 1750 435 1779 Ob
470 1751 616 1787 duplicem
638 1759 705 1787 ergo
730 1750 801 1779 hanc
827 1750 964 1778 rationem
991 1750 1083 1778 satius
1107 1748 1200 1776 visum
1232 1754 1295 1782 est,
1323 1745 1449 1782 spatium
1473 1745 1545 1774 illud
1572 1751 1591 1780 5

84 1810 222 1831 annorum
248 1803 286 1830 ita
309 1801 416 1836 dividi,
448 1809 480 1830 ut
502 1801 675 1837 procedendi
700 1801 773 1829 ratio
798 1801 879 1836 prius
902 1800 1015 1828 initium
1039 1805 1171 1835 caperet,
1201 1798 1312 1834 integro
1336 1805 1404 1825 vero
1431 1796 1594 1832 quinquen-

82 1852 130 1881 nio
155 1853 346 1888 praeterlapso
371 1853 482 1880 demum
504 1852 643 1881 sententia
669 1851 788 1880 ferretur
810 1850 979 1887 definitiva,
1008 1851 1092 1887 cujus
1117 1850 1146 1877 hi
1175 1848 1270 1877 forent
1295 1846 1436 1882 effectus,
1468 1853 1501 1874 ut
1523 1847 1593 1875 mis-

84 1904 129 1933 sio
154 1903 184 1932 in
211 1904 423 1939 possessionem
449 1904 591 1933 bonorum
615 1903 674 1938 peti
700 1908 819 1938 posset,
849 1903 894 1931 vel
919 1902 1004 1930 simul
1028 1900 1243 1929 concederetur.
1282 1897 1358 1926 Nam
1380 1897 1448 1925 licet
1471 1903 1499 1926 ct
1524 1897 1593 1926 haec

81 1954 218 1983 sententia
243 1953 393 1988 definitiva
429 1955 515 1991 (art.
536 1954 628 1990 118.)
658 1954 754 1982 eodem
780 1953 864 1981 modo
886 1953 921 1981 ad
945 1951 1090 1988 publicam
1115 1949 1246 1978 notitiam
1271 1948 1390 1984 perferri
1414 1947 1531 1983 debeat,
1561 1947 1591 1975 id

80 2012 139 2035 non
159 2013 194 2034 co
214 2013 307 2042 scopo
332 2005 522 2034 constitutum
545 2005 676 2041 videtur,
698 2010 730 2033 ut
755 2004 942 2040 impediretur
966 2002 1068 2046 missio
1089 2001 1118 2031 in
1142 2001 1235 2036 bona,
1257 1999 1306 2029 sed
1322 2005 1373 2035 ut,
1396 1998 1475 2027 hisce
1489 1997 1591 2034 cogni·

841 2054 857 2084 l.
1086 2054 1089 2056 ’
1548 2047 1588 2076 tis
