1913 2417
294 157 310 186 8
655 155 1440 188 G.c.n.sUR1NGAR

336 237 433 276 Quum
464 239 552 277 igitur
576 239 779 274 indicaverim,
808 239 954 274 quomodo
986 238 1056 267 fibra
1076 238 1169 275 lignea
1194 240 1229 267 ad
1261 240 1398 268 exteriora
1427 246 1573 276 penetrare
1605 239 1720 276 possit,
1747 240 1806 279 jan!

300 288 455 317 videndum
479 297 545 323 est,
566 297 701 324 quaenam
729 289 930 324 requirantur,
952 295 986 318 ut
1008 298 1044 318 ex
1067 298 1097 318 ea
1122 290 1169 318 fiat
1193 291 1329 326 potiolus.

340 341 370 369 Si
393 341 476 369 Fibra
500 341 591 375 lignea
613 347 662 375 per
684 340 828 368 Corticem
854 346 1024 376 penetrans,
1053 342 1081 370 in
1110 342 1231 370 transitu
1262 342 1482 378 parcnchumate
1513 341 1694 377 involvitur,
1726 342 1810 378 sique

269 392 273 395 ’
301 391 336 420 ad
358 400 416 420 eam
441 390 588 419 involucra
612 390 774 426 plantarum
800 397 933 426 externa,
962 391 1069 421 Cortex
1096 399 1123 421 et
1142 392 1324 429 Epidermis‚
1355 393 1388 420 de
1411 393 1486 421 cauli
1516 392 1700 421 adscendenti
1729 400 1809 420 acce-

303 442 395 478 dunt,
417 449 535 477 eamque
546 441 724 477 investium,
739 442 879 470 formatur
891 442 1019 472 Petiolus
1031 464 1041 478 ,
1057 443 1272 480 Compendium
1288 444 1372 480 (10)
1385 465 1395 478 ‚
1415 450 1447 472 ut
1463 444 1501 472 ita
1516 444 1606 473 dicam
1617 464 1628 479 ,
1648 442 1808 473 foliorum:

303 493 370 521 haec
402 500 471 521 vero
501 493 601 528 petioli
631 493 767 522 formatio
796 494 882 522 modo
909 494 1009 529 aliquo
1041 495 1074 523 fit
1098 503 1152 523 nos
1182 495 1310 530 latente,
1341 495 1430 530 nisu,
1459 494 1485 523 si
1509 495 1579 523 velis
1598 516 1609 530 ,
1639 493 1808 523 formativo-

303 543 432 572 Petiolus
467 552 534 580 ergo
565 550 608 573 est
634 543 705 572 fibra
732 544 825 580 lignea
849 552 863 571 e
895 544 985 573 caulis
1019 546 1216 574 adscendentis
1247 546 1327 582 ligno
1354 552 1435 580 orta,
1464 553 1478 573 e
1497 545 1643 574 vassiculo
1670 553 1807 575 vasorum

307 594 518 631 plurimorum,
539 595 688 631 spiralium
715 595 866 630 inprimis,
893 595 1019 624 nondum
1042 595 1245 631 dilatatorurn,
1266 596 1315 624 sed
1338 597 1391 624 tela
1414 596 1552 624 cellulosa
1575 597 1668 625 adhuc
1689 598 1818 634 juncto-·

299 654 364 674 rum
393 653 552 681 constans,
576 646 795 683 parenchumate
817 646 969 682 investita,
1000 646 1031 676 in
1055 646 1239 684 cylindrIcam
1262 647 1432 684 plerumque
1455 646 1596 683 formam,
1625 647 1743 677 Cortice
1763 655 1814 678 ac·

303 697 438 733 cedente,
461 697 586 727 reducta.

998 753 1025 788 §-
1073 762 1103 782 α.

808 827 856 855 De
877 827 1034 857 evolutione
1053 828 1131 857 Falli
1152 838 1165 856 e
1184 829 1307 858 Petiolo.

346 904 387 934 Ut
409 904 517 942 justam
545 904 630 933 nobis
662 904 696 932 de
719 903 856 932 foliorum
883 912 897 931 e
925 904 1039 939 petiolis
1071 905 1236 934 evolutione
1264 905 1421 934 formemus
1452 905 1564 939 ideam,
1592 904 1690 933 eodem
1713 911 1773 940 quo
1795 904 1814 941 ς

312 956 510 991 praecedenti,
532 956 618 983 modo
642 955 816 990 pergendum
840 962 902 982 esse
928 963 1051 990 censeo,
1081 956 1174 991 primo
1199 964 1301 992 nempe
1319 957 1386 984 loco
1409 956 1480 984 mihi
1502 955 1684 984 indicandum
1707 963 1817 989 sumo,

307 1007 455 1041 quomodo
479 1014 493 1033 e
518 1006 650 1033 fibrarum
675 1004 831 1040 lignearum
853 1004 997 1033 fasciculo
1025 1007 1201 1040 vasculoso,
1222 1007 1273 1041 qui
1295 1006 1324 1034 in
1348 1006 1458 1042 petiolo
1478 1006 1507 1034 in
1532 1013 1621 1034 unum
1643 1011 1814 1041 compactus

307 1063 351 1084 est
371 1077 380 1092 ‚
412 1065 442 1084 se
473 1056 608 1084 dilatante
636 1054 776 1084 formetur
799 1056 922 1084 sceletus
953 1055 1109 1091 foliorum,
1136 1056 1200 1085 dein
1225 1063 1340 1093 autem,
1370 1056 1519 1093 quomodo
1546 1056 1593 1084 hic
1626 1056 1752 1084 sceletus
1783 1055 1817 1084 in

306 1107 403 1143 ipsum
423 1106 526 1136 folium
545 1106 636 1135 abeat.

348 1158 430 1186 Fibra
451 1158 543 1195 lignea
567 1157 689 1193 petioli,
721 1157 841 1186 simulac
874 1159 908 1186 ad
940 1158 1052 1187 discum
1085 1158 1222 1188 foliorum
1257 1160 1434 1196 pervenerit,
1463 1160 1559 1196 plures
1589 1158 1693 1188 emittit
1721 1163 1821 1188 costas

312 1207 357 1234 vel
383 1215 475 1236 ramos
501 1210 626 1237 laterales
649 1209 802 1244 oppositos
826 1215 874 1236 aut
898 1210 1033 1238 alternos.
1075 1210 1107 1238 In
1130 1210 1233 1239 horum
1255 1219 1398 1239 ramorum
1421 1211 1562 1239 divisione
1586 1217 1612 1239 et
1632 1208 1819 1239 distributio-

312 1265 370 1292 ne,
393 1258 491 1328 &quae
516 1259 544 1287 in
559 1259 641 1288 foliis
665 1258 818 1287 sessilibus
838 1260 932 1287 statim
956 1261 1052 1288 locum
1069 1261 1173 1296 habet,
1196 1263 1312 1297 quando
1337 1261 1409 1290 fibra
1432 1262 1523 1298 lignea
1544 1261 1689 1290 Corticem
1708 1266 1735 1287 et
1754 1258 1826 1294 Epi-

315 1308 467 1336 dei-micem
499 1309 590 1337 caulis
619 1310 814 1337 adscendentis
845 1311 1045 1346 penetravit‚)
1074 1317 1191 1346 natura,
1223 1318 1256 1339 nt
1287 1313 1440 1348 generatim
1470 1313 1498 1340 in
1523 1312 1661 1340 soliorum
1693 1309 1821 1343 fabrica,

314 1359 382 1387 mire
406 1359 502 1386 ludere
528 1359 619 1394 solet3
642 1367 693 1387 nec
718 1359 800 1387 facile
821 1361 850 1388 in
875 1361 958 1389 unius
983 1362 1167 1397 eJusdemqne
1198 1363 1303 1398 speciei
1334 1363 1415 1390 foliis
1446 1370 1565 1397 prorsus
1588 1360 1722 1394 aequales
1745 1358 1825 1385 vide-

311 1409 358 1439 bis
380 1409 609 1438 ramificationes.
657 1410 763 1438 Costae
796 1410 872 1444 hae,
902 1409 1048 1442 crassitie,
1077 1413 1157 1442 situ,
1188 1413 1369 1444 longitndine
1403 1418 1457 1439 cre.
1490 1411 1518 1437 in
1552 1409 1638 1437 variis
1671 1407 1824 1441 speciebus

313 1462 466 1489 admodum
490 1460 667 1494 differentes,
698 1460 840 1495 plurimos
873 1460 975 1487 iterum
992 1447 1137 1487 'emittunt
1169 1467 1262 1487 ramos
1291 1465 1318 1486 et
1341 1459 1495 1493 ramulos,
1526 1457 1575 1492 qui
1608 1457 1670 1484 aliis
1701 1456 1824 1486 similem

316 1511 453 1545 originem
479 1510 652 1539 habentibus
679 1517 836 1538 occurrunt
855 1516 882 1538 et
904 1510 1039 1538 minimos
1062 1510 1176 1537 demum
1204 1510 1359 1544 surculos,
1388 1508 1621 1537 anastomosibus
1646 1507 1825 1537 creberrimis

320 1562 438 1598 Junctos
462 1562 559 1590 edunt.
600 1561 642 1588 Ita
667 1561 698 1589 lit
723 1561 823 1597 plexus
849 1561 1007 1589 reticulatis
1033 1561 1161 1596 egregius
1183 1582 1192 1596 ‚
1223 1560 1312 1595 vulgo
1337 1561 1460 1588 sceletus
1488 1558 1622 1587 foliorum
1651 1559 1766 1594 dictus,
1796 1559 1827 1588 in

320 1612 419 1640 multis
442 1618 498 1640 tam
523 1619 641 1647 arctus,
665 1619 695 1640 ut
723 1612 858 1641 minimos
880 1613 1004 1649 ejusdcm
1034 1612 1168 1640 suitulos
1196 1611 1244 1640 vix
1269 1611 1347 1640 nudo
1378 1611 1464 1639 oculo
1496 1610 1686 1637 internoscere
1711 1610 1826 1645 possis=

314 1663 346 1691 in
368 1663 430 1690 aliis
455 1671 522 1690 vero
545 1663 574 1690 lii
600 1663 710 1691 minimi
742 1664 841 1692 ramuli
874 1664 963 1699 magis
997 1663 1123 1697 distant,
1154 1664 1258 1699 majora
1287 1663 1433 1692 intervalla
1463 1661 1631 1697 relinquunt
1661 1666 1688 1689 et
1713 1659 1829 1695 parcius

318 1714 373 1742 divi
389 1715 485 1742 {untur
506 1720 536 1741 ut
560 1722 588 1741 v.
612 1722 637 1743 c.
663 1715 690 1743 in
715 1715 838 1742 llederae
866 1714 1005 1743 terrestris
1034 1714 1171 1742 soliorum
1197 1714 1313 1744 sceleris
1338 1713 1434 1750 (11).

364 1764 520 1800 Quomodo
541 1771 634 1793 autem
658 1774 692 1793 ex
718 1766 771 1794 hcc
798 1766 903 1793 sce-leto
926 1765 958 1796 fit
979 1765 1073 1801 ipsum
1099 1765 1227 1793 folium?

366 1814 499 1842 Vidimus
525 1816 622 1844 fibram
651 1817 771 1851 ligneam
796 1817 829 1844 de
855 1824 941 1844 matre
965 1817 1061 1852 planta
1082 1824 1229 1845 exeuntem
1253 1815 1492 1850 Parenchumatc‚
1514 1814 1634 1844 Cortice
1657 1819 1683 1841 et
1706 1812 1828 1848 Epider·

325 1863 400 1893 mide
429 1865 457 1893 in
484 1867 605 1895 transitu
631 1868 757 1897 involvi:
789 1867 832 1896 his
863 1866 992 1905 partibus
1023 1868 1048 1895 si
1069 1868 1194 1897 sceletus
1228 1866 1366 1896 foliorum
1396 1866 1570 1902 investitur,
1600 1865 1659 1895 abit
1680 1864 1711 1894 in
1734 1863 1832 1900 ipsum

1788 1914 1834 1944 fo·

352 1993 419 2022 (¹⁰.
437 1992 488 2014 Vid·
504 1992 661 2020 ⁰7⁴¹*2'¹'⁴s·f¹³'1¹›·,
682 1994 697 2016 Ι.
712 1995 728 2017 1.
750 2002 798 2022 pag.
812 2002 850 2022 51.
1053 1995 1119 2023 (ιι)
1141 1993 1320 2023 Moldenhamr,
1339 1995 1355 2017 Ι.
1369 2000 1387 2018 e.
1406 2000 1456 2023 pag·
1472 1999 1505 2020 56.
