1913 2417
300 179 342 204 20
567 170 604 202 C.
648 167 1502 207 H.EBERSBACH,0RAT10.

303 257 425 299 jutores
449 263 562 289 nactus
589 269 681 297 sum,
703 264 838 301 quantas
863 257 977 298 gratias
999 255 1148 293 debeam,
1173 257 1279 288 verbis
1311 256 1433 287 idoneis
1459 254 1601 298 profiteri
1629 265 1765 298 nequeo.

305 314 519 346 Nihilosecius
551 315 651 357 probe
683 316 805 351 sentio,
842 324 900 344 nec
934 323 1041 344 rerum
1078 313 1237 355 ipsarum,
1274 313 1392 355 quibus
1417 311 1606 352 Theologiae
1631 311 1770 342 ambitus

307 369 501 409 absolvitur,
529 371 746 412 cognitionem
769 376 922 407 tenuem,
949 368 1051 412 qualis
1073 369 1153 400 mihi
1177 375 1239 408 est,
1271 368 1437 405 sufficere,
1469 374 1505 398 ut
1533 374 1621 398 tanto
1646 367 1773 398 muneri

308 436 348 457 ex
387 427 476 456 omui
515 433 625 469 parte,
676 426 748 457 licet
791 426 916 456 animus
952 426 1188 468 promtissimus
1231 425 1299 463 sit,
1350 425 1533 468 planissime
1571 422 1770 455 satisfaciam.

310 484 462 521 Quamvis
492 488 596 512 autem
626 481 687 512 hoc
713 492 802 524 spem
827 482 971 512 minuere
998 492 1100 512 meam
1125 481 1245 524 possit,
1276 481 1362 512 bono
1387 487 1491 511 tamen
1517 490 1636 510 munus
1662 489 1770 510 meum

310 548 346 568 ac
373 537 454 568 laeto
480 539 626 580 auspicor
658 538 775 571 animo.
828 539 896 568 Deo
925 539 1011 568 enim
1035 537 1262 579 benignissime
1285 537 1495 579 providente,
1524 534 1685 567 confidere
1700 545 1773 578 pos·

309 604 380 625 sum
413 599 443 624 et
478 593 756 636 Amplissimorum
787 594 952 626 Seminarii
981 593 1172 624 Curatorum
1207 591 1309 623 favori
1346 603 1381 623 ac
1415 592 1536 622 lenitati
1569 598 1601 622 et
1628 591 1773 633 Collegae

311 649 373 680 mei
412 649 666 691 conjunctissimi
693 650 848 680 amicitiae
881 660 917 680 ae
947 649 1186 681 benevolentiae
1203 670 1212 686 ‚
1239 654 1271 679 et
1301 647 1597 678 Eruditissimorum
1617 647 1774 679 Athenaei

310 704 445 738 Illustris
475 704 689 738 Professorum
714 705 910 748 sapientibus
934 705 1074 737 consiliis
1100 705 1311 748 cognitaeque
1337 704 1543 740 humanitati,
1573 709 1604 733 et
1628 702 1774 734 alumno·

309 771 383 791 rum
414 762 556 793 Instituti
593 762 695 792 nostri
733 762 842 792 studio
870 773 905 793 ac
930 761 1091 804 probitati.
1139 764 1203 792 IIae
1232 772 1286 803 spe
1312 760 1409 791 fretus
1433 767 1463 791 et
1489 759 1649 797 confisus,
1670 761 1774 789 Deum

310 817 432 858 precari
456 828 522 848 non
546 817 707 855 desinam,
730 824 780 856 ut,
805 828 879 849 cum
897 818 1122 848 Sereuissimus
1148 820 1213 848 Rex
1243 817 1454 849 Seminarium
1490 822 1637 846 nostrum
1667 815 1775 845 arctis·

310 873 389 907 sime
416 884 490 903 cum
520 872 639 905 Illustri
665 874 832 905 Athenaeo
858 874 1067 915 conjunctum
1102 873 1259 912 voluerit,
1289 871 1539 915 approbantibus
1561 871 1593 902 id
1617 878 1648 902 et
1676 871 1775 913 hujus

311 927 401 959 urbis
429 929 664 971 magistratibus
687 930 900 973 Amplissimis
916 953 924 969 ‚
957 930 1177 972 Athenaeique
1203 928 1411 960 Curatoribus
1433 935 1463 959 et
1488 927 1630 970 ejusdem
1655 926 1775 959 Profes-

311 984 438 1015 soribus
467 996 503 1016 ao
525 985 717 1016 Doctoribus
742 986 950 1024 Clarissimis,
975 992 1148 1028 utrumque
1173 986 1383 1024 Institutum,
1408 984 1520 1016 florere
1543 984 1669 1026 jubeat,
1695 984 1776 1015 utri-

310 1051 374 1083 que
406 1051 530 1084 semper
562 1041 674 1073 divino
708 1052 768 1073 suo
801 1042 907 1073 favore
943 1041 1046 1078 adsit,
1076 1041 1292 1084 omnibusque
1321 1041 1451 1080 studiis,
1482 1050 1563 1082 quae
1589 1039 1780 1075 hominibus

310 1095 352 1127 ad
374 1096 486 1129 altiora
507 1097 680 1130 evehendis
704 1104 780 1130 sunt
808 1097 911 1129 dicata
938 1104 968 1130 et
990 1105 1186 1138 consecrata,
1209 1098 1428 1141 potentissime
1454 1102 1583 1128 annuat.
