1913 2417
735 160 1124 195 ORATIO.
1624 171 1668 204 29

182 262 304 298 varitia,
330 260 462 292 obsecro
487 264 581 300 atque
606 257 748 289 obtestor
764 281 772 295 ‚
798 264 834 288 ut
865 257 957 288 talem
973 249 1086 286 ‘animi
1119 253 1201 291 inei,
1227 253 1475 297 officiorumque
1495 252 1664 298 perficien-

181 317 297 349 dorum
326 316 552 360 professionem
580 314 619 345 ad
650 317 768 356 Regem
798 313 974 351 deferatis,
1002 323 1141 354 eumque
1173 311 1211 342 de
1241 322 1309 342 mea
1343 311 1406 342 fide
1436 318 1468 342 et
1503 311 1660 354 obsequio

179 375 347 405 vcertiorem
380 372 518 410 faciatis,
553 381 665 414 sper0,
690 369 774 408 fore,
799 377 835 401 nt
866 379 1016 401 summus
1049 369 1195 398 omnium
1220 366 1380 398 honorum
1404 369 1548 410 Largitur
1574 369 1658 405 Vos,

179 430 249 460 viri
276 427 495 472 Amplissimi!
527 435 713 470 vestrasque
737 426 871 457 familias
895 427 928 457 in
962 425 1097 468 gloriam
1125 425 1244 455 Patriae
1273 431 1368 466 atque
1389 425 1423 454 in
1452 423 1660 455 commodum

179 485 278 527 hujus
305 486 493 517 Academiae
513 495 611 527 quam
636 484 814 515 diutissime
839 489 963 521 servet,
995 489 1026 513 et
1050 491 1067 511 a
1088 480 1187 512 Vobis
1227 481 1358 523 quaevis
1388 480 1469 511 mala
1497 480 1660 511 adversae—

179 553 244 585 que
272 541 418 573 fortunae
443 541 636 572 calamitates
667 540 847 582 benigniter
872 537 1006 570 avertat!

221 597 366 638 Quodsi,
389 601 505 629 Rector
526 595 712 640 Magnifice!
736 597 895 638 ceterique
928 595 1140 627 Illustrissimi
1168 594 1266 636 hujus
1294 594 1482 627 Academiae
1509 595 1633 627 Profes-

176 665 263 686 sores
287 661 381 697 atque
409 652 571 685 Lectores!
597 653 676 684 milii
705 653 797 684 horas
823 652 892 683 illas
917 651 1195 694 jucundissimus,
1220 662 1303 694 quae
1329 658 1400 682 ante
1432 651 1575 694 elapsum
1603 652 1660 683 de·

175 713 346 747 cennium,
385 711 571 752 Ulcmjecli,
601 721 674 741 cum
699 709 913 740 celeberrimis
939 709 1036 746 viris,
1069 709 1257 749 gravissimo
1284 718 1358 738 sene
1386 715 1662 747 neamenim,

174 769 308 810 ejusque
335 767 564 810 spectatissimo
598 765 730 796 alumno
765 775 1035 800 CALKOENIO,
1069 764 1150 794 mihi
1179 764 1423 806 praeterierint,
1454 765 1487 794 in
1513 771 1665 796 mentem·

173 835 310 862 revoco,
331 824 396 865 jam
423 823 654 866 praesentisco,
679 828 817 864 quantae
841 820 1020 863 voluptates
1046 820 1220 852 Vobiscum
1252 827 1346 863 atque
1368 831 1406 851 ex
1432 826 1538 852 vestro
1565 832 1655 853 com·

174 881 293 912 mercio
322 881 386 911 sint
410 877 604 922 proditurae!
658 880 812 918 Quamvis
838 889 888 908 me
910 878 994 908 inter
1023 877 1168 908 doctores
1197 877 1284 908 velut
1307 877 1517 919 alienigenam
1547 879 1653 909 existi·

171 948 276 973 mem,
308 943 413 967 tamen
441 946 491 967 me
514 935 634 974 Vobis,
663 934 810 976 Belgam‚
843 935 945 965 civem
977 933 1311 971 Rotterodamensem,
1336 933 1515 964 studiosum
1548 936 1651 965 scien·

174 994 290 1025 tiarum
315 993 488 1031 cultorem,
512 1002 617 1034 neque
638 989 739 1022 Vobis
768 993 895 1033 penitus
922 990 1093 1033 indignum
1116 989 1230 1021 offerre
1256 991 1375 1028 ansim3
1406 989 1549 1033 dumque
1574 991 1651 1022 ami·

170 1051 199 1081 ci
228 1044 571 1082 mihi'sanctissimum
598 1049 639 1079 sit
663 1037 959 1085 officium,‘verhis
986 1047 1082 1077 fidem
1111 1046 1245 1085 habete,
1279 1057 1353 1077 cum
1378 1040 1569 1084 amicitiam,
1594 1047 1652 1078 ob·

169 1107 360 1139 servantiam
390 1111 422 1136 et
450 1103 706 1136 benevolentiam
733 1104 834 1134 Vobis
867 1102 1045 1139 omnibus,
1085 1103 1269 1145 praesertim
1303 1109 1408 1133 autem
1445 1102 1546 1133 Vobis
1579 1104 1665 1135 Viri·

168 1160 393 1196 Eruditissimi!
420 1171 521 1192 EYKI
544 1167 638 1202 atque
658 1158 824 1190 misma!
852 1170 925 1190 cum
954 1159 1074 1201 quibus
1102 1159 1213 1190 eadem
1232 1170 1317 1190 sacra
1335 1170 1405 1190 snm
1435 1165 1646 1198 tractaturus,

169 1220 342 1253 solenniter
365 1224 459 1261 atque
487 1228 526 1248 ex
550 1217 660 1247 animo
681 1214 828 1247 offeram!
874 1217 972 1253 Mihi,
1005 1215 1119 1247 lubens
1141 1226 1299 1258 agnosco,
1324 1222 1359 1246 ut
1386 1215 1538 1247 omnibns
1561 1227 1650 1247 mor-

166 1276 303 1314 talibus,
327 1281 403 1306 sunt
427 1274 525 1312 vitia,
547 1273 771 1315 gravissimum
806 1270 940 1303 forsitan
965 1272 1069 1311 illud,
1091 1272 1179 1315 qnod
1200 1272 1296 1303 nimis
1323 1278 1414 1304 tenax
1436 1274 1524 1311 veri,
1548 1274 1646 1314 justi,

164 1330 316 1376 utilisque
343 1331 510 1362 nonnullis
536 1329 664 1368 videar3
688 1336 718 1360 at
745 1339 957 1372 quaecunque
971 1339 1007 1360 ea
1026 1330 1112 1367 sint,
1135 1335 1165 1360 et
1181 1330 1208 1360 si
1224 1340 1287 1372 qua
1307 1330 1347 1361 sit
1364 1330 1468 1360 animi*
1481 1328 1647 1368 debilitas,

163 1401 278 1434 spero,
311 1388 401 1426 fore,
434 1394 471 1418 ut
506 1377 706 1429 indulgentia
737 1394 833 1429 atque
875 1385 1023 1418 facilitate
1056 1398 1108 1418 me
1145 1387 1403 1430 prosequamini,
1435 1392 1482 1426 et,
1515 1387 1541 1417 si
1567 1385 1646 1429 qnid

162 1446 243 1478 mihi
267 1455 349 1487 opus
382 1445 424 1475 sit
458 1443 570 1474 vestris
599 1443 756 1482 consitiis,
790 1453 826 1474 ea
853 1454 912 1486 pro
942 1443 1033 1474 solita
1060 1450 1164 1475 vestra
1190 1442 1430 1482 benevolentia,
1457 1443 1644 1485 praebeatis.

164 1503 312 1534 Patimini
327 1502 396 1533 Viri
409 1497 597 1532 Clarissimi!
623 1505 702 1530 utet
719 1500 850 1531 unicum
867 1499 970 1530 filium
991 1500 1072 1531 mihi
1091 1500 1289 1530 carissimum
1302 1522 1312 1537 ‚
1334 1500 1399 1541 jam
1426 1500 1508 1530 inter
1522 1499 1645 1530 studio·

161 1569 215 1591 sos
229 1559 444 1600 adscriptum,
469 1563 590 1587 vestrae
607 1565 700 1586 curae
720 1562 814 1598 atque
840 1556 1036 1587 institutioni
1055 1567 1093 1587 ex
1113 1563 1246 1599 paterno
1269 1555 1382 1587 affectu
1401 1555 1646 1596 commendem3

166 1615 331 1657 Vobisque
357 1611 698 1656 persuasumbabete,
722 1622 773 1642 me
795 1613 898 1643 Vestri
915 1614 1102 1643 memoriam
1128 1623 1297 1655 nunquam
1322 1623 1339 1643 e
1360 1618 1447 1654 grata
1471 1619 1577 1643 mente
1594 1613 1650 1644 de.

160 1674 355 1718 positurum.
402 1672 494 1712 Agite
528 1670 653 1711 itaque,
685 1669 754 1700 Viri
779 1669 998 1700 Ornatissimi!
1031 1680 1113 1712 quos
1144 1670 1208 1711 jam
1233 1669 1378 1712 Collegas
1417 1668 1505 1700 laetis
1538 1669 1645 1701 verbis

160 1729 284 1766 salum,
309 1737 507 1759 nosomnes
535 1727 570 1756 in
600 1736 702 1756 unum
730 1728 958 1767 cooperantes,
993 1727 1170 1757 arctissimo
1202 1726 1357 1757 amicitiae
1389 1725 1641 1769 concordiaeque

161 1785 294 1818 ‘viuculo
320 1783 507 1825 conjuncti,
539 1781 820 1825 gloriamPatriae
851 1793 888 1814 ac
918 1782 1015 1814 decus
1046 1782 1144 1825 hujus
1170 1782 1403 1814 lllustrissimae
1430 1781 1641 1822 Academiae,

161 1852 257 1886 qnam
280 1841 418 1871 maxime
443 1849 540 1881 quam
563 1837 765 1875 felicissime,
791 1839 1019 1870 communibus
1044 1838 1213 1871 conatibus
1242 1837 1502 1881 promoveamus!

205 1900 334 1928 Summa
360 1905 434 1926 cum
461 1895 561 1926 animi
589 1894 769 1938 voluptate,
802 1906 899 1938 quam
931 1896 1040 1927 nullus
1073 1896 1134 1927 nisi
1165 1896 1270 1927 bonus
1303 1896 1402 1930 civis,
1436 1895 1498 1925 nisi
1524 1905 1637 1938 parens

160 1955 227 1998 ipse
251 1959 368 1986 sentire
402 1953 521 1995 possit,
553 1953 633 1991 Vos,
659 1953 798 1984 Juvenes
827 1951 1039 1983 Nobilissimi!
1072 1963 1112 1985 ex
1134 1952 1196 1984 hoc
1222 1957 1374 1995 suggestu
1400 1951 1538 1984 intueor.
1584 1954 1639 1983 Pa—

915 2010 944 2039 D
968 2007 988 2040 3
1567 2018 1625 2039 ιω
