1913 2417
300 153 675 203 COMMENTATIO
696 175 752 202 'AD
780 170 1151 209 QUAESTIONEM
1176 172 1459 210 JURIDICAM.
1602 176 1657 214 53¹

124 257 230 292 cuique
254 255 282 284 in
306 256 409 284 oculos
436 253 577 288 incurrit,
601 254 649 290 jus
672 253 941 288 repraesentationis
961 255 1042 283 nullo
1065 256 1159 287 adhuc
1186 254 1373 284 fundamento
1398 256 1480 292 niti,
1510 256 1651 292 adeoque'

122 316 245 342 omnes,
269 314 390 342 quorum
412 306 460 341 jus
483 305 511 333 in
529 304 610 333 obitu
627 304 768 332 Absentis
790 304 917 339 positum
945 312 1011 340 est,
1033 305 1174 341 probandi
1191 307 1359 334 necessitate
1376 315 1438 335 esse
1460 307 1637 342 adstrictos,

119 359 273 388 Absentem
302 365 467 394 supremum
493 356 566 384 diem
590 357 644 393 jam
674 355 801 383 obiisse:
825 363 889 383 nam
915 356 1004 392 vulgo
1033 363 1135 385 notum
1162 362 1222 391 est,
1250 356 1273 384 si
1297 358 1450 393 repudians
1472 358 1638 388 coheredem

118 409 267 442 habuerit,
289 408 356 436 huic
381 415 545 436 accrescere
569 413 676 443 partem
701 406 895 442 repudiamm3
927 407 972 434 sin
995 415 1070 435 vero
1088 407 1202 442 minus,
1230 408 1277 435 velv
1303 408 1328 435 si
1355 417 1453 437 omnes
1483 409 1635 438 coheredes

117 458 330 488 successionem
353 458 584 494 repudiaverint,
607 458 675 486 iilos
688 478 699 492 ‚
721 457 771 493 qui
792 458 949 486 secundum
969 459 1086 493 gradum
1105 464 1264 493 occupent,
1290 459 1439 495 accedere,
1460 469 1552 495 neque
1575 469 1636 489 eam

116 518 215 546 capere
235 510 297 546 jure
322 509 610 544 repraesentationis,
635 508 684 536 sed
706 517 762 537 suo
793 509 930 544 nomine,
960 515 1021 538 art.
1047 509 1121 546 786,
1144 510 1216 546 787.-
1253 509 1330 539 Haec
1354 510 1443 546 igitur
1474 512 1636 540 adtendisse

116 561 229 591 videtur
247 560 395 595 legislator
415 560 445 588 in
467 566 529 588 art.
558 558 647 596 136„
668 565 696 587 et
718 567 785 587 cum
813 561 894 588 solus
919 560 1037 589 coheres
1061 561 1108 596 jus
1139 560 1314 595 acquisitum
1339 561 1439 590 habeat
1463 563 1493 591 in
1515 570 1633 591 succes-

117 611 226 640 sionem
244 631 256 646 ,
281 611 316 639 de
344 619 403 646 quo
432 611 543 638 nullum
573 610 691 638 dubium
716 610 822 638 moveri
846 611 969 647 possit,
999 612 1174 646 reliquorum
1209 620 1277 639 vero
1305 613 1369 648 jura
1403 621 1491 649 aeque
1525 614 1635 642 incerta

115 660 194 695 sint,
221 666 306 695 atque
331 660 393 695 ipsa
423 661 563 689 Absentis
588 660 721 688 conditio
742 682 754 696 ⁷
784 667 875 689 totam
902 662 1114 690 successionem
1146 662 1277 690 coheredi
1301 663 1439 692 Absentis
1459 684 1470 699 ‚
1490 664 1525 701 {si
1550 673 1635 700 quem

116 711 268 746 habuerit,
291 712 354 748 jure
377 711 559 743 accrescendi
588 711 740 746 concedit3
763 712 788 740 si
813 720 879 739 vero
906 713 960 740 soli
984 712 1106 739 Absenti
1129 714 1286 742 secundum
1316 714 1391 749 leges
1417 715 1451 743 de
1475 716 1643 745 successio-

112 770 149 792 ne
170 763 240 790 latas
264 769 405 797 competet
433 762 591 796 hereditas,
622 770 658 790 ne
688 762 756 791 haec
786 769 906 798 propter
944 763 1113 791 Absentiam
1133 764 1226 799 jaceat
1251 765 1356 792 intacta
1376 771 1403 793 et
1428 772 1527 802 vacet,
1557 767 1641 796 illam·

112 812 216 848 tribuit
239 812 476 841 descendentibus
494 813 653 848 Absentis,
678 821 736 842 non
755 814 819 851 jure
843 815 1111 852 repraesentationis
1121 836 1137 852 a>
1154 817 1203 844 sed
1231 823 1366 853 tanquam
1388 818 1529 854 proximis
1557 819 1643 848 here·-

95 865 99 868 ’
115 865 202 895 dibus
225 865 267 893 ab·
284 865 440 894 intestatof

151 916 286 945 Ceterum
321 917 492 945 Proudhono
526 924 644 953 quoque
674 918 885 948 assentiendum
918 919 1056 956 videtur,
1087 919 1117 948 si‘
1135 925 1265 954 tempore
1294 920 1400 949 delatae
1433 920 1630 949 successionis

112 968 284 998 centesimus
311 977 404 997 annus
426 978 441 997 a
463 968 509 997 die
534 969 621 997 natali
642 969 781 998 Absentis
807 972 863 1007 jam
893 971 1067 1005 effluxisset,
1098 971 1158 1007 ejus
1178 972 1378 1000 descendentes
1403 980 1451 1007 per
1473 980 1640 1008 repraesen·

112 1019 249 1049 tationem
274 1020 309 1048 ad
331 1019 545 1048 successionem
573 1020 683 1048 admitti
707 1029 816 1057 posse3
837 1029 907 1051 tunc
932 1022 1005 1050 enim
1029 1022 1213 1057 praesumtio·
1231 1022 1266 1049 de
1296 1029 1387 1050 morte
1408 1023 1545 1051 Absentis
1569 1029 1638 1050 tans

111 1075 210 1106 topere
230 1070 373 1105 invaluit,
401 1077 429 1098 et
452 1070 524 1098 vitae
556 1070 765 1105 praesumtioni
793 1072 832 1100 ita
859 1073 1017 1107 praevalere
1047 1072 1178 1106 videtur,
1206 1078 1239 1099 ut
1270 1073 1341 1100 nihil
1376 1073 1505 1107 iniquius
1534 1073 1626 1109 foret,

111 1130 196 1157 quam
218 1120 392 1157 legislatoris
410 1121 610 1155 voluntatem,
632 1121 683 1148 ubi
710 1130 742 1149 ex
760 1122 834 1158 ipsis
852 1129 968 1151 naturae
992 1122 1099 1159 regulis
1121 1123 1154 1150 de
1176 1131 1268 1151 morte
1281 1123 1339 1151 fere
1354 1124 1478 1159 amplius
1497 1124 1638 1154 dubitare·

111 1180 172 1202 non
194 1173 282 1207 licet,
303 1178 359 1200 tam
381 1171 480 1200 stricte
502 1172 531 1200 in
557 1172 757 1201 detrimentum
778 1174 932 1202 liberorum
955 1172 1150 1209 interpretari;
1183 1174 1346 1209 praesertim
1377 1183 1442 1203 cum
1467 1175 1496 1204 in
1524 1176 1634 1205 ceteris

108 1222 172 1259 ipse
195 1223 278 1251 talem
303 1223 392 1260 hujus
414 1223 605 1258 provectioris
629 1224 729 1252 aetatis
764 1225 901 1254 rationem
926 1225 1076 1261 habuerit,
1104 1231 1138 1252 ut
1167 1226 1242 1253 vitae
1266 1233 1298 1254 ac
1327 1225 1437 1254 redi-tus
1462 1235 1539 1263 spem
1567 1229 1627 1266 jam

109 1282 234 1311 prorsus
262 1274 440 1303 intercidisse
455 1274 643 1310 cogitaverit-

145 1325 280 1360 Denique
299 1325 484 1361 coheredem,
499 1326 551 1354 'cui
574 1326 617 1355 sic
641 1333 701 1356 tota
712 1328 865 1358 “hereditas
890 1329 1027 1364 obvenit,
1057 1328 1082 1357 si
1106 1327 1181 1356 forte
1209 1327 1348 1357 Absentis
1373 1328 1536 1358 creditores·
1559 1338 1634 1360 eum*

109 1374 330 1412 aggrediantur,
358 1377 477 1405 omnino
502 1385 636 1407 securum
659 1387 749 1415 esse,
767 1386 845 1416 patet
868 1388 901 1408 ex
921 1389 975 1416 eo,
997 1380 1078 1416 quod
1098 1387 1158 1408 non
1182 1380 1273 1416 magis
1295 1380 1478 1409 hereditatem
1496 1381 1640 1416 possidet*

109 1433 145 1458 ex
172 1435 294 1462 persona
317 1427 474 1464 Absentis,
498 1437 581 1464 qnam
603 1438 636 1459 ex
662 1432 868 1467 possessione,
891 1440 946 1467 qua
970 1432 1026 1460 huc
1050 1438 1142 1466 usque
1166 1431 1296 1466 gaudet,
1310 1438 1391 1459 certo
1413 1438 1544 1459 constare
1562 1440 1628 1460 ccn·

111 1484 215 1514 satur,
246 1478 405 1508 Absentem
428 1480 521 1508 adhuc
544 1481 638 1510 vivere
662 1483 678 1519 (
689 1483 752 1520 43:
785 1484 816 1512 id
835 1484 907 1512 enim
934 1483 1016 1519 plane
1038 1482 1179 1510 incertum
1206 1487 1320 1517 manet,
1348 1487 1375 1510 et
1396 1481 1463 1510 licet
1485 1482 1641 1519 creditor-,J

108 1529 136 1559 si
159 1529 274 1557 Absens
297 1536 432 1566 tempore·
447 1531 556 1560 delatae
587 1533 752 1562 hereditatis
784 1535 912 1562 nondum
938 1540 1072 1561 mortuus
1103 1530 1224 1566 fuisset,
1255 1540 1295 1560 ex*
1319 1531 1372 1559 hac
1402 1540 1444 1559 sev
1464 1533 1633 1561 indemnem-

106 1586 218 1609 nervare
240 1580 407 1615 potuisset,
434 1590 501 1618 arg.
528 1588 589 1612 art.
603 1583 692 1620 788„
714 1592 779 1612 cum
796 1592 865 1613 vero
890 1591 968 1612 nunc
992 1583 1121 1611 nondum
1142 1588 1295 1618 appareat,
1316 1590 1351 1610 an
1375 1590 1501 1618 unquam
1524 1584 1573 1621 jus
1595 1583 1639 1613 in²

106 1629 287 1658 hereditatem
312 1630 442 1658 habuerit
467 1631 583 1660 Absens
594 1652 610 1668 ,.
625 1641 677 1662 nec
703 1643 755 1670 ne,
777 1636 850 1664 hanc
875 1634 1043 1664 facultatem
1068 1634 1124 1663 sibi
1147 1642 1271 1663 asserere
1289 1634 1390 1670 nequit
1407 1634 1548 1670 creditor,
1567 1635 1636 1664 nisi·-

107 1681 209 1718 probet
235 1682 393 1711 secundum
425 1688 487 1712 art.
508 1691 592 1720 335,
623 1685 782 1716 Absentem
811 1694 881 1717 tunc
911 1686 1051 1723 temporis
1076 1685 1169 1714 adhue
1195 1685 1225 1715 in
1249 1685 1324 1715 vivis
1346 1684 1461 1722 fuisse3
1485 1685 1642 1722 quoniam?

107 1731 150 1762 nic
169 1731 223 1769 jus
239 1731 296 1762 sibi
319 1732 494 1770 vindicaret,
515 1736 595 1770 quod
618 1737 703 1767 unice
726 1739 830 1770 nititur
849 1741 909 1770 vita
934 1739 1095 1769 Absentis..
1347 1743 1351 1748 ⁴

819 1819 850 1854 §-
890 1824 918 1856 5.

117 1892 121 1895 ’
143 1884 220 1916 Cum
242 1893 311 1916 vero
335 1888 482 1919 successio
504 1890 568 1926 jure
590 1893 771 1922 accrescendi
796 1893 928 1928 coheredi
952 1899 1064 1923 tantum
1089 1893 1173 1923 cedat
1195 1899 1326 1930 propter⁴
1341 1893 1489 1923 incertam·
1507 1893 1624 1924 Absen-

1584 1954 1623 1974 tls

130 2001 181 2030 (4)
205 2004 255 2026 Huc
276 2004 356 2028 referri
373 2011 453 2035 posset
479 2007 590 2031 sententia
609 2008 692 2033 euxine
712 2011 850 2039 supremae,
874 2010 922 2033 diel
940 2009 968 2034 ιδ
989 2009 1048 2038 Ap,
1069 2011 1140 2039 1809,
1158 2009 1220 2039 apud
1238 2008 1405 2037 Roudonnenuv,
1420 2009 1487 2033 'font¹
1499 2008 1538 2031 111.
1560 2007 1584 2031 1⁷·
1596 2014 1621 2034 2·

101 2048 126 2071 11·
139 2048 176 2070 ⁵³¹
186 2057 194 2072 2
209 2050 244 2072 “h
848 2079 878 2112 G
901 2088 915 2100 n

900 2101 920 2121 a
