1913 2417
323 186 364 220 18
775 187 900 219 J.1³.
965 184 1001 215 Ε.
1069 182 1323 218 voUTE

317 290 381 324 que
401 279 495 324 culpa
521 281 679 318 manavit,
702 289 798 323 quam
829 278 894 309 sive
927 277 1057 308 Cartesii
1082 279 1213 309 nomine
1239 277 1290 309 vel
1315 277 1517 317 auctoritate,
1544 279 1611 311 sive
1636 279 1687 311 vel
1703 285 1782 313 con-‘-

317 341 365 368 tra
387 348 461 369 eum
489 338 610 381 physici
635 338 669 368 in
695 347 728 368 se
750 335 956 367 admiserunt.
1002 333 1199 377 Explicafio,
1229 345 1326 377 quam
1357 335 1512 378 superiori
1545 336 1671 367 saeculo
1692 336 1783 368 stab·

316 391 380 424 lius
401 393 441 425 de
463 394 537 437 igne
566 392 721 436 perfecit,
752 390 865 422 callide
892 391 1067 433 excogitata
1084 413 1093 428 ‚
1124 390 1278 422 omnibus
1312 391 1397 433 ignis
1419 389 1584 422 effectibus
1609 393 1784 424 convenire

315 449 491 482 videbatur.
549 449 694 491 Corpora
727 447 924 478 inflammata
964 447 1128 478 materiam
1170 446 1342 486 subtilem,
1376 446 1561 489 Phlogiston
1581 470 1590 486 ‚
1620 448 1785 487 amittere;

311 503 392 535 illud
423 505 530 548 ipsum
557 503 636 534 dum
664 505 831 545 ejiceretur
870 512 972 534 aerem
1004 513 1216 545 conquassare
1248 515 1322 534 cum
1354 503 1467 535 ardore
1499 510 1531 535 et
1558 503 1706 543 flamma,
1742 504 1784 536 ita

313 570 413 604 paene
438 561 539 592 oculis
567 560 745 599 declarari3
776 560 861 591 idem
894 558 1030 591 metallis
1061 558 1246 590 ardentibus
1273 559 1474 602 splendorem
1504 567 1536 591 et
1564 571 1692 591 omnem
1728 571 1785 591 ex-

310 615 487 648 cellentiam
526 616 688 655 adimere,
722 617 805 648 hanc
844 616 1025 658 recuperari
1059 626 1098 646 ex
1131 615 1358 657 conjunctione
1397 627 1471 646 cum
1511 617 1641 647 materia
1679 616 1786 658 aliqua

308 672 546 712 combustibili,
572 684 653 716 quae
683 673 767 705 idem
797 684 835 704 ex
860 682 916 703 sua
941 672 1033 714 copia
1064 671 1288 714 suppeditaret.
1342 673 1451 712 Quae,
1479 673 1538 703 etsi
1571 678 1784 703 consentanea

311 734 390 759 tuuc
416 727 480 760 fere
505 740 617 761 omnes
637 729 879 772 judicaverunt,
902 735 1008 760 tamen
1035 726 1112 759 falsa
1152 734 1258 766 erant,
1279 728 1355 771 qnia
1381 738 1448 758 rem
1478 727 1678 770 explicabant
1705 738 1785 770 qua·

309 783 350 815 lis
377 785 564 824 videbatur,
594 796 661 817 non
688 785 792 828 qua-lis
815 791 894 817 erat.
949 784 1148 815 Omittebant
1183 784 1301 826 species
1329 784 1408 814 aeris
1440 794 1540 826 quas,
1574 783 1652 814 dum
1677 793 1785 826 corpo·

312 850 347 871 ra
371 842 520 872 consumi
546 841 713 879 videbant,
735 841 840 871 nullas
862 840 1104 883 suspicabantur
1135 840 1294 879 exbalari3
1327 839 1447 882 quibus
1475 839 1632 877 collectis,
1657 838 1786 870 inflam-

301 903 386 927 mata
418 908 485 929 non
516 908 555 929 ex
595 908 652 928 sua
690 898 819 928 materia
855 896 1026 939 deperdere
1056 896 1206 939 aliquid,
1239 896 1294 927 sed
1328 896 1368 927 ad
1396 907 1487 927 suam
1532 897 1695 927 materiam
1727 894 1783 926 ad-

303 951 400 993 dere,
423 964 491 984 non
514 954 613 985 calces
636 953 840 985 metallorum
866 954 1021 994 jacturam
1054 953 1140 996 pati,
1174 952 1229 983 sed
1260 959 1371 984 contra
1396 963 1514 985 novam
1545 959 1692 984 naturam
1708 963 1788 994 con·l

299 1008 424 1040 trahere
447 1020 546 1052 eaque
575 1010 706 1051 augeri,
733 1010 800 1040 visa
826 1016 914 1040 sunt.

346 1066 384 1095 In
412 1071 550 1107 utroque
574 1072 679 1096 autem
697 1087 708 1102 ,
740 1074 815 1096 cum
844 1065 879 1095 iu
901 1075 935 1095 re
960 1063 1166 1107 intelligenda
1197 1065 1301 1108 qualis
1330 1067 1396 1105 sit,
1427 1072 1497 1097 tum
1534 1064 1718 1107 praesertim
1749 1063 1787 1096 in

298 1129 338 1151 eo
365 1131 447 1162 quae
468 1121 511 1152 sit
535 1131 629 1152 eausa
656 1120 770 1152 idonea
801 1120 1030 1159 existimanda,
1064 1131 1124 1152 nos
1156 1132 1286 1164 quoque
1313 1123 1494 1165 saepissime
1524 1130 1628 1152 errare
1653 1125 1789 1162 propter

299 1176 534 1219 negligentiam
559 1184 613 1214 aut
632 1178 762 1209 inanem
789 1178 1029 1220 persuasionem
1055 1176 1233 1218 efficaciae,
1263 1180 1337 1221 quis
1372 1190 1442 1210 non
1472 1179 1568 1209 sentit
1579 1177 1599 1208 ?²
1637 1178 1702 1208 Cur
1729 1174 1786 1209 al‘n

305 1238 354 1263 ter
378 1232 431 1264 illa
458 1234 630 1264 inveterata
651 1234 763 1276 opinio
788 1233 909 1264 tamdiu
938 1234 1131 1276 permansit,
1167 1235 1267 1276 magis
1295 1236 1470 1266 naturalem
1496 1245 1562 1265 esse
1588 1231 1786 1275 impulsum,

297 1299 396 1332 quam
425 1290 670 1328 attractionem,
710 1301 774 1334 qua
805 1301 844 1321 ex
874 1300 968 1321 causa
1005 1298 1112 1321 motus
1146 1289 1358 1332 gigneretur,
1392 1291 1442 1322 vel
1472 1290 1594 1322 facilius
1625 1289 1787 1327 explicatu

300 1354 368 1375 esse
401 1352 525 1376 motum
556 1358 622 1388 quo
650 1346 847 1385 disceditur,
887 1356 986 1389 quam
1017 1345 1113 1377 illum
1148 1358 1217 1390 qno
1257 1348 1426 1379 acceditur..
1481 1348 1562 1378 Hinc
1598 1345 1652 1376 itta
1683 1343 1789 1375 fluida

298 1399 427 1432 subtilia
444 1423 455 1439 ‚
487 1403 608 1444 quibus
643 1403 739 1434 multi
771 1404 869 1434 etiam*
895 1413 983 1433 nunc
1010 1408 1065 1433 aut
1101 1403 1262 1434 mundum
1293 1403 1416 1445 replent
1430 1425 1449 1442 ,.
1475 1409 1538 1436 aut,
1559 1411 1694 1444 corpora
1719 1401 1782 1431 cir-

299 1456 452 1488 cumdant
478 1457 542 1489 fere
570 1459 609 1490 ad
636 1459 824 1497 libidinem,
853 1459 910 1501 qui
944 1458 1068 1489 malunt
1099 1460 1254 1491 immensa
1282 1461 1384 1503 spatia
1414 1459 1511 1502 plena,
1537 1458 1684 1488 materiae
1710 1466 1782 1487 mo-

299 1512 374 1544 bilis
398 1514 552 1556 intelligi,
579 1526 675 1557 quam
707 1515 829 1546 moveri
857 1514 936 1546 duas
964 1514 1144 1557 particulas.
1200 1518 1349 1559 Longum
1383 1523 1465 1548 esset:
1496 1518 1670 1556 systemata
1703 1523 1784 1544 enus·

298 1578 419 1599 merare
443 1580 526 1611 quae
546 1571 664 1600 nostris
687 1571 885 1613 temporibus
918 1570 1045 1614 ubique
1075 1570 1282 1614 proferuntur
1319 1572 1364 1604 ad'
1392 1579 1513 1604 cuncta.
1534 1581 1650 1614 genera
1672 1576 1784 1600 motus

297 1625 504 1666 explicanda·,
523 1636 610 1667 quae·
627 1628 735 1657 onmia
766 1626 828 1659 hoc
857 1637 960 1657 unum
984 1627 1169 1667 declarant,
1208 1627 1335 1660 facili-us
1359 1629 1465 1660 visum
1492 1638 1560 1659 esse
1582 1634 1705 1658 motum
1728 1636 1786 1657 ex·

299 1680 410 1722 plicari
433 1690 490 1722 per
514 1681 710 1722 impulsum,
734 1693 835 1725 quam
859 1683 928 1713 sine
954 1694 1011 1715 eom
1059 1685 1183 1715 Tamen·
1204 1684 1418 1716 dubitandum
1442 1695 1510 1715 non
1529 1690 1598 1722 est,
1622 1693 1682 1714 nos
1709 1692 1782 1714 nou·

300 1735 478 1777 intelligere
503 1737 668 1778 quomodo
694 1738 914 1781 impellantur,
938 1750 1017 1770 eum
1041 1751 1082 1771 ne
1109 1740 1142 1772 id
1167 1741 1299 1783 quidem
1331 1740 1501 1772 verisimile
1525 1739 1588 1776 sit,
1617 1738 1683 1770 duo
1709 1749 1780 1769 cor-

297 1801 375 1834 pora
401 1792 482 1822 inter
515 1803 582 1824 sese
611 1793 705 1836 plane
736 1805 880 1837 unquam
911 1795 1117 1838 contingere3
1149 1796 1203 1827 sed
1237 1797 1334 1828 modo
1361 1796 1477 1828 vidisse
1507 1795 1628 1838 impelli
1655 1796 1783 1833 multa,⁴

296 1848 412 1879 attrahi
440 1851 597 1890 pauciora.
650 1850 773 1882 Deinde
804 1852 941 1882 arbitror
976 1851 1203 1894 explicationes
1239 1859 1386 1884 motuum
1421 1863 1476 1894 per
1513 1851 1612 1883 fluida
1646 1851 1779 1882 subtilia

296 1913 339 1935 ne
370 1904 509 1935 rationes
537 1905 669 1947 quidem
701 1907 776 1938 satis
808 1914 895 1950 aptas
928 1907 1075 1939 reddere:
1099 1909 1126 1939 si
1153 1910 1240 1940 euim
1265 1910 1332 1951 ipsa
1359 1907 1504 1939 efficiunt
1532 1909 1693 1940 materiam
1722 1907 1782 1938 ali-

293 1968 411 2004 quam,
432 1970 509 1991 cum
533 1963 664 1993 materia
683 1969 808 1995 constet
836 1963 1030 2006 particulis,
1055 1965 1082 1996 si
1099 1964 1238 2009 digitum
1257 1964 1340 1996 ultra
1357 1964 1616 2008 progrediamur,
1639 1964 1778 1997 redeun-

1698 2019 1778 2052 dum
