1913 2417
327 193 366 223 ·32
601 185 832 222 JACOBI
890 185 1198 217 HERMANI
1258 186 1569 221 PHILIPSE

332 267 399 295 dum
421 267 595 298 dissolutum
620 270 678 304 sit,
708 274 822 297 constat
847 275 939 298 tamen
972 277 1088 299 uxorem
1112 270 1236 300 civiliter
1269 280 1326 301 non
1355 279 1385 300 ea
1405 272 1540 302 facultate
1563 272 1698 310 gaudere,
1727 279 1760 303 ut
1785 273 1841 305 sibi

332 324 361 346 et
383 318 479 348 liberis
501 329 612 356 semper
636 320 735 347 idonee
756 321 901 349 consulat.

370 369 444 398 Cum
466 369 556 407 igitur
579 370 788 398 matrimonium
812 370 863 399 hac
889 370 1047 401 Absentiae
1070 372 1280 408 praesumtione
1300 380 1359 403 non
1382 374 1579 410 dissolvatur,
1609 375 1740 411 sequitur
1763 383 1837 405 uxo-

328 429 405 456 rem,
427 428 530 458 utpote
549 421 692 449 mulierem
716 427 852 457 nuptam,
873 422 985 459 judicio
1006 431 1035 452 se
1058 423 1158 452 sistere
1178 432 1237 452 non
1253 433 1359 460 posse,
1380 433 1472 461 neque
1494 426 1523 454 in
1548 426 1678 461 quolibet
1698 425 1837 463 negotio,

328 470 360 499 in
380 479 440 506 qno
466 472 587 507 gerendo
617 471 774 500 auctoritas
801 473 894 501 mariti
911 474 1086 510 requiritur,
1107 482 1189 511 agere
1212 474 1321 511 absque
1344 476 1651 512 auctoritate*judicis;
1674 476 1740 505 haec
1757 477 1834 506 enim

327 529 439 557 semper
461 522 544 550 debet
564 523 714 550 succedere
735 523 765 552 in
789 524 884 552 locum
915 524 1095 553 auctoritatis
1124 525 1239 561 mariti,
1267 526 1317 555 ubi
1352 527 1399 555 hic
1428 527 1510 556 uxori
1544 527 1642 556 adesse
1667 535 1726 556 non
1745 528 1831 563 vult,

325 579 374 600 aut
399 581 456 601 non
478 579 575 609 potest
596 572 711 610 (conff.
732 580 809 603 artt.
826 582 882 612 215
898 582 925 603 et
943 577 1015 611 218,
1032 584 1099 612 217.
1116 577 1145 612 j.
1165 585 1196 605 a.
1215 584 1308 614 1449,
1330 578 1403 614 776,
1423 587 1498 616 934,
1522 587 1605 616 1124.
1635 578 1703 607 Cod.
1727 578 1830 615 Cim).

323 620 357 651 ld
379 622 494 652 disertis
519 623 614 652 verbis
635 632 753 660 quoque
779 626 967 655 confirmatur
988 626 1016 655 in
1037 635 1139 655 caussa
1155 626 1327 656 Absentiam
1352 634 1414 656 art.
1434 636 1500 657 222.
1523 628 1605 663 eod„
1628 634 1655 656 et
1681 634 1742 657 art.
1764 628 1831 664 8⁶3·

325 673 393 704 cod.
416 673 450 702 cle
473 680 536 704 rat.
560 682 611 713 pr.
638 677 670 703 in
691 677 768 712 civ.;
789 676 906 712 insuper
923 686 1040 713 quoque
1062 686 1173 713 semper
1196 678 1344 707 certiorem
1367 679 1457 707 facere
1480 684 1594 715 oportet
1616 678 1834 707 Procuratorem

322 723 466 761 Regium,
488 733 547 760 quo
572 726 662 762 magis
683 726 863 755 Absentibus
884 733 998 756 cautum
1022 729 1081 764 sit,
1102 735 1164 757 art.
1180 729 1228 765 83.
1253 727 1299 757 710.
1319 729 1347 758 6.
1368 729 1399 765 j.
1425 735 1487 757 art.
1512 729 1577 765 863.
1605 728 1663 759 eod.

362 775 449 813 Quod
464 784 531 804 vero
547 777 752 814 patrimonium
768 779 911 815 cujusque
921 779 1070 814 proprium
1082 780 1203 814 attinet,
1225 780 1250 808 si
1265 780 1432 808 communio
1446 779 1588 808 bonorum
1603 779 1677 808 inter
1692 780 1832 818 coniuges

322 835 381 855 nou
400 827 531 863 obtinet,
552 834 602 856 aut
623 829 737 864 utrique
754 837 922 864 commune,
944 830 969 858 si
984 830 1013 858 in
1030 831 1213 859 matrimonio
1230 830 1430 859 contrahendo
1445 830 1517 858 hanc
1532 830 1752 860 introduxerunt
1763 851 1773 866 ‚
1795 831 1830 860 il-

321 877 373 906 lud
400 878 504 906 nullam
535 879 686 914 hucusque
704 879 783 908 subit
808 880 1015 916 mutationem,
1037 882 1085 909 sed
1107 881 1179 909 idem
1202 890 1294 910 rerum
1316 888 1410 910 status
1435 881 1533 910 durare
1555 887 1672 918 potest,
1693 882 1832 917 quamiiu

320 927 475 957 Absentiae
493 931 668 965 praesumtio
687 936 795 959 tautum
820 931 916 965 adest,
937 931 1008 960 etin
1029 938 1160 967 tempus,
1182 941 1240 968 quo
1267 932 1457 961 declarabitur
1472 933 1631 967 Absentia,
1658 932 1767 968 integra
1791 940 1835 960 re·

322 986 452 1008 servatur
466 981 640 1018 conjugibus
658 981 778 1009 facultas
798 982 938 1018 eligendi,
962 988 1057 1011 utrum
1073 983 1230 1012 dissolvere
1247 984 1335 1012 velint
1356 984 1608 1018 communionem,
1630 991 1665 1011 an
1684 991 1751 1011 vero
1771 990 1832 1011 eam

318 1031 499 1060 continuare.
539 1030 683 1068 Quaenam
706 1040 773 1060 vero
795 1038 823 1060 et
838 1032 955 1069 conjugi
975 1034 1125 1068 superstiti
1149 1035 1269 1063 remedia
1291 1035 1320 1063 in
1345 1041 1461 1070 promtu
1481 1035 1559 1069 sint,
1588 1033 1695 1069 quibus
1713 1041 1729 1061 e
1746 1032 1831 1061 bonis

319 1081 453 1118 conjugis
477 1081 613 1110 Absentis
633 1082 689 1110 sibi
712 1083 747 1111 ad
765 1082 876 1111 victum
893 1083 1051 1111 necessaria
1072 1091 1206 1120 quaerat,
1226 1085 1314 1113 verbo
1336 1085 1394 1122 iam
1412 1085 1471 1114 dixi
1494 1084 1571 1113 Sect.
1594 1092 1617 1113 1.
1639 1085 1668 1120 §-
1684 1091 1712 1119 3.
1734 1092 1764 1119 p.
1786 1091 1830 1119 1ῖ.

357 1131 403 1159 Ex
426 1133 524 1161 eodem
553 1140 620 1161 vero
647 1132 819 1169 principio,
847 1135 926 1169 quod
954 1134 1088 1163 nimirum
1128 1135 1340 1165 matrimonium
1373 1143 1431 1165 non
1470 1135 1647 1164 dissolutum
1677 1140 1830 1169 censetur,

323 1188 429 1218 sponte
455 1182 587 1218 sequitur
609 1184 760 1220 conjugem
784 1185 966 1221 superstitem
982 1194 1073 1215 novas
1088 1187 1206 1223 nuptias
1225 1187 1366 1216 celebrare
1385 1195 1443 1216 non
1469 1194 1555 1222 posse
1577 1192 1639 1215 art.
1659 1193 1744 1223 147.,
1770 1185 1830 1214 isno

321 1233 350 1262 id
373 1242 407 1262 eo
430 1233 521 1270 magis
548 1234 697 1263 dicendum
723 1235 837 1264 videtur
866 1236 895 1264 in
926 1237 977 1265 hac
1000 1238 1091 1273 prima
1119 1238 1275 1266 Absentiae
1302 1238 1440 1274 periodo,
1471 1246 1531 1274 quo
1561 1237 1718 1267 Absentem
1741 1236 1834 1264 adhuc

319 1284 416 1315 vivere
438 1285 638 1320 suspicamur,
666 1292 693 1314 et
720 1287 843 1315 invitum
868 1288 960 1317 reditu
983 1289 1017 1316 ad
1042 1297 1112 1318 suos
1141 1288 1308 1324 prohiberi3
1338 1289 1478 1325 quoniam
1505 1289 1530 1317 si
1560 1296 1595 1317 eo
1625 1294 1753 1323 tempore
1771 1287 1833 1324 J'am

317 1335 352 1363 ad
374 1343 481 1364 novum
507 1335 717 1365 matrimonium
746 1345 933 1373 properaret,
965 1337 1035 1367 satis
1058 1338 1208 1367 manifesta
1232 1338 1307 1367 foret
1328 1340 1399 1367 mala
1424 1338 1515 1374 fides,
1544 1346 1618 1374 quae
1640 1337 1759 1366 maxime
1780 1344 1833 1364 no-

318 1383 364 1411 vis
381 1385 493 1421 nuptiis
519 1385 660 1415 obstaret:
684 1386 708 1415 si
734 1388 850 1422 quando
873 1387 944 1416 enim
967 1387 1097 1416 Absente
1123 1389 1259 1418 alterutro
1292 1390 1418 1427 conjuge
1447 1391 1481 1418 ad
1514 1397 1623 1418 novum
1660 1386 1832 1424 coniugium

319 1434 449 1462 accedere
474 1435 654 1469 permittatur
676 1438 848 1474 superstiti,
869 1445 934 1467 ante
961 1439 1057 1468 omnia
1076 1440 1175 1468 saltem
1203 1449 1278 1476 opus
1296 1441 1427 1475 videtur,
1449 1447 1481 1468 ut
1501 1440 1576 1467 bona
1601 1440 1655 1466 fide
1674 1439 1831 1465 Absentem

320 1492 466 1514 mortuum
492 1485 655 1524 existimet,
685 1495 712 1517 et
732 1489 895 1526 probabiles
926 1490 1049 1519 rationes
1077 1490 1174 1519 afferre
1197 1491 1311 1526 possit,
1341 1491 1416 1519 unde
1436 1490 1470 1518 de
1497 1490 1559 1526 ejus
1587 1493 1679 1517 morte
1701 1493 1828 1516 constet:

317 1542 345 1564 at
368 1537 393 1564 si
417 1537 451 1565 de
475 1544 568 1565 morte
589 1543 750 1572 constaret,
771 1541 913 1569 absentiae
940 1541 1117 1577 praesumtio
1139 1549 1244 1578 sponte
1266 1548 1402 1571 cessaret.
1444 1541 1484 1569 Et
1503 1541 1590 1578 hujus
1609 1539 1723 1576 quidem
1747 1539 1829 1576 cogi·

317 1586 424 1615 tatione
446 1587 552 1616 ductus
577 1588 784 1625 Proudhonus,
806 1598 838 1625 p.
857 1593 930 1626 165,
954 1594 1038 1628 166.‚
1060 1593 1181 1630 conjicit
1205 1594 1364 1623 articulum
1384 1601 1446 1630 139.
1465 1600 1524 1621 non
1548 1591 1747 1628 applicandum
1770 1597 1833 1619 esse

317 1637 351 1665 ad
375 1646 491 1672 casum,
512 1647 572 1674 quo
597 1640 704 1677 conjux
729 1647 874 1677 superstes
896 1649 931 1670 ne
964 1641 1047 1671 finem
1073 1645 1188 1679 quidem
1214 1645 1419 1681 exspectaverit
1446 1644 1532 1680 hujus
1561 1643 1692 1680 periodi,
1720 1649 1753 1671 ut
1778 1650 1834 1672 no-

315 1695 365 1715 vas
390 1689 508 1723 nuptias
531 1689 636 1726 iniret,
663 1691 712 1719 sed
734 1692 798 1728 jure
823 1693 923 1722 merito
946 1693 1014 1722 huic
1048 1694 1230 1723 matrimonio
1262 1696 1453 1724 contradicere
1482 1703 1570 1730 posse
1602 1702 1671 1729 e05‚
1705 1700 1830 1729 quorum

318 1737 451 1774 interest,
472 1747 521 1768 aut
544 1741 759 1770 Procuratorem
779 1741 902 1779 Regium
928 1744 958 1772 vi
982 1745 1109 1773 muneris
1132 1745 1178 1773 sui
1202 1747 1360 1776 secundum
1385 1752 1446 1775 art.
1466 1747 1529 1781 184.
1552 1744 1620 1774 eod.
1648 1745 1709 1774 Civ.
1733 1745 1832 1782 (quae

315 1793 408 1816 tamen
428 1793 565 1820 sententia
590 1801 625 1822 an
649 1801 713 1822 vera
734 1794 773 1822 sit
793 1795 875 1823 valde
897 1795 1043 1831 dubito);
1072 1797 1206 1832 quoniam
1232 1797 1275 1826 sic
1294 1805 1392 1833 aperta
1409 1797 1484 1826 foret
1506 1797 1577 1825 mala
1602 1795 1672 1825 fides
1693 1795 1827 1832 conjugis

313 1840 500 1875 superstitis,
521 1851 593 1878 quae
615 1843 652 1872 ita
674 1853 733 1874 non
757 1845 855 1874 statim
878 1854 1024 1882 appareret
1043 1855 1111 1883 post
1133 1849 1299 1878 declaratam
1325 1849 1516 1883 Absentiam,
1549 1848 1599 1876 ubi
1623 1847 1724 1876 mortis
1748 1854 1830 1883 prae·

317 1891 447 1926 sumtio,
469 1893 503 1920 de
527 1901 582 1928 qua
611 1895 666 1923 sibi
696 1904 863 1932 persuasum
890 1898 993 1926 habere
1015 1904 1115 1934 posset
1136 1900 1244 1935 conjux
1269 1907 1435 1934 superstes,
1464 1899 1546 1928 etiam
1573 1907 1606 1928 ex
1634 1898 1696 1934 ipsa
1719 1897 1834 1934 legisla-

315 1941 386 1969 toris
411 1950 504 1971 mente
529 1945 650 1979 aliquam
675 1947 805 1976 veritatis
823 1949 945 1985 speciem
971 1949 1096 1985 accepit:
1119 1949 1177 1977 imo
1200 1955 1270 1977 tunc
1295 1949 1454 1978 doctrinam
1479 1956 1540 1977 art.
1570 1956 1633 1984 139.
1657 1948 1831 1983 probandam

315 1997 377 2020 esse
400 1999 502 2029 putat,
524 2002 558 2023 ne
581 1994 675 2024 cuivis
700 1996 780 2025 liceat
806 2006 915 2027 novum
940 1999 1151 2028 matrimonium
1180 1999 1254 2029 bona
1281 2000 1334 2028 fide
1358 2005 1539 2030 contractum
1568 1999 1702 2035 turbare,
1731 2005 1830 2027 verum

1782 2057 1834 2085 op-
