1913 2417
229 144 511 176 RESPONSIO
542 151 590 173 AD
620 140 985 182 QUAESTIONEM
1015 140 1460 176 HYDROSTATICAM.
1582 155 1615 185 11*

94 235 150 264 qua
173 228 328 264 premitur,
358 228 514 264 reprimat,
540 234 568 255 et
594 226 634 254 sic
658 234 768 253 omnem
799 226 828 253 in
853 232 968 254 sensum
984 245 994 261 ‚
1023 225 1043 254 i.
1071 233 1097 253 e.
1131 233 1231 254 versus
1252 235 1352 255 omnes
1383 228 1460 256 vasis
1487 228 1610 262 parietes

96 286 155 308 eam
178 285 302 307 exerceat
325 278 522 314 pressionem,
554 285 638 313 quam
662 276 739 304 xasis
765 276 885 311 parietes
908 276 1059 305 exteriores
1084 276 1118 304 ab
1144 285 1216 312 aqua
1242 278 1436 306 circumdante
1458 278 1611 313 experiun-

92 336 153 358 tur.
194 330 240 358 Sic
273 330 440 365 operculum
474 329 547 365 efgm
579 335 710 363 pressum
744 327 875 354 columna
906 335 994 362 aquae
1025 327 1194 365 cfgmponq,
1224 328 1312 364 hujus
1349 329 1473 365 pondere
1498 336 1607 364 premet

97 389 164 409 mox
179 381 237 416 ipsi
258 381 389 417 adjacens
407 385 527 407 stratum
545 386 632 413 aquae
656 377 806 412 superius,
830 378 909 413 quod
928 385 1050 406 stratum
1071 379 1122 406 hac
1147 378 1175 406 vi
1195 387 1348 415 pressum,
1376 388 1469 416 neque
1488 380 1603 408 cedendi

91 430 257 460 facultatem
288 430 414 464 habens,
434 429 468 456 ab
491 428 570 457 omni
595 434 674 464 parte
695 428 767 455 hanc
798 428 974 463 pressionem
992 428 1244 465 communicabit,
1274 436 1301 458 et
1322 431 1363 458 sic
1388 438 1490 460 contra
1514 431 1610 467 ipsum

92 482 261 518 operculum
294 481 387 509 eadem
413 481 441 508 vi
473 486 555 515 aget,
584 479 658 507 unde
689 478 826 506 habemus
855 487 909 514 pro
940 481 1076 515 operculo
1100 481 1214 508 eandem
1258 481 1434 516 pressionem
1459 482 1608 511 internam.

92 532 170 560 Hinc
184 532 267 560 etiam
286 531 394 560 fundus
410 530 474 559 hilcl
493 537 674 566 augmentum
689 529 845 565 pressionis
869 531 1029 566 experietur
1046 531 1081 559 ab
1102 533 1194 560 eadem
1210 532 1257 560 illa
1278 540 1368 567 aquae
1383 533 1518 561 columna
1541 542 1610 569 pro-

93 583 227 617 ductam,
256 583 331 611 unde
359 589 387 610 et
417 582 464 610 hic
488 582 621 610 deorsum
652 588 711 609 eam
732 581 855 617 patietur
877 582 1076 618 pressionem,
1110 591 1192 618 quam
1227 591 1340 612 sursum
1360 584 1469 620 patitur
1492 592 1507 612 a
1530 592 1609 620 pres-

88 633 171 662 sione
195 641 284 670 aquae
306 632 465 662 exterioris.

124 684 228 712 Latera
248 684 360 712 tandem
381 689 546 719 prementur
571 685 698 720 pondere
723 693 812 720 aquae
835 690 986 713 contentae
1006 684 1035 713 in
1057 685 1194 720 prismate
1219 685 1408 722 triangulari,
1438 687 1522 722 cujus
1546 685 1612 714 alti-

89 736 160 763 tudo
189 735 258 769 erit,
288 742 347 763 non
372 740 403 762 ut
428 741 493 763 ante
514 744 551 763 =
571 735 615 771 if,
646 736 693 763 sed
714 745 750 762 z
768 735 903 772 if÷fn
922 746 957 762 z
978 737 1009 763 in
1024 755 1033 771 ‚
1063 742 1150 771 atque
1182 736 1220 765 ita
1249 737 1428 780 pressionem
1463 744 1604 765 externam

89 785 201 821 aequali
223 785 373 821 pressione
394 785 504 814 interna
528 785 591 814 sine
614 785 740 814 laesione
764 785 865 814 ferent.

124 837 172 866 Ex
194 836 240 864 his
262 835 398 864 omnibus
423 836 522 872 itaque
547 842 610 864 tuto
634 836 804 864 concludere
826 836 914 871 licet,
935 837 1112 872 pressionem
1136 836 1274 866 internam
1297 845 1386 873 aquae
1406 837 1435 866 in
1459 838 1535 866 vasis
1560 846 1610 873 pa-

88 886 174 916 rietes
191 895 250 916 non
266 895 328 916 esse
349 886 512 916 inferiorem
536 887 677 923 pressioni
702 887 852 923 exteriori,
882 888 931 916 sed
960 896 1081 923 prorsus
1103 887 1128 915 ei
1154 896 1216 917 esse
1236 889 1402 924 aequalem,
1433 890 1512 924 quod
1535 890 1603 925 qui·

85 938 171 973 dem,
201 938 245 966 uti
263 938 319 974 J'am
339 938 409 967 satis
434 946 577 974 superque
601 938 744 973 diximus,
766 946 801 966 ex
824 938 1001 967 simultatzea
1026 939 1084 967 illa
1108 940 1220 967 actione
1244 939 1439 969 derivandum.

123 988 201 1017 Hinc
226 989 324 1025 itaque
347 997 381 1017 ex
412 997 499 1025 supra
522 989 627 1025 positis
650 989 802 1025 principiis
836 989 989 1018 deductum
1017 990 1224 1025 corollarium,
1254 990 1284 1018 in
1315 990 1463 1019 abstracto
1488 990 1606 1019 verissi-

82 1046 185 1076 mum,
206 1040 262 1069 hoc
277 1040 364 1075 loco,
384 1047 450 1068 cum
466 1040 648 1077 particularia
663 1041 798 1076 adjuncta
815 1040 929 1075 adsint,
950 1039 1056 1068 falsum
1076 1040 1199 1069 dicimus
1211 1061 1221 1076 ,
1236 1040 1366 1077 illudque
1378 1061 1388 1076 ,
1407 1040 1536 1069 examine
1553 1041 1606 1069 rite

82 1089 244 1126 instituto,
262 1091 394 1127 sequenti
417 1093 504 1121 modo
534 1091 734 1128 corrigendum
759 1098 925 1120 censemus:

160 1142 311 1171 Foramine
331 1143 450 1178 clauso,
479 1143 592 1180 pressio
622 1150 711 1178 aquae
734 1141 765 1172 in
795 1142 917 1179 parietes
942 1148 1074 1172 externos
1098 1142 1176 1171 vasis
1209 1141 1336 1177 aequalis
1369 1147 1414 1171 est
1445 1142 1592 1178 pressioni

199 1201 289 1230 aquae
312 1193 342 1223 in
364 1194 486 1230 parietes
504 1195 645 1223 internos.

120 1243 210 1283 Quod
233 1252 327 1274 autem
352 1246 387 1274 ad
409 1246 523 1275 alteram
550 1246 736 1283 praemissam
760 1246 879 1283 attinet,
906 1247 1039 1283 scilicet,
1060 1246 1202 1276 foramine
1225 1251 1345 1283 aperto,
1367 1246 1543 1282 pressionem
1569 1243 1599 1272 in

81 1294 205 1332 parietes
228 1302 359 1327 externos
385 1298 530 1333 aequalem
554 1306 616 1327 esse
637 1298 783 1334 pressioni
807 1298 838 1327 in
860 1299 983 1335 parietes
1004 1299 1153 1333 internos,
1181 1297 1254 1326 nulli
1279 1295 1422 1334 ejusmodi
1448 1295 1604 1324 dubitatio-

73 1345 115 1375 ,ni
138 1353 198 1375 eam
221 1347 376 1377 obnoxiam
403 1356 564 1378 censemus.
604 1349 674 1378 Non
698 1349 773 1377 enim
795 1349 946 1386 potuimus
970 1358 1031 1379 non
1051 1357 1102 1378 vas
1127 1349 1200 1377 illud
1223 1355 1333 1384 semper
1354 1353 1381 1375 et
1405 1354 1478 1382 aqua
1503 1345 1603 1383 imple·

80 1399 143 1422 tum
164 1403 192 1424 et
216 1406 306 1433 aquae
327 1399 494 1429 immersum
521 1400 608 1429 simul
631 1401 788 1436 eodemque
811 1406 942 1436 tempore
968 1407 1108 1436 spectare.

121 1443 249 1472 Tandem
273 1450 451 1480 pressionem
473 1459 561 1482 aquae
587 1451 736 1479 pii-terioris
760 1451 788 1479 in
810 1451 931 1484 parietes
948 1451 1025 1479 vasis
1052 1458 1164 1486 semper
1186 1458 1248 1478 esse
1273 1449 1438 1485 aequalem,
1460 1448 1527 1477 sive
1553 1447 1599 1476 fo-

81 1502 177 1524 ramen
193 1494 231 1522 sit
248 1501 397 1531 apertum,
420 1496 481 1525 sive
505 1497 542 1525 sit
567 1497 714 1532 clausum,
737 1497 821 1526 etiam
839 1499 875 1527 ob
892 1501 1005 1528 eandem
1034 1501 1171 1529 rationem
1199 1500 1371 1543 sufficienter
1399 1507 1476 1529 extra
1501 1500 1594 1528 ullum

83 1545 204 1575 dubium
228 1546 364 1582 posuisse
386 1547 473 1575 nobis
492 1547 632 1576 videmur.
672 1548 774 1583 Itaque
795 1548 861 1577 huic
884 1550 950 1578 loco
975 1558 1014 1578 ne
1036 1550 1149 1579 diutius
1173 1551 1368 1581 immoremur.

117 1596 220 1625 Paucis
240 1597 299 1634 jam
326 1605 525 1633 resumamus,
556 1606 630 1634 quae
654 1598 701 1627 hic
725 1598 834 1628 fuimus
855 1600 1036 1636 ratiocinati,
1066 1607 1093 1629 et
1117 1602 1151 1630 ad
1172 1610 1285 1631 summa
1307 1601 1400 1639 capita
1424 1602 1595 1636 redigamus.

77 1645 244 1676 Corollaria
272 1656 359 1683 supra
383 1649 551 1685 enunciata,
574 1648 649 1679 facta
672 1651 730 1687 J'am
752 1656 821 1679 sunt
844 1651 1017 1687 sequentia:

120 1697 164 1726 10.
193 1698 342 1727 Foramine
364 1700 484 1736 clauso,
513 1701 625 1738 pressio
649 1709 739 1737 aquae
759 1701 789 1731 in
811 1702 941 1738 parietes·
957 1709 1092 1732 externos
1118 1703 1194 1731 vasis
1223 1700 1351 1737 aequalis
1378 1706 1422 1730 est
1448 1693 1593 1737 pressioni

79 1747 110 1777 in
129 1748 251 1785 parietes
274 1750 415 1781 internos.

115 1798 159 1828 20.
187 1800 335 1829 Foramine
362 1809 480 1839 aperto,
507 1801 619 1839 pressio
644 1812 733 1840 aquae
765 1804 797 1835 in
828 1804 949 1842 parietes
978 1810 1112 1833 externos
1143 1803 1270 1839 aequalis
1304 1808 1348 1831 est
1381 1800 1527 1838 pressioni
1559 1800 1589 1831 in

77 1849 196 1886 parietes
221 1851 362 1883 internos.

112 1899 156 1938 3⁰.
185 1902 252 1931 Sive
274 1901 401 1932 foramen
424 1904 463 1934 sit
482 1912 632 1944 apertum,
660 1906 721 1936 sive
744 1906 784 1937 sit
807 1907 958 1945 clausum,
987 1906 1100 1944 pressio
1125 1913 1216 1943 aquae
1238 1905 1281 1942 in⁴
1303 1903 1426 1942 parietes
1454 1908 1588 1933 externos

75 1958 185 1990 semper
206 1953 301 1983 eadem
328 1961 380 1983 est.

851 2006 881 2037 C
1548 2003 1596 2034 Eu
