1913 2417
726 134 1115 170 ORATIO.
1621 153 1665 187 ⁵3

178 240 242 273 que
273 229 309 260 in
348 228 453 261 abdita
487 239 595 267 sacra,
625 239 708 273 quae
741 229 836 261 nobis
867 237 996 273 aperta,
1027 237 1195 274 penetrare
1232 237 1428 275 potuerunt:
1458 234 1485 264 si
1515 235 1593 277 quid
1620 236 1655 269 hi

178 286 333 324 dixerint,
366 286 398 317 id
422 297 480 317 nos
504 286 651 322 delectat,
687 293 717 317 :it
745 293 865 329 quanta
895 287 990 318 nobis
1021 288 1062 318 sit
1091 287 1260 319 admiratio
1282 288 1425 330 linguam
1451 291 1657 335 intelligenti·

178 342 256 380 bus,
279 354 342 385 qua
375 343 442 385 ipsa
470 345 570 374 utitur
596 350 729 381 natura,
757 354 885 386 quaque
913 354 971 382 ea,
1002 355 1083 387 quae
1117 345 1266 376 mort-ales
1304 356 1372 376 non
1399 353 1489 378 antea
1511 359 1657 391 unquam

177 399 387 436 audiverunt,
414 399 507 431 nobis
530 400 688 431 audienda
713 407 807 442 atque
832 399 1042 442 intelligenda
1064 400 1210 443 praebet!

219 457 331 498 Neque
365 458 579 488 Geometriam
613 457 776 488 addiscere
812 456 1013 498 injucundus
1049 457 1139 488 labor
1171 465 1219 489 est
1253 458 1429 491 habendus.
1487 462 1660 494 Verissime

171 512 237 555 jam
252 498 341 543 ‘dixit
364 524 684 550 Qniivrimsrius:
711 514 927 544 Geometriain
958 525 1025 544 nou
1059 521 1204 551 tantum,
1234 522 1270 546 ut
1304 523 1423 547 ceteras
1450 524 1549 555 artes,
1581 530 1660 561 pro-

175 568 281 607 desse,
313 581 386 601 cum
412 577 557 612 percepta
580 571 640 608 sit,
673 569 729 600 sed
757 570 853 600 etiam
886 581 961 601 curn
989 571 1147 601 discatur:
1179 582 1216 602 ac
1249 583 1356 603 revera
1386 574 1579 605 Mathemaia
1600 575 1659 606 ha.

173 624 267 664 bem,
295 637 378 668 quae
404 628 541 657 maxime
565 633 705 658 mentem
742 626 922 665 delectent,
955 633 1052 669 atque
1086 627 1162 658 huic
1189 627 1392 660 delectationi
1416 630 1659 664 attribuendum

173 688 239 725 est,
265 682 354 725 quod
385 690 505 714 veteres
534 684 781 721 Mathematici,
814 694 1012 726 quamquam
1054 685 1236 715 Geoinetria
1276 685 1357 716 nulli
1391 685 1455 716 sere
1484 688 1559 726 rei,
1594 689 1657 721 nisi

173 739 358 781 regionibus
391 739 624 779 dimetiendis,
656 740 840 782 prodesset,
877 747 975 771 totam
999 746 1106 771 tamen
1131 747 1229 772 vitam
1257 742 1291 772 in
1320 744 1521 784 geometricis
1543 743 1659 786 figuris

171 795 426 838 contemplandis
451 796 692 839 impenderint;
719 808 824 840 neque
856 796 892 827 id
922 795 1064 827 mirum!
1103 807 1153 828 ars
1188 809 1314 841 semper
1346 799 1589 841 intelligentiam
1616 800 1657 834 ad

173 862 223 884 res
252 853 446 895 incognitam,
474 864 557 895 quae
583 853 764 892 delectent,
795 853 929 884 adduci:
964 861 996 885 et
1023 861 1175 897 quantam
1200 854 1397 897 voluptatem
1425 858 1570 888 inventio
1599 868 1655 900 pa-

171 909 236 941 rit:
270 916 423 953 quantam
448 911 647 941 vivacitatem
672 922 793 949 novae,
823 921 903 953 quas
931 911 1116 942 invenimus
1142 934 1150 949 ‚
1184 913 1350 950 veritates,
1383 913 1492 943 animo
1526 913 1653 957 insperq

170 965 273 1010 gunt!
314 970 361 999 At
383 969 454 1009 ejus
479 968 705 1008 mysteriorum
732 966 806 997 rudi
835 966 908 998 talia
931 968 1105 1010 depingere
1126 967 1217 998 labor
1244 975 1325 999 esset
1349 969 1471 1001 irritus.

213 1024 348 1055 Nullum
379 1023 442 1055 fei-e
471 1023 652 1055 studiorum
679 1034 781 1066 genus
814 1025 980 1054 invenitur
997 1047 1019 1064 ,,
1033 1025 1121 1067 quod
1150 1025 1336 1060 Geometria
1362 1036 1430 1056 non
1455 1025 1655 1069 aliq-uomoff

168 1079 211 1111 do
232 1080 377 1120 adjuvetz
401 1091 461 1111 nos
487 1082 574 1111 enim
602 1080 696 1110 docet
730 1082 770 1110 de
803 1091 999 1123 unaquaque
1032 1091 1066 1111 re
1094 1091 1191 1123 quarn
1229 1074 1462 1113 accuratissime
1485 1082 1647 1124 judicare,

166 1136 336 1171 nobiscum
368 1138 507 1180 cogitata
531 1138 566 1167 in
598 1136 776 1167 naturalem
810 1138 911 1179 magis
944 1136 1092 1167 ordinem
1124 1136 1290 1179 redigere,
1324 1137 1379 1168 sed
1404 1143 1436 1168 et
1462 1148 1521 1169 nos
1548 1141 1647 1173 etiam

165 1193 207 1227 de
229 1194 432 1236 praejudiciis
454 1201 587 1232 servat,
617 1204 722 1236 neque
754 1193 930 1224 verendum
975 1203 1148 1234 unquam,
1180 1194 1219 1225 de
1251 1194 1346 1225 nobis
1377 1194 1494 1226 damna
1523 1181 1651 1240 afferatl

162 1262 221 1294 per
249 1261 320 1282 eam
355 1252 444 1283 enim
479 1251 561 1283 hene
593 1262 615 1282 a·
635 1251 733 1282 nobis
752 1256 956 1292 conceptam,
992 1248 1130 1288 limites,
1163 1261 1246 1293 quos
1277 1252 1364 1282 Deus
1391 1251 1545 1294 Optimus
1574 1253 1648 1285 ani-

161 1309 208 1343 mi
239 1308 443 1340 facultatibus
481 1309 706 1351 praescripsit,
727 1307 989 1350 ,cognoscimu53
1026 1317 1083 1349 per
1111 1317 1181 1338 eam
1200 1329 1211 1345 ,
1234 1307 1324 1351 >quid
1352 1307 1492 1339 humana
1524 1309 1643 1340 intelli·

160 1367 267 1408 gentia
293 1374 412 1409 possit,
434 1377 516 1409 quae
538 1373 627 1397 extra
648 1365 721 1407 ejus
745 1364 930 1396 dominium
953 1363 1109 1394 collocata
1133 1363 1220 1402 sint,
1252 1352 1487 1407 perspicimus,
1514 1376 1643 1409 nosque

159 1422 335 1462 admonet,
367 1434 435 1454 non
465 1423 547 1454 velle
575 1424 656 1454 scire
675 1446 691 1460 ,γ
717 1434 798 1464 quae
827 1423 978 1463 Optimus
1005 1420 1159 1462 Magister
1189 1420 1304 1452 docere
1330 1432 1397 1453 non
1427 1421 1516 1460 vult,
1549 1432 1638 1453 sum·

161 1491 246 1512 mam
270 1491 338 1511 esse
361 1482 561 1523 sapientiam.
604 1479 728 1519 Quodsi
756 1479 854 1521 igitur
881 1477 1122 1520 philosophicae
1164 1478 1313 1509 scientiae
1357 1478 1494 1520 quadam
1530 1488 1642 1510 emen·

159 1536 288 1568 datione
317 1543 470 1579 egerent,
501 1537 532 1567 si·
561 1535 757 1578 sperandum
790 1540 901 1571 esset,
932 1540 969 1569 ut
998 1535 1104 1564 variae
1129 1535 1164 1565 in
1191 1534 1424 1577 philosophicis
1447 1534 1637 1575 opiniones,

159 1604 242 1637 quae
278 1592 401 1625 iamdiu
436 1593 586 1623 homines
625 1594 707 1622 inter
737 1602 771 1622 se
803 1590 1013 1627 diviserunt,
1054 1590 1357 1628 reconciliarentur3
1387 1589 1419 1620 id
1456 1590 1637 1632 praedicare

157 1650 266 1682 mutus
293 1650 426 1686 dubito,
452 1657 516 1680 tam
547 1650 665 1691 insigse
688 1659 771 1690 opus
800 1657 868 1678 uon
892 1647 954 1677 nisi
974 1646 1015 1677 ab
1049 1648 1175 1680 eximiis
1202 1658 1311 1680 rerum
1339 1647 1636 1679 mathematicarum

154 1707 356 1750 peritissimis
381 1705 584 1748 Philosophis
609 1713 775 1748 peractumv
799 1705 849 1737 iri.

167 1783 169 1785 -
197 1764 281 1794 Cum
313 1773 390 1794 veto
418 1770 505 1793 tanta
536 1764 577 1793 sit
608 1764 684 1793 artis
721 1762 819 1803 hujus
848 1761 1010 1804 potentia,
1037 1761 1117 1805 quid
1149 1761 1321 1800 veremini,
1353 1761 1422 1792 Viri
1453 1760 1633 1804 plurimum

155 1819 330 1851 venerandi
347 1842 358 1857 ‚
388 1819 576 1850 divinorum
609 1819 813 1850 oraculorum
843 1817 1048 1861 interpretes!
1083 1818 1172 1862 qnod
1197 1826 1300 1849 tamen
1327 1818 1475 1849 homines
1496 1818 1631 1861 quidam

153 1876 293 1918 religiosi
314 1882 344 1906 at
367 1877 464 1906 nimis
488 1878 582 1907 anxie
613 1883 780 1914 verentur,
813 1887 854 1908 ne
883 1877 1112 1909 mathemaium
1145 1886 1180 1907 ac
1206 1886 1314 1906 rerum
1346 1874 1538 1906 naturalium
1562 1882 1629 1905 stu-

152 1931 209 1967 dia
229 1933 265 1964 in
287 1931 453 1976 religionis
479 1935 656 1976 perniciem
683 1933 810 1966 tendere
837 1933 985 1977 possim?
1027 1932 1187 1976 Equidem
1220 1943 1289 1965 nou
1313 1931 1368 1964 ibo
1394 1930 1513 1964 infitias
1541 1934 1628 1963 viros

1573 1985 1631 2023 aliq
