1913 2417
367 123 876 158 COMMENTATIO
941 123 1303 155 BOTANICA.
1565 134 1605 164 ”7-

70 219 164 242 ramos
190 211 385 248 expandatur,
414 211 519 240 folium
545 215 708 244 ternatum3
741 207 767 236 si
790 208 820 237 in
845 208 918 236 duos
941 207 1090 244 binatum3
1121 208 1146 237 si
1177 209 1204 238 in
1235 209 1333 245 plures
1364 215 1457 237 ramos
1485 208 1586 246 abeat,

66 263 229 293 formantur
250 262 346 292 omnia
369 261 441 291 folia
460 262 643 298 composita,
665 268 738 297 quae
761 260 790 288 in
814 259 1014 296 Technologia
1039 267 1248 290 enumerantur.

105 316 253 344 Foliorum
278 313 414 350 marginis
437 314 558 342 varietas
583 312 664 341 etiam
689 311 723 339 ab
747 311 850 339 horum
873 319 1006 339 vasorum
1024 312 1200 340 anastomosi
1217 312 1320 348 pendet
1342 312 1402 349 (54
1419 313 1455 348 );
1478 312 1503 340 si
1524 311 1582 340 fas-

66 367 156 403 ciculi
182 374 315 396 vasorum
345 365 476 394 desinant
501 365 529 393 in
550 363 806 400 parvos-'ramulos
841 362 1021 398 inaequales..
1049 372 1101 399 pro
1126 363 1238 391 illoxum
1260 364 1456 400 magnitudine
1479 370 1506 391 et
1527 364 1584 391 dis-

64 417 242 452 tributione,
263 417 433 445 habebimus
454 415 525 444 folia
549 421 670 450 serrata,
692 415 826 449 dentata,
846 422 948 450 erosag,
980 415 1004 443 si
1029 416 1178 450 paululum
1206 415 1291 444 divisi
1314 415 1465 443 adveniant
1490 422 1585 442 ramu-

65 469 109 504 li,
137 475 288 503 crenatus,
316 468 525 503 subdentatus,
555 468 738 496 subserratus
770 474 867 502 margo
900 465 959 494 fieri
984 466 1080 501 solet3
1110 466 1307 502 integerrimus
1329 475 1419 501 vero,
1442 466 1466 494 si
1493 465 1588 494 ultimi

63 520 168 549 ramuli
194 519 358 548 numerosis
379 526 407 548 et
434 519 602 555 aequalibus
625 518 861 547 anastomosibus
884 517 1005 546 invicem
1026 517 1201 553 jungantur3
1231 518 1256 547 si
1281 517 1436 547 anastomis
1460 518 1496 546 ad
1516 525 1589 545 mar-

65 571 149 607 gines
171 579 248 599 arcte
272 572 426 599 admodum
450 579 621 608 peragatur,
643 578 741 607 margo
764 569 818 606 fit,
841 571 979 606 reliquam
1002 568 1067 598 folii
1090 576 1199 606 partem
1225 570 1329 599 duride
1351 578 1511 607 superans,
1533 568 1585 606 qui

65 621 216 651 'Botanicis
239 623 444 659 cartilagineus
468 623 559 652 audit.

107 674 155 701 Ad
181 674 236 702 hoc
261 680 317 702 rete
336 676 520 703 vasculos-am
548 675 659 703 tandem
685 673 827 710 pertinent
848 672 901 709 pili
924 678 952 701 et
972 671 1106 701 universa
1122 673 1214 709 pubes
1237 668 1401 708 foliorum,
1424 681 1496 708 quae
1513 680 1592 708 egre-

66 723 120 761 gio
143 725 243 753 ordine
266 725 350 762 (35)
378 726 413 754 iis
437 727 521 755 insita
545 733 600 754 est.
647 725 701 754 Pili
730 733 851 761 nempe,
881 724 932 759 qui
964 723 994 751 in
1028 723 1165 752 foliorum
1199 723 1273 752 facie
1301 724 1430 760 inprimis
1460 723 1592 752 inferiori

66 775 186 810 copiosi
214 783 276 804 esse
306 777 419 812 solent,
447 779 580 806 oriuntur
606 786 620 805 e
643 776 771 806 minimis
801 775 920 804 ramulis
946 775 1084 811 separatis
1106 775 1227 811 sceleti,
1257 776 1394 804 'corticem
1420 775 1594 811 penetranti-

68 825 147 860 bus,
174 827 252 854 ostio
277 826 443 862 hiantibus,
471 835 498 856 et
520 828 691 864 epidermide
708 827 835 856 vestitis.
877 826 974 863 Hujus
994 826 1101 862 pubis,
1123 827 1208 862 cujus
1232 827 1344 855 diversa
1370 827 1523 855 admodum
1541 826 1593 855 ob·

67 876 144 904 ‘tinet
167 883 312 905 structura
338 879 443 914 (56),
467 888 576 915 quum,
607 887 666 913 quo
688 879 722 907 ad
744 878 869 907 indolem
901 877 1089 913 Chemicam,
1111 877 1230 906 sericeae
1261 877 1301 906 sit
1323 885 1456 913 naturae,
1486 885 1594 914 corpus

66 927 152 956 valde
170 927 395 965 combustibile,
426 937 454 958 et
478 931 545 958 hinc
564 931 738 959 Conductor
764 930 856 958 malus
877 929 1026 964 Calai-ici,
1056 929 1104 957 ille
1127 935 1170 956 est
1195 937 1285 964 usus,
1312 936 1345 957 ut
1366 928 1437 958 folia
1461 938 1475 957 a
1498 929 1595 957 nimiis

68 978 155 1006 radiis
180 980 323 1007 solaribus
349 987 376 1008 et
400 980 505 1016 frigore
534 981 678 1010 defendat.
720 982 762 1010 De
787 981 890 1010 ceteris
922 981 1069 1016 pilorum,
1099 980 1207 1015 quibus
1227 979 1299 1009 folia
1320 986 1477 1018 teguntur,
1510 986 1542 1008 ut
1564 984 1593 1007 et

68 1029 106 1060 de
128 1029 224 1065 ipsius
248 1030 348 1059 sceleti
372 1039 452 1066 -usu,
474 1031 572 1062 fusius
597 1032 673 1062 infra
694 1033 794 1070 agendi
821 1031 938 1062 occasio
962 1031 1026 1061 erit.

779 1123 797 1159 S
803 1142 810 1150 ·
851 1130 883 1159 9·

751 1197 900 1228 Medulla.

105 1284 204 1314 costa
227 1283 367 1314 foliorum
397 1286 534 1324 princeps
558 1294 653 1318 tractu
678 1289 851 1326 plerumque
878 1286 1028 1316 medullari
1050 1287 1152 1324 gaudet
1176 1287 1193 1325 <
1204 1286 1285 1325 57):
1316 1287 1347 1317 in
1371 1288 1436 1318 aliis
1459 1297 1527 1319 vero
1548 1288 1596 1318 in-

66 1341 116 1364 ‘ter
138 1336 246 1372 duplex
273 1344 395 1366 stratum
420 1339 566 1374 lignosum
583 1342 691 1378 (58),
717 1349 777 1377 quo
801 1339 873 1368 folia
891 1339 1031 1368 nonnulla
1050 1338 1192 1368 instructa
1215 1346 1305 1375 sunt,
1327 1340 1472 1369 invenitur
1488 1340 1598 1378 (59);

66 1387 219 1417 medullam
243 1388 336 1425 igitur
358 1389 388 1418 in
417 1389 496 1419 foliis
527 1394 626 1421 adesse
651 1392 716 1428 ipsa
747 1391 892 1420 anatomia
925 1390 1011 1419 facile
1044 1390 1233 1419 demonstrari
1267 1397 1376 1426 potest.
1424 1392 1501 1420 Haec
1529 1398 1597 1418 vero

67 1439 214 1476 medulla,
234 1448 327 1476 quum
349 1441 434 1470 etiam
455 1441 486 1472 in
507 1442 610 1480 foliis,
633 1451 712 1477 tamo
733 1442 884 1473 annosiori
903 1448 932 1471 et
955 1442 1079 1472 medulla
1096 1441 1204 1471 carenti
1218 1441 1435 1478 insidentibus,
1457 1448 1595 1470 nonnun-

1508 1498 1595 1528 quam

91 1572 162 1601 (¹54)
182 1572 364 1603 maritumum,
383 1582 433 1603 pag,
449 1581 478 1604 77
499 1583 533 1605 sq.

85 1613 156 1641 (55)
177 1614 371 1641 Quemadmodum
393 1619 453 1640 enim
475 1618 515 1646 pili
534 1616 680 1645 hominibus,
701 1623 725 1641 et
744 1617 824 1641 avibus
842 1619 947 1646 plumae,
967 1617 1082 1644 insident,
1106 1614 1141 1651 sic¹
1158 1614 1228 1638 etiam
1249 1615 1321 1643 pubes
1340 1614 1363 1637 in
1376 1614 1438 1638 foliis
1454 1621 1496 1643 per
1510 1615 1582 1644 Quin-

57 1656 158 1676 mcem
177 1655 287 1683 disposita
307 1663 354 1684 est,
381 1659 431 1680 sive
450 1658 488 1682 tali
507 1660 608 1686 radone,
634 1664 658 1681 ut
675 1659 732 1682 folla
751 1660 834 1688 (quod
856 1659 1018 1683 Matliematice
1038 1657 1189 1681 demonstrari
1209 1656 1320 1685 potest),
1340 1656 1364 1680 in
1384 1656 1478 1679 minimo
1498 1657 1587 1685 spatio,

62 1699 129 1723 quam
152 1695 255 1724 plurimis
275 1699 342 1726 pilis,
361 1704 384 1721 et
403 1700 470 1722 simul
489 1701 586 1723 maxime
608 1701 760 1728 distantibus,
781 1701 890 1724 instructa
914 1701 968 1724 sint.

86 1736 154 1764 (56)
172 1738 223 1760 Hoc
236 1740 274 1761 vel
288 1740 342 1762 inde
363 1742 454 1769 probari
475 1749 565 1770 potest,
586 1745 648 1771 quod
668 1744 704 1766 el.
722 1743 748 1768 J.
761 1743 783 1765 S.
797 1742 935 1764 Gnaei-ardus
956 1749 1001 1770 400
1019 1743 1146 1771 plantarum
1160 1741 1259 1768 pubem,
1280 1739 1376 1763 consilio
1395 1737 1521 1765 systematis
1533 1736 1588 1760 inde

57 1778 191 1805 tondenffl,
209 1779 378 1805 examinaverit.
409 1784 461 1808 Vid.
481 1784 602 1812 Sprengel,
620 1785 682 1809 bitu.
701 1785 745 1806 Rc!
763 1785 834 1808 Herb.
856 1786 886 1809 Τ.
898 1785 928 1808 11.
947 1790 998 1814 pag.
1011 1785 1052 1811 367
1067 1789 1102 1812 sq.
1131 1783 1170 1804 Du
1183 1782 1276 1809 Hamcl,
1295 1782 1354 1806 Part.
1367 1781 1386 1804 I.
1402 1785 1452 1808 pag.
1468 1783 1503 1806 17·

87 1817 158 1846 (57)
180 1818 231 1842 vid.
250 1820 372 1844 Wildanow
395 1825 411 1847 1.
435 1831 454 1848 c.
472 1832 522 1853 pag.
537 1833 586 1853 357.

81 1857 150 1885 (³8)
173 1858 225 1882 Vld.
246 1861 392 1884 Blumonbach
414 1865 430 1889 Ι,
451 1871 470 1888 c.
495 1874 538 1895 pag
559 1870 609 1892 482,

89 1898 153 1926 (59)
175 1900 252 1928 ltaqne
272 1903 311 1926 bie
332 1906 387 1927 mlhi
407 1906 526 1930 dissentire
547 1910 616 1931 liceat
637 1915 648 1931 a
669 1911 704 1933 cl.
725 1909 749 1934 c,
767 1907 794 1931 G.
814 1907 917 1935 Rasum,
938 1906 978 1935 qul
997 1906 1021 1930 in
1040 1907 1101 1929 libro
1127 1907 1188 1930 laud.
1206 1904 1227 1933 §-
1240 1906 1277 1933 5⁸·
1295 1911 1347 1939 pag.
1360 1909 1397 1934 72·
1420 1901 1499 1926 dicltz'
1512 1917 1529 1929 υ
1544 1900 1583 1924 dfe

61 1939 179 2004 'valjam’
200 1942 306 1965 bestehen
327 1952 366 1969 aus
386 1948 534 1979 denselblgen
559 1950 685 1980 Gesasnen,
709 1949 798 1974 welche
824 1949 862 1972 dle
887 1949 985 1977 ubrlgeu
1011 1948 1188 1973 Pflanzentheile
1215 1947 1307 1976 hildem,
1333 1951 1378 1970 nur
1397 1944 1467 1968 findet
1487 1948 1538 1967 man
1555 1942 1582 1965 ln

65 1994 85 2008 a
131 1987 160 2005 en
172 1983 227 2007 keln
245 1984 320 2010 Mark.
335 1986 351 2015 2

456 2035 483 2038 ”
841 2033 909 2064 Dz
