1913 2417
288 156 327 184 24
631 141 666 176 Ρ.
739 137 1459 181 J.UYLEN13ROEK

300 228 422 264 quodam
448 227 528 265 (ι),
551 228 599 255 ubi
625 228 681 256 ait:
712 246 737 261 ‚‚
761 225 871 254 humidi
898 233 955 253 eam
979 233 1040 253 esse
1063 230 1210 260 naturam,
1232 230 1264 252 ut
1289 223 1419 260 partibus
1442 221 1514 259 ipsis
1536 221 1688 257 aequaliter
1705 222 1798 258 jacen-

297 280 376 308 tibus
401 285 428 308 et
454 278 628 307 continuatis
650 277 722 304 inter
748 285 829 311 sese,
853 276 946 304 minus
967 284 1064 312 pressa
1087 284 1102 304 a
1126 275 1215 312 magis
1237 283 1335 311 pressa
1357 273 1536 310 expellatur,
1564 279 1591 301 et
1612 280 1799 308 unamquam-

298 339 353 367 que
375 336 480 367 partem
506 330 569 365 ejus
592 328 680 363 premi
708 327 826 356 humido
852 334 939 362 supra
970 326 1061 362 ipsam
1096 325 1228 355 existenti
1252 326 1287 353 ad
1311 323 1586 361 perpendiculum.”
1624 324 1712 351 Addit
1725 324 1798 352 enim

296 382 501 410 Archimedes:
528 399 552 414 ‚‚
573 378 598 407 si
621 378 771 407 humidum
797 378 835 406 sit
860 377 1032 405 descendens
1057 376 1086 404 in
1111 376 1229 412 aliquo,
1258 381 1308 404 aut
1331 376 1365 404 ab
1391 374 1447 403 alio
1472 375 1568 410 aliquo
1592 374 1761 410 pressum.’'

335 435 435 467 Itaque
456 430 523 466 (sic
551 429 737 458 ratiocinatur
760 429 944 465 Schottus),
972 427 1086 463 quando
1110 427 1257 455 humidum
1281 435 1341 456 non
1368 432 1412 454 est
1435 426 1607 455 descendens
1630 426 1660 454 in
1680 425 1796 461 aliquo,

294 488 344 512 aut
366 489 425 510 non
449 486 493 508 est
516 479 550 507 ab
575 479 675 515 aliquo
700 480 757 508 alio
782 487 936 515 pressum,
966 478 1014 506 sed
1036 477 1172 506 consistit
1197 478 1227 506 in
1250 486 1304 507 suo
1323 479 1380 506 situ
1404 478 1545 514 naturali,
1576 486 1632 506 una
1653 484 1718 512 pars
1740 483 1799 504 non

294 531 397 568 premit
419 532 545 560 alteram.
585 529 616 558 Si
640 535 733 559 autem
768 530 916 558 humidum
944 535 987 557 est
1011 528 1184 557 descendens
1206 528 1235 557 in
1266 528 1382 565 aliquo,
1412 536 1465 565 ut,
1493 530 1518 558 si
1547 529 1632 557 effluit
1655 536 1703 564 per
1724 527 1799 556 fora-

297 591 361 611 men
386 581 484 616 vasis,
506 586 554 609 aut
581 581 677 609 influit
700 581 730 609 in
756 589 807 609 vas
831 581 1035 617 conjunctum,
1057 585 1126 608 tune
1146 584 1242 615 partes
1265 587 1352 616 supra
1377 580 1503 609 foramen
1517 586 1685 616 premuntur
1707 588 1722 606 a
1738 586 1801 614 par·

299 634 381 663 tibus
399 633 433 661 ad
449 632 683 668 perpendiculum
701 632 772 668 ipsis
787 630 1044 666 incumbentibus,
1065 638 1124 659 non
1143 638 1210 659 vero
1227 630 1261 658 ab
1279 630 1341 660 aliis
1360 640 1375 660 a
1389 632 1474 660 latere
1490 631 1645 667 appositis.
1694 628 1803 657 Simili·

300 690 341 713 ter
361 684 386 712 si
406 683 554 713 humidum
578 683 717 719 premitur
742 683 775 711 ab
797 683 914 718 aliquo,
938 687 1031 717 partes
1058 688 1172 718 pressae
1191 687 1324 717 premunt
1347 681 1463 717 solum,
1492 688 1563 716 quae
1587 681 1660 716 ipsis
1679 680 1714 708 ad
1738 687 1804 715 per·

296 735 484 773 pendiculum
509 735 644 766 substant
671 735 745 773 (2).

335 786 456 816 Refutat
481 793 568 822 porro
587 785 726 813 Schottus
758 783 823 822 (3)
846 786 1034 820 experimenta
1056 782 1222 812 Emanuelis
1246 782 1404 820 Magnani,
1435 791 1508 819 quae
1531 783 1567 812 ab
1589 782 1655 819 ipso
1675 790 1708 810 eo
1732 788 1803 810 con-

302 837 428 866 consilio
455 836 588 865 instituta
615 842 642 866 et
667 836 752 865 relata
771 842 848 864 erant
874 836 959 874 (4),
983 842 1014 863 ut
1036 834 1167 872 probaret
1186 833 1272 864 fluida
1295 834 1325 863 in
1347 834 1475 871 propriis
1496 834 1569 865 locis
1597 832 1716 862 omnino
1741 839 1804 868 gra-

295 888 394 918 vitare.

337 938 453 967 Scilicet
476 938 615 967 Emanuel
642 939 767 975 Magnan
798 939 871 967 inter
900 939 954 968 alia
977 943 1140 975 argumenta
1171 938 1231 967 duo
1255 937 1335 967 affert
1365 938 1556 975 experimenta
1575 959 1585 974 ‚
1616 936 1724 973 quibus
1747 940 1806 962 rem

297 990 380 1026 plane
401 998 432 1018 se
451 989 614 1018 confecisse
644 996 734 1025 putat.
777 989 854 1017 Haec
886 990 1074 1025 experimenta
1107 989 1153 1017 hic
1181 989 1398 1024 describemus,
1425 996 1486 1018 tum
1517 990 1652 1025 quoniam
1683 983 1806 1020 vestigia

296 1040 419 1068 sanioris
443 1039 500 1076 jam
525 1039 752 1068 ratiocinationis
775 1040 940 1075 continent,
969 1047 1031 1067 tum
1053 1039 1120 1074 quia
1153 1046 1183 1066 ea
1211 1046 1387 1074 cognoscere
1412 1047 1527 1068 necesse
1550 1044 1610 1072 est,
1640 1042 1671 1064 ut
1693 1033 1810 1064 Schotti

298 1090 498 1120 refutationem
520 1089 610 1126 probe
641 1090 846 1126 intelligamus.
890 1090 1070 1119 Exhibemus
1093 1096 1186 1117 autem
1212 1089 1278 1117 hacc
1310 1090 1499 1125 experimenta
1515 1109 1525 1124 ‚
1553 1087 1645 1124 qualia
1667 1085 1807 1115 schottus

299 1149 330 1170 ea
353 1141 469 1177 retulit,
501 1141 635 1176 quoniam
662 1141 759 1177 ipsum
782 1141 920 1179 Magnani
948 1149 1021 1177 opus
1043 1139 1216 1176 inspiciendi
1240 1140 1441 1176 opportunitas
1465 1139 1550 1169 nobis
1573 1145 1633 1167 non
1657 1135 1724 1165 fuit.

336 1193 463 1221 Primum
486 1191 583 1227 itaque
600 1192 824 1228 experimentum
842 1193 896 1221 hoc
914 1197 972 1220 est:
1008 1212 1025 1228 ,‚
1041 1191 1167 1220 Phialam
1195 1191 1332 1227 vitream,
1360 1191 1439 1228 longi
1467 1200 1498 1220 ac
1530 1188 1690 1227 praetenuis
1716 1185 1805 1221 colli,

305 1239 587 1280 (thermometrum)
604 1245 668 1272 aere
683 1245 814 1280 plenam,
835 1249 863 1271 et
887 1250 1001 1272 summo
1018 1243 1113 1271 tubuli
1134 1243 1280 1278 spiraculo
1298 1242 1387 1271 libero
1408 1248 1435 1270 et
1459 1249 1606 1276 exstante,
1633 1240 1688 1268 sub
1704 1243 1805 1274 aquam

301 1290 434 1328 frigidam
467 1292 619 1329 demersit,
648 1303 679 1322 ac
707 1295 860 1323 demersam
885 1293 1002 1330 tenuit,
1030 1294 1122 1322 donec
1150 1294 1195 1321 aer
1224 1293 1303 1321 intus
1334 1294 1492 1322 conclusus
1525 1292 1666 1321 induisset
1697 1289 1810 1324 frigus,

302 1349 442 1377 quantum
471 1343 507 1372 ab
539 1351 570 1372 ea
603 1353 675 1380 aqua
706 1352 817 1380 poterat
848 1345 985 1380 accipere.
1026 1344 1184 1379 Postquam
1215 1344 1286 1372 satis
1319 1343 1468 1380 refriguit,
1496 1343 1593 1372 dictus
1619 1341 1664 1370 aer
1694 1338 1814 1368 interior

300 1394 570 1429 condensatusque,
593 1396 680 1424 alium
705 1402 871 1430 externum,
893 1401 1031 1431 quantum
1057 1403 1133 1431 opus
1158 1394 1233 1429 suit,
1254 1395 1387 1430 admisit;
1411 1394 1528 1431 globum
1557 1392 1667 1429 phialae
1691 1390 1720 1414 in
1743 1386 1810 1414 fun·

300 1445 338 1472 do
363 1452 453 1479 aquae
477 1452 562 1472 manu
591 1444 705 1474 sinistra
731 1452 849 1480 tenens,
877 1453 904 1472 et
928 1447 1027 1472 dextra
1050 1445 1191 1470 orificium
1217 1445 1312 1466 tubuli
1337 1446 1456 1474 tegens,
1484 1437 1616 1466 tubulum
1648 1435 1812 1465 inclinavit.

302 1495 358 1524 Hie
387 1503 475 1530 vero,
498 1502 528 1523 ut
553 1496 609 1525 sub
632 1503 704 1531 aqua
728 1504 789 1524 esse
812 1495 908 1531 coepit
923 1499 1056 1528 apertus,
1075 1490 1172 1526 coepit
1197 1490 1279 1519 etiam
1304 1497 1404 1525 aquam
1428 1489 1574 1518 admittere
1598 1487 1699 1524 (nulla
1722 1492 1815 1514 tamen

301 1547 372 1575 absis
396 1546 505 1574 externi
531 1547 647 1575 exclusa
671 1545 831 1582 particula,
854 1551 887 1573 ut
910 1543 1044 1573 constitit
1069 1549 1129 1570 tum
1156 1550 1190 1570 cx
1216 1550 1272 1576 eo,
1301 1541 1379 1576 quod
1411 1541 1489 1578 nulla
1523 1538 1656 1575 apparuit
1683 1537 1812 1573 bullula,

304 1601 364 1622 tum
387 1605 419 1625 ex
443 1605 495 1631 co,
522 1597 602 1631 quod
629 1603 728 1632 postea
752 1595 896 1631 contigit,
926 1601 959 1622 ut
982 1593 1188 1629 videbimus),
1219 1599 1247 1621 et
1270 1592 1384 1628 quidem
1408 1590 1509 1628 majori
1536 1595 1564 1618 et
1588 1588 1689 1627 majori
1710 1588 1813 1624 copia,

307 1651 395 1682 prout
418 1646 593 1680 profundius
616 1647 670 1676 sub
696 1655 800 1681 aquam
826 1654 860 1674 os
888 1646 950 1682 ejus
975 1652 1103 1680 apertum
1124 1643 1329 1678 descendebat3
1353 1648 1463 1670 etcum
1488 1641 1523 1670 ad
1541 1641 1613 1669 dnos
1636 1640 1691 1668 sub
1712 1645 1815 1674 aquam

306 1697 417 1731 palmos
440 1695 637 1730 pervenisset,
667 1697 798 1730 apparuit
822 1704 895 1732 aqua
919 1695 1022 1730 plenus
1046 1694 1122 1729 fere,
1152 1701 1244 1729 usque
1275 1694 1308 1721 ad
1335 1693 1477 1727 medium,
1503 1692 1524 1720 i.
1551 1699 1577 1720 e.
1599 1689 1814 1725 sesquipalmo‚

308 1746 342 1775 ab
365 1751 463 1781 aperto
489 1753 537 1774 ore
561 1753 663 1774 versus
688 1745 828 1782 globum,
856 1745 906 1780 qui
930 1751 1010 1773 totus
1031 1753 1097 1774 cum
1124 1744 1239 1774 residuo
1270 1744 1333 1773 tu'oi
1362 1743 1559 1779 sesquipalmo
1582 1747 1639 1770 erat
1665 1740 1730 1770 solo
1753 1741 1818 1768 aere

1762 1790 1822 1827 ple·

335 1884 386 1911 (ι)
411 1885 444 1905 De
463 1884 613 1907 Insidentlbus
635 1885 658 1906 in
680 1884 793 1912 Humido,
815 1886 841 1907 L.
854 1886 870 1908 1.
891 1886 1004 1913 supposit.
1021 1891 1040 1909 r.

336 1924 388 1951 (2)
410 1925 458 1946 Vid.
482 1926 556 1947 Metti.
575 1927 643 1951 llydr.
659 1927 748 1948 l’ncum.
771 1928 829 1951 Part.
848 1928 865 1951 1.
888 1932 910 1949 c·
929 1933 950 1951 Ι.
974 1929 1042 1954 Prop·
1058 1933 1079 1954 4-
1128 1950 1131 1952 .

341 1965 390 1992 (3)
414 1966 435 1987 iu
459 1965 532 1992 magia
554 1966 689 1994 universati,
711 1967 725 1990 l.
742 1974 763 1990 c.
959 1968 1011 1996 (14)
1031 1969 1054 1990 ln
1076 1967 1149 1990 Cursu
1168 1966 1342 1995 Philosophiae,
1363 1972 1384 1990 e·
1400 1964 1466 1988 xvu.
1488 1964 1589 1992 prop-s·
