1913 2417
200 175 220 204 .·
248 173 637 224 COMMENTATro
666 187 715 208 A„
746 171 1120 218 QUAEsTroNEM
1143 176 1440 220 JURIDICAM'.
1548 179 1610 222 n»,-

91 262 168 292 .5‘1n
194 268 254 292 art.
281 262 369 300 igitur
392 271 457 300 133.
481 263 621 300 peculiare
642 268 701 297 est,
725 262 803 297 quod
823 263 851 292 in
872 263 996 293 favorem
1021 266 1251 296 descendentium
1268 269 1385 296 eatenus
1408 275 1422 295 a
1441 267 1504 304 iure
1519 271 1600 296 com-⁴

89 316 175 345 anuni
198 315 356 350 receditur,
383 320 433 350 ut,
457 315 568 343 etiamsi
593 323 629 351 30
644 314 709 342 anni
729 322 743 342 a
769 321 916 351 tempore,
939 324 998 351 qno
1023 317 1178 347 Absentem
1204 326 1368 355 supremum
1392 318 1464 347 diem
1490 319 1601 349 obiisse

87 373 228 402 constat,
259 366 434 401 effluxerint,
462 365 653 395 nihilominus
679 373 714 401 30
730 365 798 394 anni
822 373 957 402 tanquam
982 368 1166 398 corollarium
1192 370 1349 405 addantur,
1379 370 1452 399 intra
1477 379 1553 407 quos
1576 372 1602 400 si

90 417 331 454 supervenerint,
352 425 463 453 semper
489 417 545 453 ipsi
565 417 767 445 descendentes
790 418 948 446 seeundum
974 425 1037 448 art.
1056 428 1120 456 132.
1142 421 1218 449 bona
1239 426 1365 457 repetere
1387 422 1522 457 possint,
1551 430 1600 451 ne·

90 477 154 505 que
177 469 390 504 adstringantur
413 469 581 497 necessitate
603 468 767 505 probandi,
791 468 946 498 Absentem
979 470 1051 498 diem
1076 479 1162 500 suum
1185 472 1242 509 jam
1266 472 1386 501 obiisse.
1435 472 1526 510 Quod
1550 481 1601 502 su-

85 522 202 557 perest,
225 527 290 547 cum
309 519 435 554 spatium
456 519 533 547 illud·v
549 527 737 556 goannorum
759 526 828 556 post
847 521 1014 550 missionem
1040 521 1217 557 definitivam
1236 532 1406 553 concessum
1430 523 1598 554 beneficum

83 571 251 601 constituat
277 570 306 599 in
331 570 448 607 gratiam
473 571 701 599 descendentium
715 591 724 606 ,
753 572 852 607 quaeri
876 573 968 608 solet,
990 579 1085 602 utrum
1108 574 1138 602 hi
1159 575 1226 603 anni
1248 575 1392 604 continuo
1415 582 1548 612 currant,
1571 576 1600 605 e't

87 621 236 659 trigesimo
265 630 340 650 anno
370 628 438 658 post
470 622 635 651 missionem
666 623 841 658 impetratam
871 630 991 659 exacto,
1022 633 1134 660 semper
1165 633 1282 662 quoque
1312 626 1429 662 impleta
1449 634 1599 657 censeatur

86 672 299 712 praescriptio,
329 681 364 701 an
389 681 457 701 vero
487 674 644 702 secundum
668 680 836 703 communes
859 675 1098 711 praescriptionis
1125 677 1235 712 regulas
1259 677 1342 705 etiarn
1370 677 1417 705 hic
1442 680 1601 714 suspenda-

85 732 136 754 tur
165 723 352 761 praescriptio
383 724 421 753 ob
452 725 589 753 minorem
619 731 735 754 aetatem
762 726 1011 762 descendentium;
1042 727 1112 755 adeo
1135 734 1168 755 nt
1191 729 1232 756 sic
1258 728 1371 756 demum
1395 736 1506 757 currere
1529 730 1602 760 inci-

77 777 170 814 ‹piant
193 784 207 804 a
227 769 373 810 tempore,
402 783 462 810 quo
485 775 514 803 hi
538 771 673 812 majorem
695 782 811 805 aetatem
834 771 994 813 attigerint.
1045 772 1227 815 Quamquam
1252 780 1333 808 valde
1354 787 1384 808 se
1405 781 1602 811 commendare

80 828 174 859 mobis
198 827 332 856 videntur
355 832 540 862 argumenta-3
570 826 676 861 quibus
709 834 832 856 utuntur
855 827 1065 864 Prwdhonus,
1094 829 1115 858 l.
1136 829 1158 858 l.
1180 837 1210 866 p.
1229 829 1292 866 183.
1313 836 1341 858 et
1356 826 1600 868 Delvincurtimi,

78 881 106 910 al.
134 880 156 909 l.
181 887 249 916 pag.
267 886 332 915 354.
356 885 403 913 sq.
433 878 540 915 (15),
560 883 595 905 ut
616 878 761 915 probent,
791 879 927 907 minorem
949 887 1065 909 aetatem
1090 880 1142 910 hac
1175 881 1205 909 in
1229 889 1257 909 re
1278 881 1517 911 descendentibus
1538 892 1598 914 non

73 932 241 970 ’prode-sse,
263 928 485 965 quoniamscil.
513 929 560 957 hic
585 937 644 958 non
666 930 762 967 agitur
788 930 822 959 de
849 931 988 960 ordinaria
1012 931 1256 968 praescriptione,
1277 940 1362 967 quam
1383 933 1502 968 exponit
1526 935 1595 964 uiti-

78 984 150 1013 ·mus
171 982 294 1010 Titulus
317 979 437 1009 Codicis
461 979 589 1015 Civilis,
612 986 640 1008 et
661 987 722 1010 art.
743 990 806 1018 133.
837 983 911 1019 (cui
935 982 977 1011 sic
999 991 1065 1020 arg.
1089 988 1150 1011 art.
1167 984 1250 1020 2264.
1277 991 1444 1013 communes
1460 987 1599 1021 praescri-

71 1033 198 1073 'ptionis
217 1030 329 1068 regulae
349 1031 486 1067 applicari
510 1039 569 1059 non
591 1029 776 1070 possunt),'
790 1033 874 1061 nullo
892 1033 1056 1062 discrimine
1078 1033 1178 1062 habito
1207 1041 1319 1063 tantum
1348 1035 1473 1070 spatium
1499 1045 1600 1072 30311-

71 1093 188 1116 ‘nornm
213 1082 354 1118 requirit,
376 1081 406 1109 in
427 1082 532 1109 horum
554 1082 684 1110 virorum
703 1084 871 1112 sententiam
890 1090 983 1113 tamen
1000 1084 1143 1113 discedere
1161 1093 1219 1112 non
1235 1092 1381 1121 possum-3·
1398 1093 1462 1115 cum
1479 1087 1595 1118 aliunde

73 1136 150 1167 ‘satis
174 1138 325 1170 appareat,
355 1132 545 1168 legislatorem
571 1131 644 1160 illud
668 1133 837 1163 beneficium
864 1141 919 1163 tam
942 1135 997 1163 late
1021 1135 1200 1170 extendisse,
1230 1142 1262 1164 ut
1291 1136 1343 1164 hac
1366 1137 1401 1165 in·
1418 1143 1587 1175 re‘quoque

79 1188 217 1218 rationem
241 1183 378 1212 habuisse
396 1183 525 1212 videatur
554 1184 652 1213 aetatis
677 1184 796 1214 minoris
820 1186 1073 1221 descendentium,
1098 1185 1136 1214 ita
1156 1192 1189 1214 ut
1213 1186 1279 1214 haec
1303 1188 1523 1223 praescriptioni
1549 1189 1595 1219 in·

76 1239 200 1277 *plendae
217 1243 332 1271 semper
361 1235 498 1263 obstaret.
545 1234 619 1263 Nam
645 1235 670 1263 si
694 1234 790 1266 fontes
813 1238 966 1273 adeamus,
993 1245 1029 1265 ex
1054 1237 1161 1272 quibus
1188 1237 1297 1272 optime
1315 1237 1488 1273 legislatorIS
1512 1249 1589 1270 mens

64 1280 184 1319 ihauriri
208 1292 327 1323 potest,
353 1285 466 1313 nullum
489 1285 610 1314 dubium
633 1295 783 1323 superesse
807 1288 938 1324 videtur,
967 1288 1039 1324 quin
1064 1295 1159 1316 revera
1182 1288 1276 1316 minor
1297 1296 1371 1316 aetas
1394 1289 1592 1327 descendenti.

63 1340 136 1370 ‘bus
162 1337 270 1375 prosit.
311 1335 350 1365 I-li
379 1335 475 1371 enim,
497 1335 594 1372 inquit
613 1337 667 1366 vir.
693 1331 782 1375 amplss
806 1338 1098 1377 Bigot-Pre‘ameneu
1124 1339 1277 1375 (Motifs,
1300 1338 1389 1369 Tom.
1405 1339 1453 1369 lI.⁴
1475 1350 1505 1377 p.
1528 1343 1592 1372 186,

65 1389 106 1421 *in
126 1389 200 1426 fi),
221 1395 279 1417 non
301 1386 470 1422 habebunt,
492 1388 571 1423 quod
592 1396 766 1426 querantur,
787 1390 863 1419 bona
879 1391 937 1420 sibi
961 1390 1070 1428 injuste
1095 1389 1217 1425 auferri,
1239 1390 1266 1418 si
1283 1390 1432 1419 minimum
1458 1393 1495 1428 65
1507 1394 1591 1423 annis

63 1432 278 1480 ¹pra'eterlapsis
305 1438 447 1466 bonorum
470 1438 602 1474 repetitio
628 1439 701 1476 ipsis
719 1442 884 1478 denegetur.
921 1442 984 1479 Jam
1006 1449 1093 1475 vero,
1118 1440 1142 1469 si
1166 1442 1325 1477 ponamus,
1349 1447 1476 1478 tempore
1498 1444 1591 1480 impe.

74 1499 162 1523 tratae
185 1488 334 1520 missionis
360 1487 526 1523 definitt'vae
548 1489 654 1519 liberos
678 1491 831 1527 perfectam
854 1499 971 1521 aetatem
995 1492 1145 1528 attigisse,
1167 1498 1270 1527 sponte
1292 1493 1443 1528 sequitur,
1470 1502 1503 1522 eo
1527 1499 1588 1524 mo-

73 1549 193 1577 mento,
215 1549 274 1576 quo
298 1539 438 1567 ordinaria
463 1540 689 1576 praescriptione
714 1551 749 1579 30
772 1551 911 1572 annorum
934 1542 1166 1571 descendentium
1188 1542 1237 1578 jus
1261 1542 1407 1579 interiret,
1437 1547 1474 1581 65
1491 1554 1582 1575 annos

60 1594 216 1625 ²effluxisse
239 1591 304 1620 inde
328 1598 344 1618 a
366 1597 514 1626 tempore,
544 1599 604 1626 quo
626 1600 641 1620 a
665 1593 725 1621 suis
753 1593 937 1622 discessisset
967 1593 1102 1622 Absens:
1130 1593 1263 1628 adeoque·
1286 1600 1353 1622 cum
1384 1595 1496 1624 dicatur
1515 1597 1589 1626 illu‘d

60 1650 188 1681 ‘tempus
220 1643 322 1672 saltem
345 1643 384 1677 65
401 1649 492 1670 annos
518 1642 638 1678 durare,
668 1643 733 1672 inde
762 1644 864 1673 merito
894 1644 1029 1673 concludi
1057 1652 1145 1681 posse
1168 1645 1300 1680 videtur,
1326 1645 1381 1674 hoc
1403 1647 1498 1682 spatio
1524 1655 1584 1678 non

69 1703 183 1732 semper
205 1693 323 1730 penitus
345 1693 456 1722 absolvi
484 1693 555 1722 hanc
581 1695 853 1731 praescriptionem,
883 1697 932 1724 sed
956 1696 1066 1724 diutius
1085 1696 1167 1724 etiam
1194 1696 1294 1724 durare
1314 1701 1422 1732 posse,
1452 1699 1477 1727 si
1501 1699 1585 1728 liberi

74 1747 207 1785 majorem
233 1751 351 1774 aetatem
374 1745 502 1773 nondum
530 1745 713 1783 attigissent,
742 1754 808 1776 cum
835 1747 936 1776 missio
967 1745 1119 1783 definitiva
1143 1755 1279 1775 concessa
1306 1747 1404 1777 fuerit.
1453 1748 1540 1787 Quod
1565 1750 1591 1779 si

75 1798 150 1827 sorte
181 1798 249 1826 haec
275 1796 478 1832 ‘interpretatio
508 1797 604 1826 minus
625 1799 757 1834 placeat,
785 1805 850 1827 cnm
875 1799 956 1827 etiam
983 1800 1099 1835 plures,
1130 1807 1215 1833 quam
1242 1798 1280 1833 65
1302 1799 1368 1827 anni
1393 1808 1408 1827 a
1431 1800 1496 1836 die,
1527 1809 1588 1836 qno

70 1849 187 1880 Absens
224 1848 344 1884 abierit,
373 1847 573 1884 effluxissent,
603 1849 627 1877 si
653 1849 744 1877 serius
776 1848 851 1878 forte
878 1849 1028 1885 possessio
1049 1849 1215 1885 fiduciaria,
1250 1855 1300 1879 aut
1325 1848 1475 1886 definitiva
1497 1851 1588 1887 petita

1543 1901 1589 1930 fo-

104 1962 172 1990 (¹⁵)
192 1960 323 1986 contrariae
349 1963 473 1985 tententiae
497 1962 583 1987 addicti
606 1967 656 1987 nunt
674 1963 833 1991 Malevtlttux,
854 1964 883 1987 ad
899 1969 941 1987 att.
957 1969 1006 1992 ¹³3·
1027 1963 1051 1988 in
1069 1965 1104 1994 fl,
1125 1970 1223 1993 eumque
1245 1964 1361 1988 insecutus
1381 1964 1588 1993 Spangenbergltvs,

52 2020 58 2026 .
71 2005 125 2028 eod.
151 2009 199 2027 not.
212 2009 238 2032 7.

819 2046 880 2077 Pa
