<?xml version="1.0" encoding="UTF-8"?>
<!DOCTYPE html PUBLIC "-//W3C//DTD XHTML 1.0 Transitional//EN"
    "http://www.w3.org/TR/xhtml1/DTD/xhtml1-transitional.dtd">
<html xmlns="http://www.w3.org/1999/xhtml" xml:lang="en" lang="en">
 <head>
  <title>
</title>
<meta http-equiv="Content-Type" content="text/html;charset=utf-8" />
  <meta name='ocr-system' content='tesseract 3.04.00' />
  <meta name='ocr-capabilities' content='ocr_page ocr_carea ocr_par ocr_line ocrx_word'/>
</head>
<body>
  <div class='ocr_page' id='page_1' title='image "annalesacademiae19rijk_0371.png"; bbox 0 0 1913 2417; ppageno 0'>
   <div class='ocr_carea' id='block_1_1' title="bbox 354 178 1592 232">
    <p class='ocr_par' dir='ltr' id='par_1_1' title="bbox 354 178 1592 232">
     <span class='ocr_line' id='line_1_1' title="bbox 354 178 1592 232; baseline 0.002 -12"><span class='ocrx_word' id='word_1_1' title='bbox 354 178 790 228; x_wconf 46' lang='lat' dir='ltr'><strong>‘flammans</strong></span> <span class='ocrx_word' id='word_1_2' title='bbox 847 179 1258 222; x_wconf 63' lang='lat' dir='ltr'><strong>Assa&#39;NTr&#39;UM.</strong></span> <span class='ocrx_word' id='word_1_3' title='bbox 1437 180 1441 183; x_wconf 82' lang='grc'><strong>’</strong></span> <span class='ocrx_word' id='word_1_4' title='bbox 1524 189 1592 232; x_wconf 62' lang='lat' dir='ltr'><strong>m</strong></span> 
     </span>
    </p>
   </div>
   <div class='ocr_carea' id='block_1_2' title="bbox 142 272 1510 327">
    <p class='ocr_par' dir='ltr' id='par_1_2' title="bbox 142 272 1510 327">
     <span class='ocr_line' id='line_1_2' title="bbox 142 272 1510 327; baseline -0.001 -21"><span class='ocrx_word' id='word_1_5' title='bbox 142 272 172 314; x_wconf 77' lang='grc'><strong>5.</strong></span> <span class='ocrx_word' id='word_1_6' title='bbox 197 283 225 306; x_wconf 82' lang='lat'><strong>1.</strong></span> <span class='ocrx_word' id='word_1_7' title='bbox 263 274 411 327; x_wconf 81' lang='lat' dir='ltr'><strong>Docetur‚</strong></span> <span class='ocrx_word' id='word_1_8' title='bbox 440 272 547 309; x_wconf 88' lang='lat' dir='ltr'><strong>quibus</strong></span> <span class='ocrx_word' id='word_1_9' title='bbox 564 272 736 309; x_wconf 82' lang='lat' dir='ltr'>heredibus,</span> <span class='ocrx_word' id='word_1_10' title='bbox 758 273 894 310; x_wconf 79' lang='lat' dir='ltr'><strong>quande,</strong></span> <span class='ocrx_word' id='word_1_11' title='bbox 919 278 946 301; x_wconf 90' lang='lat' dir='ltr'><strong>et</strong></span> <span class='ocrx_word' id='word_1_12' title='bbox 978 282 1035 309; x_wconf 90' lang='lat' dir='ltr'><strong>qua</strong></span> <span class='ocrx_word' id='word_1_13' title='bbox 1060 274 1120 311; x_wconf 85' lang='lat' dir='ltr'><strong>lege</strong></span> <span class='ocrx_word' id='word_1_14' title='bbox 1146 274 1330 304; x_wconf 81' lang='lat' dir='ltr'>concedatur</span> <span class='ocrx_word' id='word_1_15' title='bbox 1350 272 1418 303; x_wconf 78' lang='lat' dir='ltr'><strong>haec</strong></span> <span class='ocrx_word' id='word_1_16' title='bbox 1441 275 1510 312; x_wconf 81' lang='lat' dir='ltr'><strong>&#39;pos</strong></span> 
     </span>
    </p>
   </div>
   <div class='ocr_carea' id='block_1_3' title="bbox 143 322 1591 467">
    <p class='ocr_par' dir='ltr' id='par_1_3' title="bbox 143 322 1591 466">
     <span class='ocr_line' id='line_1_3' title="bbox 215 322 1591 363; baseline 0 -7"><span class='ocrx_word' id='word_1_17' title='bbox 215 322 431 358; x_wconf 85' lang='lat' dir='ltr'><strong>sessio..</strong></span> <span class='ocrx_word' id='word_1_18' title='bbox 529 347 536 355; x_wconf 90' lang='lat'><strong>.</strong></span> <span class='ocrx_word' id='word_1_19' title='bbox 634 344 644 354; x_wconf 87' lang='lat'><strong>.</strong></span> <span class='ocrx_word' id='word_1_20' title='bbox 741 345 750 354; x_wconf 91' lang='lat'><strong>.</strong></span> <span class='ocrx_word' id='word_1_21' title='bbox 849 345 858 353; x_wconf 88' lang='lat'><strong>.</strong></span> <span class='ocrx_word' id='word_1_22' title='bbox 957 345 965 354; x_wconf 93' lang='lat'><strong>.</strong></span> <span class='ocrx_word' id='word_1_23' title='bbox 1065 345 1081 354; x_wconf 28' lang='lat'><strong>‚⁷</strong></span> <span class='ocrx_word' id='word_1_24' title='bbox 1174 346 1184 355; x_wconf 90' lang='lat'><strong>.</strong></span> <span class='ocrx_word' id='word_1_25' title='bbox 1283 347 1292 356; x_wconf 90' lang='lat'><strong>.</strong></span> <span class='ocrx_word' id='word_1_26' title='bbox 1390 348 1398 356; x_wconf 93' lang='lat'><strong>.</strong></span> <span class='ocrx_word' id='word_1_27' title='bbox 1498 346 1508 356; x_wconf 83' lang='grc'><strong>.</strong></span> <span class='ocrx_word' id='word_1_28' title='bbox 1549 327 1591 363; x_wconf 84' lang='grc'><strong>67</strong></span> 
     </span>
     <span class='ocr_line' id='line_1_4' title="bbox 143 375 1510 427; baseline -0.001 -19"><span class='ocrx_word' id='word_1_29' title='bbox 143 379 172 416; x_wconf 78' lang='lat' dir='ltr'><strong>S.</strong></span> <span class='ocrx_word' id='word_1_30' title='bbox 193 387 222 408; x_wconf 83' lang='lat'><strong>2.</strong></span> <span class='ocrx_word' id='word_1_31' title='bbox 260 378 421 427; x_wconf 43' lang='lat' dir='ltr'><strong>Docetur,</strong></span> <span class='ocrx_word' id='word_1_32' title='bbox 439 376 585 412; x_wconf 88' lang='lat' dir='ltr'><strong>quomodo</strong></span> <span class='ocrx_word' id='word_1_33' title='bbox 608 375 794 417; x_wconf 75' lang='lat' dir='ltr'><strong>possessione</strong></span> <span class='ocrx_word' id='word_1_34' title='bbox 818 376 961 405; x_wconf 88' lang='lat' dir='ltr'><strong>bonorum</strong></span> <span class='ocrx_word' id='word_1_35' title='bbox 989 375 1140 419; x_wconf 76' lang='lat' dir='ltr'><strong>impetrata</strong></span> <span class='ocrx_word' id='word_1_36' title='bbox 1166 376 1207 407; x_wconf 91' lang='lat' dir='ltr'><strong>ab</strong></span> <span class='ocrx_word' id='word_1_37' title='bbox 1224 377 1378 406; x_wconf 82' lang='lat' dir='ltr'><strong>heredibus</strong></span> <span class='ocrx_word' id='word_1_38' title='bbox 1404 376 1440 406; x_wconf 89' lang='lat' dir='ltr'><strong>ab</strong></span> <span class='ocrx_word' id='word_1_39' title='bbox 1467 377 1510 406; x_wconf 88' lang='lat' dir='ltr'><strong>in·</strong></span> 
     </span>
     <span class='ocr_line' id='line_1_5' title="bbox 144 418 1588 467; baseline 0 -9"><span class='ocrx_word' id='word_1_40' title='bbox 144 433 171 445; x_wconf 73' lang='lat'><strong>²&#39;</strong></span> <span class='ocrx_word' id='word_1_41' title='bbox 196 436 198 438; x_wconf 78' lang='grc'>’</span> <span class='ocrx_word' id='word_1_42' title='bbox 216 422 347 467; x_wconf 70' lang='grc' dir='ltr'><strong><em>ῐέ5ηιῐο,</em></strong></span> <span class='ocrx_word' id='word_1_43' title='bbox 367 423 520 457; x_wconf 77' lang='lat' dir='ltr'><strong>heredibus</strong></span> <span class='ocrx_word' id='word_1_44' title='bbox 541 422 759 456; x_wconf 84' lang='lat' dir='ltr'><strong>testamentariis</strong></span> <span class='ocrx_word' id='word_1_45' title='bbox 781 433 972 463; x_wconf 82' lang='lat' dir='ltr'><strong>prospectum</strong></span> <span class='ocrx_word' id='word_1_46' title='bbox 998 423 1046 457; x_wconf 89' lang='lat' dir='ltr'><strong>sit.</strong></span> <span class='ocrx_word' id='word_1_47' title='bbox 1176 448 1193 458; x_wconf 23' lang='grc' dir='ltr'><strong>,ν</strong></span> <span class='ocrx_word' id='word_1_48' title='bbox 1283 449 1292 458; x_wconf 91' lang='grc'><strong>.</strong></span> <span class='ocrx_word' id='word_1_49' title='bbox 1390 449 1407 458; x_wconf 86' lang='grc'><strong>.-</strong></span> <span class='ocrx_word' id='word_1_50' title='bbox 1498 447 1508 458; x_wconf 86' lang='lat'><strong>.</strong></span> <span class='ocrx_word' id='word_1_51' title='bbox 1540 418 1588 466; x_wconf 48' lang='grc' dir='ltr'><strong>’ᾖ</strong></span> 
     </span>
    </p>
   </div>
   <div class='ocr_carea' id='block_1_4' title="bbox 63 474 1589 746">
    <p class='ocr_par' dir='ltr' id='par_1_4' title="bbox 144 474 1585 518">
     <span class='ocr_line' id='line_1_6' title="bbox 144 474 1585 518; baseline 0.001 -10.003"><span class='ocrx_word' id='word_1_52' title='bbox 144 474 177 518; x_wconf 71' lang='grc'><strong>5.</strong></span> <span class='ocrx_word' id='word_1_53' title='bbox 199 487 227 517; x_wconf 81' lang='lat'><strong>3.</strong></span> <span class='ocrx_word' id='word_1_54' title='bbox 269 474 366 518; x_wconf 81' lang='lat' dir='ltr'><strong>Quid,</strong></span> <span class='ocrx_word' id='word_1_55' title='bbox 388 479 414 508; x_wconf 83' lang='lat' dir='ltr'><strong>si</strong></span> <span class='ocrx_word' id='word_1_56' title='bbox 435 474 551 507; x_wconf 78' lang='lat' dir='ltr'><strong>heredes</strong></span> <span class='ocrx_word' id='word_1_57' title='bbox 573 478 608 507; x_wconf 88' lang='lat' dir='ltr'><strong>ab</strong></span> <span class='ocrx_word' id='word_1_58' title='bbox 631 478 766 508; x_wconf 85' lang='lat' dir='ltr'><strong>intestato</strong></span> <span class='ocrx_word' id='word_1_59' title='bbox 791 479 1006 515; x_wconf 85' lang='lat' dir='ltr'><strong>possessionem</strong></span> <span class='ocrx_word' id='word_1_60' title='bbox 1030 480 1174 509; x_wconf 89' lang='lat' dir='ltr'><strong>bonorum</strong></span> <span class='ocrx_word' id='word_1_61' title='bbox 1201 485 1296 516; x_wconf 87' lang='lat' dir='ltr'><strong>petere</strong></span> <span class='ocrx_word' id='word_1_62' title='bbox 1309 479 1423 509; x_wconf 71' lang='lat' dir='ltr'><strong>nolint.</strong></span> <span class='ocrx_word' id='word_1_63' title='bbox 1494 482 1510 510; x_wconf 77' lang='grc'><strong>’.</strong></span> <span class='ocrx_word' id='word_1_64' title='bbox 1549 487 1585 517; x_wconf 85' lang='lat'><strong>71</strong></span> 
     </span>
    </p>

    <p class='ocr_par' dir='ltr' id='par_1_5' title="bbox 63 523 1589 620">
     <span class='ocr_line' id='line_1_7' title="bbox 63 523 1509 571; baseline -0.002 -9"><span class='ocrx_word' id='word_1_65' title='bbox 63 523 65 525; x_wconf 36' lang='lat'>¹</span> <span class='ocrx_word' id='word_1_66' title='bbox 96 534 111 542; x_wconf 84' lang='grc'><strong>”</strong></span> <span class='ocrx_word' id='word_1_67' title='bbox 142 533 176 571; x_wconf 77' lang='grc'><strong>’5.</strong></span> <span class='ocrx_word' id='word_1_68' title='bbox 198 541 226 570; x_wconf 89' lang='lat'><strong>4.</strong></span> <span class='ocrx_word' id='word_1_69' title='bbox 250 532 312 560; x_wconf 86' lang='lat' dir='ltr'><strong>&#39;De</strong></span> <span class='ocrx_word' id='word_1_70' title='bbox 335 531 436 559; x_wconf 87' lang='lat' dir='ltr'><strong>ceteris</strong></span> <span class='ocrx_word' id='word_1_71' title='bbox 447 539 464 564; x_wconf 64' lang='grc' dir='ltr'><strong>,ι</strong></span> <span class='ocrx_word' id='word_1_72' title='bbox 487 530 595 565; x_wconf 86' lang='lat' dir='ltr'><strong>quibus</strong></span> <span class='ocrx_word' id='word_1_73' title='bbox 611 550 621 565; x_wconf 88' lang='lat'>‚</span> <span class='ocrx_word' id='word_1_74' title='bbox 637 567 640 570; x_wconf 15' lang='grc' dir='ltr'><em>Δ</em></span> <span class='ocrx_word' id='word_1_75' title='bbox 648 534 843 567; x_wconf 84' lang='lat' dir='ltr'><strong>praeterquam</strong></span> <span class='ocrx_word' id='word_1_76' title='bbox 872 531 1025 560; x_wconf 77' lang='lat' dir='ltr'><strong>heredibus</strong></span> <span class='ocrx_word' id='word_1_77' title='bbox 1057 531 1295 567; x_wconf 66' lang='lat' dir='ltr'><strong>testamentariis,</strong></span> <span class='ocrx_word' id='word_1_78' title='bbox 1313 539 1374 559; x_wconf 86' lang='lat' dir='ltr'><strong>·seu</strong></span> <span class='ocrx_word' id='word_1_79' title='bbox 1404 531 1509 567; x_wconf 71' lang='lat' dir='ltr'><strong>legata-</strong></span> 
     </span>
     <span class='ocr_line' id='line_1_8' title="bbox 179 576 1589 620; baseline -0.001 -9"><span class='ocrx_word' id='word_1_80' title='bbox 179 589 181 591; x_wconf 81' lang='grc'><strong>’</strong></span> <span class='ocrx_word' id='word_1_81' title='bbox 226 580 296 617; x_wconf 84' lang='lat' dir='ltr'><strong>riis,</strong></span> <span class='ocrx_word' id='word_1_82' title='bbox 316 582 424 620; x_wconf 85' lang='lat' dir='ltr'><strong>jurium</strong></span> <span class='ocrx_word' id='word_1_83' title='bbox 449 576 568 610; x_wconf 74' lang='lat' dir='ltr'><strong>suorum</strong></span> <span class='ocrx_word' id='word_1_84' title='bbox 593 589 665 610; x_wconf 89' lang='lat' dir='ltr'><strong>usus</strong></span> <span class='ocrx_word' id='word_1_85' title='bbox 691 582 889 618; x_wconf 84' lang='lat' dir='ltr'><strong>permittitur</strong></span> <span class='ocrx_word' id='word_1_86' title='bbox 909 589 937 611; x_wconf 90' lang='lat' dir='ltr'><strong>et</strong></span> <span class='ocrx_word' id='word_1_87' title='bbox 959 582 1094 611; x_wconf 82' lang='lat' dir='ltr'><strong>cautione</strong></span> <span class='ocrx_word' id='word_1_88' title='bbox 1111 577 1145 612; x_wconf 86' lang='lat' dir='ltr'><strong>ab</strong></span> <span class='ocrx_word' id='word_1_89' title='bbox 1165 581 1304 612; x_wconf 85' lang='lat' dir='ltr'><strong>omnibus</strong></span> <span class='ocrx_word' id='word_1_90' title='bbox 1327 583 1507 618; x_wconf 74' lang='lat' dir='ltr'><strong>praestanda.</strong></span> <span class='ocrx_word' id='word_1_91' title='bbox 1548 589 1589 619; x_wconf 74' lang='lat'><strong>74</strong></span> 
     </span>
    </p>

    <p class='ocr_par' dir='ltr' id='par_1_6' title="bbox 142 632 1510 681">
     <span class='ocr_line' id='line_1_9' title="bbox 142 632 1510 681; baseline -0.002 -16.996"><span class='ocrx_word' id='word_1_92' title='bbox 142 635 175 681; x_wconf 49' lang='lat' dir='ltr'><strong>ss.</strong></span> <span class='ocrx_word' id='word_1_93' title='bbox 199 642 227 672; x_wconf 91' lang='lat'><strong>5.</strong></span> <span class='ocrx_word' id='word_1_94' title='bbox 267 633 375 671; x_wconf 84' lang='lat' dir='ltr'><strong>Agitur</strong></span> <span class='ocrx_word' id='word_1_95' title='bbox 396 633 429 662; x_wconf 90' lang='lat' dir='ltr'><strong>de</strong></span> <span class='ocrx_word' id='word_1_96' title='bbox 452 632 656 662; x_wconf 83' lang='lat' dir='ltr'><strong>communione</strong></span> <span class='ocrx_word' id='word_1_97' title='bbox 686 633 827 662; x_wconf 89' lang='lat' dir='ltr'><strong>bonorum</strong></span> <span class='ocrx_word' id='word_1_98' title='bbox 850 640 919 669; x_wconf 88' lang='lat' dir='ltr'><strong>post</strong></span> <span class='ocrx_word' id='word_1_99' title='bbox 946 633 1112 663; x_wconf 82' lang='lat' dir='ltr'><strong>declaratam</strong></span> <span class='ocrx_word' id='word_1_100' title='bbox 1139 634 1309 663; x_wconf 86' lang='lat' dir='ltr'><strong>Absentiam</strong></span> <span class='ocrx_word' id='word_1_101' title='bbox 1339 633 1510 662; x_wconf 88' lang='lat' dir='ltr'><strong>continuata</strong></span> 
     </span>
    </p>

    <p class='ocr_par' dir='ltr' id='par_1_7' title="bbox 193 680 1515 746">
     <span class='ocr_line' id='line_1_10' title="bbox 193 680 1515 746; baseline -0.002 -31"><span class='ocrx_word' id='word_1_102' title='bbox 193 687 195 690; x_wconf 83' lang='lat'>&#39;</span> <span class='ocrx_word' id='word_1_103' title='bbox 220 695 236 716; x_wconf 90' lang='lat' dir='ltr'><strong>a</strong></span> <span class='ocrx_word' id='word_1_104' title='bbox 259 685 387 723; x_wconf 71' lang='lat' dir='ltr'><strong>confuge</strong></span> <span class='ocrx_word' id='word_1_105' title='bbox 421 686 574 723; x_wconf 80' lang='lat' dir='ltr'><strong>superstite</strong></span> <span class='ocrx_word' id='word_1_106' title='bbox 592 706 603 722; x_wconf 94' lang='lat'><strong>,</strong></span> <span class='ocrx_word' id='word_1_107' title='bbox 625 682 758 746; x_wconf 64' lang='lat' dir='ltr'><strong>eiusque</strong></span> <span class='ocrx_word' id='word_1_108' title='bbox 779 680 1044 721; x_wconf 60' lang='lat' dir='ltr'><strong>administratione,</strong></span> <span class='ocrx_word' id='word_1_109' title='bbox 1075 686 1142 714; x_wconf 81' lang='lat' dir='ltr'><strong>cum</strong></span> <span class='ocrx_word' id='word_1_110' title='bbox 1173 685 1276 724; x_wconf 86' lang='lat' dir='ltr'><strong>marito</strong></span> <span class='ocrx_word' id='word_1_111' title='bbox 1296 705 1308 720; x_wconf 82' lang='lat'><strong>,</strong></span> <span class='ocrx_word' id='word_1_112' title='bbox 1337 689 1397 713; x_wconf 91' lang='lat' dir='ltr'><strong>tum</strong></span> <span class='ocrx_word' id='word_1_113' title='bbox 1423 680 1515 712; x_wconf 84' lang='lat' dir='ltr'><strong>uxori</strong></span> 
     </span>
    </p>
   </div>
   <div class='ocr_carea' id='block_1_5' title="bbox 58 732 1595 1587">
    <p class='ocr_par' dir='ltr' id='par_1_8' title="bbox 59 732 1588 879">
     <span class='ocr_line' id='line_1_11' title="bbox 59 732 1588 772; baseline -0.001 -6"><span class='ocrx_word' id='word_1_114' title='bbox 59 732 76 741; x_wconf 80' lang='grc'><strong>’”</strong></span> <span class='ocrx_word' id='word_1_115' title='bbox 219 739 421 768; x_wconf 70' lang='lat' dir='ltr'><strong>concessa..</strong></span> <span class='ocrx_word' id='word_1_116' title='bbox 458 739 466 747; x_wconf 59' lang='lat'><strong>⁵</strong></span> <span class='ocrx_word' id='word_1_117' title='bbox 521 759 528 767; x_wconf 94' lang='lat'><strong>.</strong></span> <span class='ocrx_word' id='word_1_118' title='bbox 566 742 572 749; x_wconf 89' lang='lat'><strong>·</strong></span> <span class='ocrx_word' id='word_1_119' title='bbox 628 755 646 765; x_wconf 62' lang='grc'><strong><em>.»</em></strong></span> <span class='ocrx_word' id='word_1_120' title='bbox 735 756 746 765; x_wconf 92' lang='grc'><strong>.</strong></span> <span class='ocrx_word' id='word_1_121' title='bbox 844 757 855 765; x_wconf 91' lang='grc'><strong>.</strong></span> <span class='ocrx_word' id='word_1_122' title='bbox 953 755 963 765; x_wconf 89' lang='grc'><strong>.</strong></span> <span class='ocrx_word' id='word_1_123' title='bbox 1062 744 1089 765; x_wconf 71' lang='grc'><strong><em>.’</em></strong></span> <span class='ocrx_word' id='word_1_124' title='bbox 1170 758 1179 766; x_wconf 94' lang='grc'><strong>.</strong></span> <span class='ocrx_word' id='word_1_125' title='bbox 1388 756 1399 764; x_wconf 80' lang='lat'><strong>.</strong></span> <span class='ocrx_word' id='word_1_126' title='bbox 1498 753 1507 763; x_wconf 90' lang='lat'><strong>.</strong></span> <span class='ocrx_word' id='word_1_127' title='bbox 1548 739 1588 772; x_wconf 80' lang='grc'><strong>75</strong></span> 
     </span>
     <span class='ocr_line' id='line_1_12' title="bbox 64 774 1586 847; baseline -0.001 -30"><span class='ocrx_word' id='word_1_128' title='bbox 64 787 67 790; x_wconf 65' lang='grc'><em>”</em></span> <span class='ocrx_word' id='word_1_129' title='bbox 88 786 98 793; x_wconf 70' lang='grc'><em>”</em></span> <span class='ocrx_word' id='word_1_130' title='bbox 142 788 175 826; x_wconf 65' lang='lat' dir='ltr'><strong>S.</strong></span> <span class='ocrx_word' id='word_1_131' title='bbox 196 789 222 819; x_wconf 83' lang='lat'><strong>6.</strong></span> <span class='ocrx_word' id='word_1_132' title='bbox 250 788 444 847; x_wconf 78' lang='lat' dir='ltr'><strong>Quaeritur,</strong></span> <span class='ocrx_word' id='word_1_133' title='bbox 458 791 493 816; x_wconf 76' lang='lat' dir='ltr'><strong>an</strong></span> <span class='ocrx_word' id='word_1_134' title='bbox 515 787 685 834; x_wconf 84' lang='lat' dir='ltr'><strong>continuata·</strong></span> <span class='ocrx_word' id='word_1_135' title='bbox 701 786 904 816; x_wconf 81' lang='lat' dir='ltr'><strong>communione</strong></span> <span class='ocrx_word' id='word_1_136' title='bbox 924 783 1045 823; x_wconf 80' lang='lat' dir='ltr'><strong>uterque</strong></span> <span class='ocrx_word' id='word_1_137' title='bbox 1069 786 1206 826; x_wconf 81' lang='lat' dir='ltr'><strong>satisdare</strong></span> <span class='ocrx_word' id='word_1_138' title='bbox 1224 780 1338 817; x_wconf 83' lang='lat' dir='ltr'><strong>debeat.</strong></span> <span class='ocrx_word' id='word_1_139' title='bbox 1353 774 1400 816; x_wconf 59' lang='lat'><strong>¹.</strong></span> <span class='ocrx_word' id='word_1_140' title='bbox 1438 795 1441 797; x_wconf 88' lang='lat'>·</span> <span class='ocrx_word' id='word_1_141' title='bbox 1472 792 1476 797; x_wconf 96' lang='grc'><strong>’</strong></span> <span class='ocrx_word' id='word_1_142' title='bbox 1495 776 1506 815; x_wconf 58' lang='grc' dir='ltr'><strong>ἶ.</strong></span> <span class='ocrx_word' id='word_1_143' title='bbox 1550 791 1586 822; x_wconf 79' lang='lat'><strong>77</strong></span> 
     </span>
     <span class='ocr_line' id='line_1_13' title="bbox 142 826 1512 879; baseline -0.001 -11.997"><span class='ocrx_word' id='word_1_144' title='bbox 142 841 187 879; x_wconf 90' lang='grc'><strong><em>5.</em></strong></span> <span class='ocrx_word' id='word_1_145' title='bbox 197 844 226 878; x_wconf 91' lang='grc'><strong>7.</strong></span> <span class='ocrx_word' id='word_1_146' title='bbox 269 832 447 878; x_wconf 70' lang='lat' dir='ltr'><strong>Quaeritur,¹</strong></span> <span class='ocrx_word' id='word_1_147' title='bbox 474 831 510 867; x_wconf 76' lang='lat' dir='ltr'><strong>au</strong></span> <span class='ocrx_word' id='word_1_148' title='bbox 537 845 618 867; x_wconf 86' lang='lat' dir='ltr'><strong>uxor</strong></span> <span class='ocrx_word' id='word_1_149' title='bbox 642 841 791 875; x_wconf 81' lang='lat' dir='ltr'><strong>superstes</strong></span> <span class='ocrx_word' id='word_1_150' title='bbox 824 838 996 867; x_wconf 78' lang='lat' dir='ltr'><strong>continuata</strong></span> <span class='ocrx_word' id='word_1_151' title='bbox 1022 832 1231 867; x_wconf 77' lang='lat' dir='ltr'><strong>communione</strong></span> <span class='ocrx_word' id='word_1_152' title='bbox 1258 837 1371 868; x_wconf 85' lang='lat' dir='ltr'><strong>amittat</strong></span> <span class='ocrx_word' id='word_1_153' title='bbox 1402 838 1452 874; x_wconf 85' lang='lat' dir='ltr'><strong>jus</strong></span> <span class='ocrx_word' id='word_1_154' title='bbox 1482 826 1512 865; x_wconf 72' lang='lat' dir='ltr'><strong>i‘n</strong></span> 
     </span>
    </p>

    <p class='ocr_par' dir='ltr' id='par_1_9' title="bbox 58 890 1595 1587">
     <span class='ocr_line' id='line_1_14' title="bbox 216 890 1590 929; baseline -0.003 -9"><span class='ocrx_word' id='word_1_155' title='bbox 216 894 366 929; x_wconf 82' lang='lat' dir='ltr'><strong>posterum</strong></span> <span class='ocrx_word' id='word_1_156' title='bbox 391 891 415 920; x_wconf 90' lang='lat' dir='ltr'><strong>ei</strong></span> <span class='ocrx_word' id='word_1_157' title='bbox 439 890 747 920; x_wconf 76' lang='lat' dir='ltr'><strong>renunciandi..</strong></span> <span class='ocrx_word' id='word_1_158' title='bbox 847 910 859 920; x_wconf 83' lang='lat'><strong>.</strong></span> <span class='ocrx_word' id='word_1_159' title='bbox 955 912 962 919; x_wconf 93' lang='lat'><strong>.</strong></span> <span class='ocrx_word' id='word_1_160' title='bbox 1063 910 1073 918; x_wconf 89' lang='lat'><strong>.</strong></span> <span class='ocrx_word' id='word_1_161' title='bbox 1172 912 1179 919; x_wconf 94' lang='lat'><strong>.</strong></span> <span class='ocrx_word' id='word_1_162' title='bbox 1280 911 1289 920; x_wconf 84' lang='lat'><strong>.</strong></span> <span class='ocrx_word' id='word_1_163' title='bbox 1393 909 1402 917; x_wconf 87' lang='lat'><strong>.</strong></span> <span class='ocrx_word' id='word_1_164' title='bbox 1500 907 1508 917; x_wconf 91' lang='lat'><strong>.</strong></span> <span class='ocrx_word' id='word_1_165' title='bbox 1550 894 1590 925; x_wconf 82' lang='grc'><strong>79</strong></span> 
     </span>
     <span class='ocr_line' id='line_1_15' title="bbox 144 936 1511 1000; baseline -0.004 -28"><span class='ocrx_word' id='word_1_166' title='bbox 144 943 176 981; x_wconf 79' lang='grc'><strong>5,</strong></span> <span class='ocrx_word' id='word_1_167' title='bbox 197 943 226 973; x_wconf 88' lang='lat'><strong>8.</strong></span> <span class='ocrx_word' id='word_1_168' title='bbox 267 942 374 980; x_wconf 81' lang='lat' dir='ltr'><strong>Agitur</strong></span> <span class='ocrx_word' id='word_1_169' title='bbox 391 942 425 972; x_wconf 90' lang='lat' dir='ltr'><strong>de</strong></span> <span class='ocrx_word' id='word_1_170' title='bbox 450 941 596 971; x_wconf 80' lang='lat' dir='ltr'><strong>dissoluta</strong></span> <span class='ocrx_word' id='word_1_171' title='bbox 619 936 845 999; x_wconf 84' lang='lat' dir='ltr'><strong>communione,</strong></span> <span class='ocrx_word' id='word_1_172' title='bbox 871 946 901 970; x_wconf 79' lang='lat' dir='ltr'><strong>et</strong></span> <span class='ocrx_word' id='word_1_173' title='bbox 918 941 1053 979; x_wconf 83' lang='lat' dir='ltr'><strong>cautione</strong></span> <span class='ocrx_word' id='word_1_174' title='bbox 1077 940 1111 1000; x_wconf 81' lang='lat' dir='ltr'><strong>ab</strong></span> <span class='ocrx_word' id='word_1_175' title='bbox 1136 946 1261 989; x_wconf 82' lang='lat' dir='ltr'><strong>utroque</strong></span> <span class='ocrx_word' id='word_1_176' title='bbox 1281 940 1408 977; x_wconf 85' lang='lat' dir='ltr'><strong>conjuge</strong></span> <span class='ocrx_word' id='word_1_177' title='bbox 1431 941 1511 975; x_wconf 78' lang='lat' dir='ltr'><strong>prae·</strong></span> 
     </span>
     <span class='ocr_line' id='line_1_16' title="bbox 140 988 1595 1024; baseline -0.003 0"><span class='ocrx_word' id='word_1_178' title='bbox 140 988 142 990; x_wconf 44' lang='lat'>¹</span> <span class='ocrx_word' id='word_1_179' title='bbox 219 991 332 1024; x_wconf 64' lang='grc' dir='ltr'><strong>εταὴᾱᾱῑ</strong></span> <span class='ocrx_word' id='word_1_180' title='bbox 367 998 370 1001; x_wconf 72' lang='grc'><em>’</em></span> <span class='ocrx_word' id='word_1_181' title='bbox 429 1016 446 1024; x_wconf 42' lang='grc' dir='ltr'><strong>Ρ</strong></span> <span class='ocrx_word' id='word_1_182' title='bbox 536 1009 562 1024; x_wconf 55' lang='grc'><strong>.&gt;</strong></span> <span class='ocrx_word' id='word_1_183' title='bbox 641 1013 657 1023; x_wconf 44' lang='lat' dir='ltr'><strong>s</strong></span> <span class='ocrx_word' id='word_1_184' title='bbox 937 1008 941 1011; x_wconf 48' lang='lat'><strong>⁴</strong></span> <span class='ocrx_word' id='word_1_185' title='bbox 1064 1013 1083 1022; x_wconf 37' lang='lat' dir='ltr'><strong>a</strong></span> <span class='ocrx_word' id='word_1_186' title='bbox 1126 998 1132 1002; x_wconf 67' lang='grc'><strong>“</strong></span> <span class='ocrx_word' id='word_1_187' title='bbox 1175 999 1177 1002; x_wconf 84' lang='grc'><strong>’</strong></span> <span class='ocrx_word' id='word_1_188' title='bbox 1497 1010 1508 1019; x_wconf 84' lang='grc'><strong>.</strong></span> <span class='ocrx_word' id='word_1_189' title='bbox 1561 992 1595 1021; x_wconf 77' lang='lat'><strong>83</strong></span> 
     </span>
     <span class='ocr_line' id='line_1_17' title="bbox 58 1013 1512 1103; baseline -0.005 -27"><span class='ocrx_word' id='word_1_190' title='bbox 58 1032 199 1077; x_wconf 58' lang='grc' dir='ltr'><strong>ζ’λς’ἑειὶι)</strong></span> <span class='ocrx_word' id='word_1_191' title='bbox 218 1045 270 1075; x_wconf 85' lang='lat'><strong>111.</strong></span> <span class='ocrx_word' id='word_1_192' title='bbox 313 1046 358 1074; x_wconf 81' lang='lat' dir='ltr'><strong>De</strong></span> <span class='ocrx_word' id='word_1_193' title='bbox 383 1047 483 1075; x_wconf 69' lang='lat' dir='ltr'><strong>natura</strong></span> <span class='ocrx_word' id='word_1_194' title='bbox 511 1044 709 1092; x_wconf 68' lang='lat' dir='ltr'><strong>possessionis</strong></span> <span class='ocrx_word' id='word_1_195' title='bbox 734 1044 921 1095; x_wconf 80' lang='lat' dir='ltr'><strong>fiduciariae,</strong></span> <span class='ocrx_word' id='word_1_196' title='bbox 947 1042 992 1082; x_wconf 80' lang='lat' dir='ltr'><strong>uti</strong></span> <span class='ocrx_word' id='word_1_197' title='bbox 1010 1047 1046 1072; x_wconf 87' lang='lat' dir='ltr'><strong>et</strong></span> <span class='ocrx_word' id='word_1_198' title='bbox 1079 1042 1115 1072; x_wconf 83' lang='lat' dir='ltr'><strong>de</strong></span> <span class='ocrx_word' id='word_1_199' title='bbox 1141 1013 1261 1103; x_wconf 73' lang='lat' dir='ltr'><strong>juribus</strong></span> <span class='ocrx_word' id='word_1_200' title='bbox 1286 1046 1373 1082; x_wconf 81' lang='lat' dir='ltr'><strong>atque</strong></span> <span class='ocrx_word' id='word_1_201' title='bbox 1404 1041 1512 1082; x_wconf 83' lang='lat' dir='ltr'><strong>obiiga-</strong></span> 
     </span>
     <span class='ocr_line' id='line_1_18' title="bbox 171 1084 1588 1140; baseline -0.002 -15.985"><span class='ocrx_word' id='word_1_202' title='bbox 171 1084 321 1140; x_wconf 83' lang='lat' dir='ltr'><strong>tionibus</strong></span> <span class='ocrx_word' id='word_1_203' title='bbox 333 1088 398 1125; x_wconf 79' lang='lat' dir='ltr'><strong>iride</strong></span> <span class='ocrx_word' id='word_1_204' title='bbox 422 1094 567 1125; x_wconf 83' lang='lat' dir='ltr'><strong>oriundis</strong></span> <span class='ocrx_word' id='word_1_205' title='bbox 639 1108 649 1124; x_wconf 87' lang='lat'><strong>·.</strong></span> <span class='ocrx_word' id='word_1_206' title='bbox 741 1099 754 1125; x_wconf 72' lang='grc'><strong>“.</strong></span> <span class='ocrx_word' id='word_1_207' title='bbox 960 1116 972 1125; x_wconf 88' lang='grc'><strong>.</strong></span> <span class='ocrx_word' id='word_1_208' title='bbox 1069 1103 1085 1122; x_wconf 55' lang='grc' dir='ltr'><em>ι</em></span> <span class='ocrx_word' id='word_1_209' title='bbox 1175 1113 1191 1124; x_wconf 87' lang='grc'><strong>.</strong></span> <span class='ocrx_word' id='word_1_210' title='bbox 1284 1112 1294 1122; x_wconf 89' lang='grc'><strong>.</strong></span> <span class='ocrx_word' id='word_1_211' title='bbox 1383 1102 1402 1123; x_wconf 76' lang='lat'><strong>·.</strong></span> <span class='ocrx_word' id='word_1_212' title='bbox 1419 1100 1423 1103; x_wconf 86' lang='grc'><strong>’</strong></span> <span class='ocrx_word' id='word_1_213' title='bbox 1485 1108 1508 1121; x_wconf 56' lang='lat' dir='ltr'><em>n</em></span> <span class='ocrx_word' id='word_1_214' title='bbox 1551 1093 1588 1131; x_wconf 77' lang='lat'><strong>83</strong></span> 
     </span>
     <span class='ocr_line' id='line_1_19' title="bbox 138 1141 1498 1186; baseline -0.003 -9.991"><span class='ocrx_word' id='word_1_215' title='bbox 138 1143 428 1186; x_wconf 77' lang='lat' dir='ltr'><strong>§.1.D0cetur,</strong></span> <span class='ocrx_word' id='word_1_216' title='bbox 450 1154 510 1183; x_wconf 83' lang='lat' dir='ltr'><strong>quo</strong></span> <span class='ocrx_word' id='word_1_217' title='bbox 529 1146 733 1183; x_wconf 81' lang='lat' dir='ltr'><strong>potissimum</strong></span> <span class='ocrx_word' id='word_1_218' title='bbox 769 1145 901 1175; x_wconf 74' lang='lat' dir='ltr'><strong>consitio</strong></span> <span class='ocrx_word' id='word_1_219' title='bbox 930 1142 1146 1182; x_wconf 81' lang='lat' dir='ltr'><strong>&#39;possessionem</strong></span> <span class='ocrx_word' id='word_1_220' title='bbox 1183 1144 1327 1173; x_wconf 80' lang='lat' dir='ltr'><strong>bonorum</strong></span> <span class='ocrx_word' id='word_1_221' title='bbox 1355 1141 1498 1173; x_wconf 62' lang='lat' dir='ltr'><strong>Absenti,</strong></span> 
     </span>
     <span class='ocr_line' id='line_1_20' title="bbox 138 1194 1585 1233; baseline -0.003 -6"><span class='ocrx_word' id='word_1_222' title='bbox 138 1194 145 1198; x_wconf 61' lang='grc'><strong>’</strong></span> <span class='ocrx_word' id='word_1_223' title='bbox 215 1194 278 1227; x_wconf 73' lang='lat' dir='ltr'><strong>ains</strong></span> <span class='ocrx_word' id='word_1_224' title='bbox 301 1197 468 1233; x_wconf 82' lang='lat' dir='ltr'><strong>periniserit</strong></span> <span class='ocrx_word' id='word_1_225' title='bbox 487 1197 646 1233; x_wconf 76' lang='lat' dir='ltr'><strong>legislator.</strong></span> <span class='ocrx_word' id='word_1_226' title='bbox 680 1205 685 1208; x_wconf 89' lang='lat'>·</span> <span class='ocrx_word' id='word_1_227' title='bbox 736 1217 750 1227; x_wconf 69' lang='grc'><strong>.</strong></span> <span class='ocrx_word' id='word_1_228' title='bbox 844 1213 855 1227; x_wconf 65' lang='lat'><strong><em>⁶</em></strong></span> <span class='ocrx_word' id='word_1_229' title='bbox 953 1216 962 1225; x_wconf 88' lang='lat'><strong>.</strong></span> <span class='ocrx_word' id='word_1_230' title='bbox 1059 1205 1085 1226; x_wconf 82' lang='lat'><strong>.·</strong></span> <span class='ocrx_word' id='word_1_231' title='bbox 1168 1213 1179 1224; x_wconf 85' lang='grc'><strong>.</strong></span> <span class='ocrx_word' id='word_1_232' title='bbox 1233 1211 1240 1215; x_wconf 87' lang='grc'><strong>-</strong></span> <span class='ocrx_word' id='word_1_233' title='bbox 1277 1213 1287 1223; x_wconf 82' lang='grc'><strong>.</strong></span> <span class='ocrx_word' id='word_1_234' title='bbox 1385 1203 1417 1224; x_wconf 64' lang='lat'><strong>0*</strong></span> <span class='ocrx_word' id='word_1_235' title='bbox 1498 1213 1507 1223; x_wconf 91' lang='lat'><strong>.</strong></span> <span class='ocrx_word' id='word_1_236' title='bbox 1544 1206 1585 1218; x_wconf 72' lang='grc' dir='ltr'><strong>-α</strong></span> 
     </span>
     <span class='ocr_line' id='line_1_21' title="bbox 143 1245 1582 1286; baseline -0.003 -7"><span class='ocrx_word' id='word_1_237' title='bbox 143 1249 174 1286; x_wconf 77' lang='grc'><strong>5.</strong></span> <span class='ocrx_word' id='word_1_238' title='bbox 199 1258 226 1278; x_wconf 75' lang='lat'><strong>2.</strong></span> <span class='ocrx_word' id='word_1_239' title='bbox 266 1249 311 1276; x_wconf 93' lang='lat' dir='ltr'><strong>De</strong></span> <span class='ocrx_word' id='word_1_240' title='bbox 335 1255 435 1277; x_wconf 86' lang='lat' dir='ltr'><strong>natura</strong></span> <span class='ocrx_word' id='word_1_241' title='bbox 461 1248 657 1284; x_wconf 81' lang='lat' dir='ltr'><strong>possessionis</strong></span> <span class='ocrx_word' id='word_1_242' title='bbox 678 1247 839 1277; x_wconf 84' lang='lat' dir='ltr'><strong>fiduciariae</strong></span> <span class='ocrx_word' id='word_1_243' title='bbox 858 1247 1012 1277; x_wconf 86' lang='lat' dir='ltr'><strong>heredibus</strong></span> <span class='ocrx_word' id='word_1_244' title='bbox 1039 1245 1200 1281; x_wconf 84' lang='lat' dir='ltr'><strong>ceterisque</strong></span> <span class='ocrx_word' id='word_1_245' title='bbox 1223 1252 1388 1274; x_wconf 85' lang='lat' dir='ltr'><strong>concessae.</strong></span> <span class='ocrx_word' id='word_1_246' title='bbox 1495 1266 1503 1275; x_wconf 91' lang='lat'><strong>.</strong></span> <span class='ocrx_word' id='word_1_247' title='bbox 1544 1245 1582 1282; x_wconf 76' lang='lat'><strong>84</strong></span> 
     </span>
     <span class='ocr_line' id='line_1_22' title="bbox 143 1295 1506 1337; baseline -0.004 -8"><span class='ocrx_word' id='word_1_248' title='bbox 143 1301 175 1337; x_wconf 75' lang='grc'><strong>5.</strong></span> <span class='ocrx_word' id='word_1_249' title='bbox 195 1308 224 1336; x_wconf 84' lang='lat'><strong>3.</strong></span> <span class='ocrx_word' id='word_1_250' title='bbox 263 1298 307 1326; x_wconf 90' lang='lat' dir='ltr'><strong>De</strong></span> <span class='ocrx_word' id='word_1_251' title='bbox 327 1298 382 1334; x_wconf 88' lang='lat' dir='ltr'><strong>iis,</strong></span> <span class='ocrx_word' id='word_1_252' title='bbox 404 1306 492 1334; x_wconf 86' lang='lat' dir='ltr'><strong>quae,</strong></span> <span class='ocrx_word' id='word_1_253' title='bbox 522 1299 672 1334; x_wconf 80' lang='lat' dir='ltr'><strong>impetrata</strong></span> <span class='ocrx_word' id='word_1_254' title='bbox 694 1299 747 1328; x_wconf 89' lang='lat' dir='ltr'><strong>hac</strong></span> <span class='ocrx_word' id='word_1_255' title='bbox 765 1298 967 1335; x_wconf 85' lang='lat' dir='ltr'><strong>possessione,</strong></span> <span class='ocrx_word' id='word_1_256' title='bbox 989 1297 1025 1326; x_wconf 90' lang='lat' dir='ltr'><strong>ab</strong></span> <span class='ocrx_word' id='word_1_257' title='bbox 1047 1296 1330 1326; x_wconf 87' lang='lat' dir='ltr'><strong>administratoribus</strong></span> <span class='ocrx_word' id='word_1_258' title='bbox 1351 1295 1506 1332; x_wconf 80' lang='lat' dir='ltr'><strong>exiguntur</strong></span> 
     </span>
     <span class='ocr_line' id='line_1_23' title="bbox 219 1344 1585 1380; baseline -0.001 -2"><span class='ocrx_word' id='word_1_259' title='bbox 219 1349 249 1378; x_wconf 87' lang='lat' dir='ltr'><strong>in</strong></span> <span class='ocrx_word' id='word_1_260' title='bbox 270 1350 447 1377; x_wconf 82' lang='lat' dir='ltr'><strong>securitatem</strong></span> <span class='ocrx_word' id='word_1_261' title='bbox 471 1349 622 1379; x_wconf 89' lang='lat' dir='ltr'><strong>Absentis.</strong></span> <span class='ocrx_word' id='word_1_262' title='bbox 746 1369 762 1380; x_wconf 41' lang='lat'><strong>‚.</strong></span> <span class='ocrx_word' id='word_1_263' title='bbox 856 1372 863 1380; x_wconf 94' lang='lat'><strong>.</strong></span> <span class='ocrx_word' id='word_1_264' title='bbox 959 1368 970 1378; x_wconf 83' lang='lat'><em>-</em></span> <span class='ocrx_word' id='word_1_265' title='bbox 1066 1368 1078 1377; x_wconf 89' lang='lat'><strong>.</strong></span> <span class='ocrx_word' id='word_1_266' title='bbox 1174 1365 1186 1376; x_wconf 68' lang='lat'>0</span> <span class='ocrx_word' id='word_1_267' title='bbox 1280 1366 1290 1376; x_wconf 88' lang='grc'><strong>.</strong></span> <span class='ocrx_word' id='word_1_268' title='bbox 1389 1366 1399 1376; x_wconf 85' lang='grc'><strong>.</strong></span> <span class='ocrx_word' id='word_1_269' title='bbox 1499 1370 1506 1377; x_wconf 96' lang='grc'><strong>.</strong></span> <span class='ocrx_word' id='word_1_270' title='bbox 1548 1344 1585 1378; x_wconf 83' lang='grc'><strong>86</strong></span> 
     </span>
     <span class='ocr_line' id='line_1_24' title="bbox 58 1389 1508 1438; baseline -0.003 -8"><span class='ocrx_word' id='word_1_271' title='bbox 58 1389 72 1400; x_wconf 56' lang='lat'><strong>⁸</strong></span> <span class='ocrx_word' id='word_1_272' title='bbox 138 1401 166 1438; x_wconf 81' lang='grc'><strong>5.</strong></span> <span class='ocrx_word' id='word_1_273' title='bbox 187 1409 220 1438; x_wconf 87' lang='grc'><strong>4.</strong></span> <span class='ocrx_word' id='word_1_274' title='bbox 257 1398 302 1429; x_wconf 93' lang='lat' dir='ltr'><strong>De</strong></span> <span class='ocrx_word' id='word_1_275' title='bbox 325 1400 384 1437; x_wconf 80' lang='lat' dir='ltr'><strong>iis,</strong></span> <span class='ocrx_word' id='word_1_276' title='bbox 408 1408 480 1436; x_wconf 88' lang='lat' dir='ltr'><strong>quae</strong></span> <span class='ocrx_word' id='word_1_277' title='bbox 499 1399 558 1436; x_wconf 85' lang='lat' dir='ltr'><strong>ipsi</strong></span> <span class='ocrx_word' id='word_1_278' title='bbox 583 1408 768 1437; x_wconf 85' lang='lat' dir='ltr'><strong>possessores</strong></span> <span class='ocrx_word' id='word_1_279' title='bbox 795 1399 826 1430; x_wconf 84' lang='lat' dir='ltr'><strong>in</strong></span> <span class='ocrx_word' id='word_1_280' title='bbox 857 1398 1037 1428; x_wconf 87' lang='lat' dir='ltr'><strong>securitatem</strong></span> <span class='ocrx_word' id='word_1_281' title='bbox 1067 1396 1326 1427; x_wconf 84' lang='lat' dir='ltr'><strong>administrationis</strong></span> <span class='ocrx_word' id='word_1_282' title='bbox 1367 1397 1508 1433; x_wconf 87' lang='lat' dir='ltr'><strong>requirere</strong></span> 
     </span>
     <span class='ocr_line' id='line_1_25' title="bbox 217 1449 1582 1487; baseline -0.001 -9"><span class='ocrx_word' id='word_1_283' title='bbox 217 1457 352 1487; x_wconf 87' lang='lat' dir='ltr'><strong>possunt.</strong></span> <span class='ocrx_word' id='word_1_284' title='bbox 411 1470 421 1479; x_wconf 85' lang='lat'><strong>.</strong></span> <span class='ocrx_word' id='word_1_285' title='bbox 516 1471 527 1481; x_wconf 87' lang='lat'><strong>.</strong></span> <span class='ocrx_word' id='word_1_286' title='bbox 627 1471 634 1480; x_wconf 88' lang='lat'><strong>.</strong></span> <span class='ocrx_word' id='word_1_287' title='bbox 734 1474 741 1481; x_wconf 96' lang='lat'><strong>.</strong></span> <span class='ocrx_word' id='word_1_288' title='bbox 841 1471 849 1480; x_wconf 92' lang='lat'><strong>.</strong></span> <span class='ocrx_word' id='word_1_289' title='bbox 950 1469 960 1478; x_wconf 91' lang='lat'><strong>.</strong></span> <span class='ocrx_word' id='word_1_290' title='bbox 1060 1467 1071 1478; x_wconf 85' lang='grc'><strong>.</strong></span> <span class='ocrx_word' id='word_1_291' title='bbox 1169 1468 1178 1477; x_wconf 89' lang='grc'><strong>.</strong></span> <span class='ocrx_word' id='word_1_292' title='bbox 1276 1468 1286 1478; x_wconf 88' lang='grc'><strong>.</strong></span> <span class='ocrx_word' id='word_1_293' title='bbox 1383 1467 1393 1477; x_wconf 87' lang='grc'><strong>.</strong></span> <span class='ocrx_word' id='word_1_294' title='bbox 1492 1466 1503 1477; x_wconf 83' lang='grc'><strong>.</strong></span> <span class='ocrx_word' id='word_1_295' title='bbox 1544 1449 1582 1485; x_wconf 85' lang='lat'><strong>89</strong></span> 
     </span>
     <span class='ocr_line' id='line_1_26' title="bbox 142 1498 1500 1539; baseline -0.001 -11"><span class='ocrx_word' id='word_1_296' title='bbox 142 1502 171 1539; x_wconf 81' lang='grc'><strong>5.</strong></span> <span class='ocrx_word' id='word_1_297' title='bbox 194 1510 224 1538; x_wconf 95' lang='grc'><strong>5.</strong></span> <span class='ocrx_word' id='word_1_298' title='bbox 265 1500 310 1529; x_wconf 92' lang='lat' dir='ltr'><strong>De</strong></span> <span class='ocrx_word' id='word_1_299' title='bbox 337 1500 482 1536; x_wconf 86' lang='lat' dir='ltr'><strong>prohibita</strong></span> <span class='ocrx_word' id='word_1_300' title='bbox 513 1501 704 1530; x_wconf 88' lang='lat' dir='ltr'><strong>immobilium</strong></span> <span class='ocrx_word' id='word_1_301' title='bbox 738 1501 908 1530; x_wconf 87' lang='lat' dir='ltr'><strong>alienatione</strong></span> <span class='ocrx_word' id='word_1_302' title='bbox 940 1508 974 1528; x_wconf 83' lang='lat' dir='ltr'><strong>ex</strong></span> <span class='ocrx_word' id='word_1_303' title='bbox 1002 1505 1065 1528; x_wconf 83' lang='lat' dir='ltr'><strong>art.</strong></span> <span class='ocrx_word' id='word_1_304' title='bbox 1091 1501 1155 1530; x_wconf 85' lang='lat'><strong>128.</strong></span> <span class='ocrx_word' id='word_1_305' title='bbox 1185 1504 1213 1527; x_wconf 91' lang='lat' dir='ltr'><strong>et</strong></span> <span class='ocrx_word' id='word_1_306' title='bbox 1243 1499 1277 1528; x_wconf 91' lang='lat' dir='ltr'><strong>de</strong></span> <span class='ocrx_word' id='word_1_307' title='bbox 1299 1498 1443 1535; x_wconf 86' lang='lat' dir='ltr'><strong>impensis</strong></span> <span class='ocrx_word' id='word_1_308' title='bbox 1465 1499 1500 1527; x_wconf 88' lang='lat' dir='ltr'><strong>ab</strong></span> 
     </span>
     <span class='ocr_line' id='line_1_27' title="bbox 215 1550 1585 1587; baseline -0.001 -7"><span class='ocrx_word' id='word_1_309' title='bbox 215 1550 445 1580; x_wconf 85' lang='lat' dir='ltr'><strong>administratore</strong></span> <span class='ocrx_word' id='word_1_310' title='bbox 468 1550 753 1582; x_wconf 84' lang='lat' dir='ltr'><strong>faciendis..</strong></span> <span class='ocrx_word' id='word_1_311' title='bbox 959 1569 969 1578; x_wconf 92' lang='lat'><strong>.</strong></span> <span class='ocrx_word' id='word_1_312' title='bbox 1067 1570 1076 1579; x_wconf 85' lang='lat'><strong>.</strong></span> <span class='ocrx_word' id='word_1_313' title='bbox 1175 1567 1188 1579; x_wconf 83' lang='grc'><strong>.</strong></span> <span class='ocrx_word' id='word_1_314' title='bbox 1282 1567 1294 1578; x_wconf 80' lang='grc'><strong>.</strong></span> <span class='ocrx_word' id='word_1_315' title='bbox 1389 1569 1399 1578; x_wconf 89' lang='grc'><strong>.</strong></span> <span class='ocrx_word' id='word_1_316' title='bbox 1496 1568 1505 1578; x_wconf 92' lang='grc'><strong>.</strong></span> <span class='ocrx_word' id='word_1_317' title='bbox 1545 1557 1585 1587; x_wconf 86' lang='lat'><strong>90</strong></span> 
     </span>
    </p>
   </div>
   <div class='ocr_carea' id='block_1_6' title="bbox 139 1601 1577 1692">
    <p class='ocr_par' dir='ltr' id='par_1_10' title="bbox 139 1601 1577 1692">
     <span class='ocr_line' id='line_1_28' title="bbox 141 1601 1577 1640; baseline -0.002 -9"><span class='ocrx_word' id='word_1_318' title='bbox 141 1604 172 1640; x_wconf 97' lang='grc'><strong>5.</strong></span> <span class='ocrx_word' id='word_1_319' title='bbox 192 1603 221 1633; x_wconf 89' lang='grc'><strong>6.</strong></span> <span class='ocrx_word' id='word_1_320' title='bbox 263 1602 306 1631; x_wconf 83' lang='lat' dir='ltr'><strong>De</strong></span> <span class='ocrx_word' id='word_1_321' title='bbox 328 1601 471 1630; x_wconf 85' lang='lat' dir='ltr'><strong>fructibus</strong></span> <span class='ocrx_word' id='word_1_322' title='bbox 493 1601 716 1630; x_wconf 88' lang='lat' dir='ltr'><strong>administratori</strong></span> <span class='ocrx_word' id='word_1_323' title='bbox 724 1601 903 1632; x_wconf 50' lang='lat' dir='ltr'><strong>wandalis.</strong></span> <span class='ocrx_word' id='word_1_324' title='bbox 952 1621 960 1628; x_wconf 90' lang='lat'><strong>.</strong></span> <span class='ocrx_word' id='word_1_325' title='bbox 1061 1619 1070 1628; x_wconf 91' lang='lat'><strong>.</strong></span> <span class='ocrx_word' id='word_1_326' title='bbox 1168 1620 1177 1630; x_wconf 91' lang='lat'><strong>.</strong></span> <span class='ocrx_word' id='word_1_327' title='bbox 1279 1618 1287 1628; x_wconf 88' lang='lat'><strong>.</strong></span> <span class='ocrx_word' id='word_1_328' title='bbox 1387 1621 1394 1628; x_wconf 90' lang='lat'><strong>.</strong></span> <span class='ocrx_word' id='word_1_329' title='bbox 1494 1619 1503 1629; x_wconf 89' lang='lat'><strong>.</strong></span> <span class='ocrx_word' id='word_1_330' title='bbox 1541 1608 1577 1636; x_wconf 85' lang='lat'><strong>91</strong></span> 
     </span>
     <span class='ocr_line' id='line_1_29' title="bbox 139 1648 1498 1692; baseline -0.004 -10"><span class='ocrx_word' id='word_1_331' title='bbox 139 1655 172 1692; x_wconf 90' lang='grc'><strong>5.</strong></span> <span class='ocrx_word' id='word_1_332' title='bbox 195 1663 224 1691; x_wconf 89' lang='grc'><strong>7.</strong></span> <span class='ocrx_word' id='word_1_333' title='bbox 265 1654 415 1687; x_wconf 83' lang='lat' dir='ltr'><strong>Docetur,</strong></span> <span class='ocrx_word' id='word_1_334' title='bbox 445 1653 592 1688; x_wconf 89' lang='lat' dir='ltr'><strong>quomodo</strong></span> <span class='ocrx_word' id='word_1_335' title='bbox 617 1652 685 1681; x_wconf 89' lang='lat' dir='ltr'><strong>haec</strong></span> <span class='ocrx_word' id='word_1_336' title='bbox 711 1651 854 1680; x_wconf 85' lang='lat' dir='ltr'><strong>bonorum</strong></span> <span class='ocrx_word' id='word_1_337' title='bbox 876 1650 1049 1687; x_wconf 86' lang='lat' dir='ltr'><strong>possessio,</strong></span> <span class='ocrx_word' id='word_1_338' title='bbox 1080 1656 1108 1679; x_wconf 85' lang='lat' dir='ltr'><strong>et</strong></span> <span class='ocrx_word' id='word_1_339' title='bbox 1134 1649 1343 1678; x_wconf 86' lang='lat' dir='ltr'><strong>administratio</strong></span> <span class='ocrx_word' id='word_1_340' title='bbox 1365 1648 1498 1685; x_wconf 88' lang='lat' dir='ltr'><strong>finiatur,</strong></span> 
     </span>
    </p>
   </div>
   <div class='ocr_carea' id='block_1_7' title="bbox 102 1703 1583 1995">
    <p class='ocr_par' dir='ltr' id='par_1_11' title="bbox 102 1703 1583 1995">
     <span class='ocr_line' id='line_1_30' title="bbox 216 1703 1582 1740; baseline -0.001 -8"><span class='ocrx_word' id='word_1_341' title='bbox 216 1704 343 1733; x_wconf 82' lang='lat' dir='ltr'><strong>nondum</strong></span> <span class='ocrx_word' id='word_1_342' title='bbox 369 1703 449 1732; x_wconf 85' lang='lat' dir='ltr'><strong>finita</strong></span> <span class='ocrx_word' id='word_1_343' title='bbox 472 1703 523 1731; x_wconf 83' lang='lat' dir='ltr'><strong>hac</strong></span> <span class='ocrx_word' id='word_1_344' title='bbox 543 1703 700 1731; x_wconf 83' lang='lat' dir='ltr'><strong>Absentiae</strong></span> <span class='ocrx_word' id='word_1_345' title='bbox 721 1703 847 1738; x_wconf 85' lang='lat' dir='ltr'><strong>periodo.</strong></span> <span class='ocrx_word' id='word_1_346' title='bbox 975 1722 987 1731; x_wconf 83' lang='lat'><strong>.</strong></span> <span class='ocrx_word' id='word_1_347' title='bbox 1081 1720 1094 1730; x_wconf 81' lang='grc'><strong>.</strong></span> <span class='ocrx_word' id='word_1_348' title='bbox 1189 1721 1197 1729; x_wconf 97' lang='grc'><strong>.</strong></span> <span class='ocrx_word' id='word_1_349' title='bbox 1278 1720 1286 1728; x_wconf 97' lang='grc'><strong>.</strong></span> <span class='ocrx_word' id='word_1_350' title='bbox 1385 1719 1395 1729; x_wconf 88' lang='grc'><strong>.</strong></span> <span class='ocrx_word' id='word_1_351' title='bbox 1494 1721 1503 1730; x_wconf 92' lang='grc'><strong>.</strong></span> <span class='ocrx_word' id='word_1_352' title='bbox 1542 1709 1582 1740; x_wconf 85' lang='lat'><strong>95·</strong></span> 
     </span>
     <span class='ocr_line' id='line_1_31' title="bbox 141 1750 1495 1791; baseline -0.004 -6"><span class='ocrx_word' id='word_1_353' title='bbox 141 1755 172 1791; x_wconf 76' lang='lat'><strong>§-</strong></span> <span class='ocrx_word' id='word_1_354' title='bbox 194 1755 222 1784; x_wconf 93' lang='lat'><strong>8.</strong></span> <span class='ocrx_word' id='word_1_355' title='bbox 263 1754 420 1791; x_wconf 75' lang='lat' dir='ltr'><strong>Quomodo</strong></span> <span class='ocrx_word' id='word_1_356' title='bbox 442 1753 686 1782; x_wconf 87' lang='lat' dir='ltr'><strong>administratores</strong></span> <span class='ocrx_word' id='word_1_357' title='bbox 711 1760 774 1782; x_wconf 90' lang='lat' dir='ltr'><strong>tum</strong></span> <span class='ocrx_word' id='word_1_358' title='bbox 797 1754 828 1783; x_wconf 89' lang='lat' dir='ltr'><strong>in</strong></span> <span class='ocrx_word' id='word_1_359' title='bbox 852 1752 1050 1788; x_wconf 88' lang='lat' dir='ltr'><strong>defendendo,</strong></span> <span class='ocrx_word' id='word_1_360' title='bbox 1079 1758 1141 1781; x_wconf 88' lang='lat' dir='ltr'><strong>tum</strong></span> <span class='ocrx_word' id='word_1_361' title='bbox 1166 1751 1199 1781; x_wconf 88' lang='lat' dir='ltr'><strong>in</strong></span> <span class='ocrx_word' id='word_1_362' title='bbox 1222 1750 1331 1788; x_wconf 85' lang='lat' dir='ltr'><strong>agendo</strong></span> <span class='ocrx_word' id='word_1_363' title='bbox 1354 1750 1495 1780; x_wconf 83' lang='lat' dir='ltr'><strong>Absentis</strong></span> 
     </span>
     <span class='ocr_line' id='line_1_32' title="bbox 217 1810 1583 1841; baseline -0.002 -8"><span class='ocrx_word' id='word_1_364' title='bbox 217 1813 366 1841; x_wconf 80' lang='lat' dir='ltr'><strong>personam</strong></span> <span class='ocrx_word' id='word_1_365' title='bbox 391 1810 499 1841; x_wconf 87' lang='lat' dir='ltr'><strong>gerant.</strong></span> <span class='ocrx_word' id='word_1_366' title='bbox 630 1826 637 1833; x_wconf 89' lang='lat'><strong>.</strong></span> <span class='ocrx_word' id='word_1_367' title='bbox 737 1823 746 1833; x_wconf 89' lang='lat'><strong>.</strong></span> <span class='ocrx_word' id='word_1_368' title='bbox 845 1822 856 1833; x_wconf 85' lang='grc'><strong>.</strong></span> <span class='ocrx_word' id='word_1_369' title='bbox 953 1823 965 1833; x_wconf 85' lang='lat'><strong>.</strong></span> <span class='ocrx_word' id='word_1_370' title='bbox 1060 1824 1072 1835; x_wconf 80' lang='grc'><strong>.</strong></span> <span class='ocrx_word' id='word_1_371' title='bbox 1167 1822 1176 1833; x_wconf 87' lang='grc'><strong>.</strong></span> <span class='ocrx_word' id='word_1_372' title='bbox 1279 1822 1291 1830; x_wconf 80' lang='lat'><strong>.-</strong></span> <span class='ocrx_word' id='word_1_373' title='bbox 1385 1822 1394 1831; x_wconf 90' lang='lat'><strong>.</strong></span> <span class='ocrx_word' id='word_1_374' title='bbox 1494 1822 1503 1831; x_wconf 91' lang='lat'><strong>.</strong></span> <span class='ocrx_word' id='word_1_375' title='bbox 1542 1810 1583 1841; x_wconf 86' lang='lat'><strong>97</strong></span> 
     </span>
     <span class='ocr_line' id='line_1_33' title="bbox 102 1853 1578 1887; baseline -0.001 -2"><span class='ocrx_word' id='word_1_376' title='bbox 102 1856 194 1887; x_wconf 74' lang='lat' dir='ltr'><strong>sectio</strong></span> <span class='ocrx_word' id='word_1_377' title='bbox 214 1855 267 1884; x_wconf 94' lang='lat' dir='ltr'><strong>lV.</strong></span> <span class='ocrx_word' id='word_1_378' title='bbox 308 1856 350 1884; x_wconf 88' lang='lat' dir='ltr'><strong>De</strong></span> <span class='ocrx_word' id='word_1_379' title='bbox 373 1854 522 1884; x_wconf 84' lang='lat' dir='ltr'><strong>effectibus</strong></span> <span class='ocrx_word' id='word_1_380' title='bbox 545 1854 698 1883; x_wconf 84' lang='lat' dir='ltr'><strong>Absentiae</strong></span> <span class='ocrx_word' id='word_1_381' title='bbox 720 1855 748 1883; x_wconf 93' lang='lat' dir='ltr'><strong>in</strong></span> <span class='ocrx_word' id='word_1_382' title='bbox 774 1853 999 1883; x_wconf 87' lang='lat' dir='ltr'><strong>matrimonium.</strong></span> <span class='ocrx_word' id='word_1_383' title='bbox 1055 1875 1064 1883; x_wconf 88' lang='lat'><strong>.</strong></span> <span class='ocrx_word' id='word_1_384' title='bbox 1162 1872 1171 1881; x_wconf 86' lang='lat'><strong>.</strong></span> <span class='ocrx_word' id='word_1_385' title='bbox 1270 1873 1278 1882; x_wconf 86' lang='lat'><strong>.</strong></span> <span class='ocrx_word' id='word_1_386' title='bbox 1377 1870 1387 1880; x_wconf 82' lang='grc'><strong>.</strong></span> <span class='ocrx_word' id='word_1_387' title='bbox 1487 1871 1498 1882; x_wconf 88' lang='grc'><strong>.</strong></span> <span class='ocrx_word' id='word_1_388' title='bbox 1523 1861 1578 1883; x_wconf 85' lang='lat'><strong>100</strong></span> 
     </span>
     <span class='ocr_line' id='line_1_34' title="bbox 141 1901 1503 1944; baseline -0.004 -8"><span class='ocrx_word' id='word_1_389' title='bbox 141 1908 171 1944; x_wconf 84' lang='grc'><strong>5.</strong></span> <span class='ocrx_word' id='word_1_390' title='bbox 196 1916 221 1937; x_wconf 83' lang='grc' dir='ltr'><strong>ι.</strong></span> <span class='ocrx_word' id='word_1_391' title='bbox 263 1906 410 1941; x_wconf 66' lang='lat' dir='ltr'><strong>nocetur,</strong></span> <span class='ocrx_word' id='word_1_392' title='bbox 433 1905 605 1935; x_wconf 80' lang='lat' dir='ltr'><strong>matrimonii</strong></span> <span class='ocrx_word' id='word_1_393' title='bbox 631 1906 768 1942; x_wconf 86' lang='lat' dir='ltr'><strong>vincula,</strong></span> <span class='ocrx_word' id='word_1_394' title='bbox 799 1905 928 1937; x_wconf 84' lang='lat' dir='ltr'><strong>Absente</strong></span> <span class='ocrx_word' id='word_1_395' title='bbox 951 1905 1089 1934; x_wconf 89' lang='lat' dir='ltr'><strong>alterutro</strong></span> <span class='ocrx_word' id='word_1_396' title='bbox 1114 1903 1258 1940; x_wconf 84' lang='lat' dir='ltr'><strong>conjuge,</strong></span> <span class='ocrx_word' id='word_1_397' title='bbox 1279 1910 1338 1932; x_wconf 91' lang='lat' dir='ltr'><strong>non</strong></span> <span class='ocrx_word' id='word_1_398' title='bbox 1359 1901 1503 1939; x_wconf 83' lang='lat' dir='ltr'><strong>dissolvi,</strong></span> 
     </span>
     <span class='ocr_line' id='line_1_35' title="bbox 211 1957 1582 1995; baseline -0.002 -8"><span class='ocrx_word' id='word_1_399' title='bbox 211 1958 339 1995; x_wconf 83' lang='lat' dir='ltr'><strong>adeoque</strong></span> <span class='ocrx_word' id='word_1_400' title='bbox 362 1966 452 1988; x_wconf 84' lang='lat' dir='ltr'><strong>novas</strong></span> <span class='ocrx_word' id='word_1_401' title='bbox 474 1957 590 1995; x_wconf 79' lang='lat' dir='ltr'><strong>nuptias</strong></span> <span class='ocrx_word' id='word_1_402' title='bbox 611 1964 673 1987; x_wconf 83' lang='lat' dir='ltr'><strong>esse</strong></span> <span class='ocrx_word' id='word_1_403' title='bbox 694 1957 823 1988; x_wconf 82' lang='lat' dir='ltr'><strong>illicitas.</strong></span> <span class='ocrx_word' id='word_1_404' title='bbox 959 1978 969 1987; x_wconf 91' lang='lat'><strong>.</strong></span> <span class='ocrx_word' id='word_1_405' title='bbox 1065 1975 1074 1985; x_wconf 89' lang='lat'><strong>.</strong></span> <span class='ocrx_word' id='word_1_406' title='bbox 1171 1971 1183 1984; x_wconf 76' lang='lat'><em>·</em></span> <span class='ocrx_word' id='word_1_407' title='bbox 1278 1971 1289 1983; x_wconf 87' lang='grc'><strong>.</strong></span> <span class='ocrx_word' id='word_1_408' title='bbox 1386 1971 1396 1982; x_wconf 81' lang='grc'><strong>.</strong></span> <span class='ocrx_word' id='word_1_409' title='bbox 1492 1975 1500 1984; x_wconf 95' lang='grc'><strong>.</strong></span> <span class='ocrx_word' id='word_1_410' title='bbox 1522 1968 1582 1980; x_wconf 84' lang='lat'><strong>-·</strong></span> 
     </span>
    </p>
   </div>
   <div class='ocr_carea' id='block_1_8' title="bbox 1500 2005 1579 2043">
    <p class='ocr_par' dir='ltr' id='par_1_12' title="bbox 1500 2005 1579 2043">
     <span class='ocr_line' id='line_1_36' title="bbox 1500 2005 1579 2043; baseline 0 -8"><span class='ocrx_word' id='word_1_411' title='bbox 1500 2005 1528 2043; x_wconf 76' lang='grc'><strong>5.</strong></span> <span class='ocrx_word' id='word_1_412' title='bbox 1549 2012 1579 2035; x_wconf 75' lang='lat' dir='ltr'><strong>a.</strong></span> 
     </span>
    </p>
   </div>
  </div>
 </body>
</html>
