1913 2417
295 146 333 187 56
445 194 447 197 ι
569 149 804 189 JACOBI
862 148 1537 188 HERMANLPHILIPSE

501 486 872 530 CAPUT
992 489 1641 536 SECUNDUM.

363 641 411 667 DE
441 643 608 666 ALTERA
647 643 890 666 ABSENTIAE
927 645 1126 675 enmono,
1165 645 1270 675 QUAE
1298 633 1509 667 ABSENTIK
1539 641 1753 670 mot-rim:

444 682 699 715 DECLARATK
736 695 911 726 1N1T1uM
942 697 1085 724 οΑΡιτ,
1116 697 1169 718 ET
1197 684 1414 717 CONCEssR
1445 697 1675 720 manumetis

564 746 769 768 AnsENTls
797 747 997 769 nououum
1026 733 1323 771 P⁸ROPR1ETATE
1356 748 1548 771 F1N1'ruR.

298 831 381 897 Ex
411 864 446 894 iis
479 864 664 902 praesertim,
695 872 768 900 quae
795 866 826 895 in
850 865 926 896 Sect.
949 874 973 896 1.
997 867 1157 903 superioris
1172 867 1286 904 Capitis
1306 866 1540 905 disputavimus,
1568 874 1704 904 apparet,
1727 876 1812 906 quam

302 917 428 946 sollicite
455 917 626 946 Absentium
661 918 811 946 commoda
839 920 1029 953 amplectatur
1055 919 1220 954 legislator,
1248 924 1275 946 et
1299 918 1467 954 provideat,
1496 926 1532 947 ne
1558 919 1814 955 quiddetrimenti

300 968 436 1003 capiant,
457 974 506 995 aut
531 967 684 1003 quisquam
712 968 803 996 relicti
825 969 992 1004 patrimonii
1015 969 1289 998 administrationem
1313 969 1347 996 ad
1371 976 1402 997 se
1427 967 1539 1004 trahat,
1569 977 1658 1004 seque
1684 971 1744 1007 eJ'us
1770 978 1811 998 ra-

306 1017 435 1046 tionibus
459 1017 627 1044 inmisceat:
659 1023 687 1044 at
708 1025 773 1045 eum
797 1025 832 1046 ne
855 1019 978 1047 Absenti
1004 1019 1115 1054 quidem
1140 1020 1329 1053 conduceret,
1359 1018 1436 1047 hunc
1468 1027 1560 1048 rerum
1586 1026 1691 1048 statum
1714 1027 1815 1056 perpe·

301 1074 370 1097 tuo·
388 1068 508 1102 durare,
539 1072 566 1094 et
597 1066 714 1102 insuper
737 1066 910 1103 reipublicae
933 1077 991 1098 non
1017 1071 1182 1106 expediret,
1214 1070 1290 1098 bona
1316 1077 1426 1105 semper
1448 1070 1554 1099 intacta
1584 1078 1612 1099 et
1641 1071 1815 1099 commercio

305 1124 413 1146 exemta
428 1118 539 1155 jacere,
561 1117 703 1152 sapienter
727 1118 752 1146 ei
777 1119 928 1148 terminum
950 1128 1055 1156 ponere
1077 1121 1206 1157 placuit;
1229 1127 1275 1156 et,
1303 1126 1456 1156 postquam
1481 1127 1560 1150 certo
1586 1127 1716 1156 tempore
1735 1128 1814 1156 prae·

301 1169 447 1204 terlapso,
468 1168 502 1196 de
531 1168 667 1197 Absentis
691 1169 750 1197 vita
778 1170 851 1198 nihil
874 1170 1070 1208 innotuisset,
1093 1173 1266 1208 patrimonio
1290 1171 1428 1200 Absentis
1454 1172 1490 1200 iis
1506 1172 1729 1201 succurrendum
1749 1179 1814 1200 esse

303 1218 452 1253 remediis,
481 1225 553 1253 quae
580 1219 687 1247 incerta
707 1227 799 1247 rerum
825 1223 955 1251 conditio
981 1223 1103 1260 amplius
1135 1222 1242 1252 differri
1267 1230 1326 1251 non
1354 1228 1516 1258 pateretur,
1544 1231 1673 1259 quaeque
1703 1228 1815 1252 tantum

300 1269 340 1299 ita
361 1269 499 1298 moderari
524 1269 637 1304 liceret,
662 1275 694 1298 ut
720 1270 835 1299 Absens
861 1273 1035 1308 quandoque
1060 1283 1212 1309 reversus,
1234 1274 1329 1309 quoad
1350 1274 1412 1309 ejus
1437 1273 1496 1302 fieri
1521 1280 1640 1310 posset,
1664 1273 1813 1303 minimum

303 1322 502 1350 detrimentum
533 1326 644 1356 caperet
671 1321 746 1356 (ι).
793 1323 892 1357 Itaque
920 1324 978 1359 jam
1004 1323 1038 1352 ab
1065 1325 1148 1353 initio
1172 1325 1258 1360 hujus
1283 1324 1393 1359 periodi
1418 1325 1513 1352 omnia
1543 1325 1612 1359 illa,
1645 1333 1716 1360 quae
1740 1325 1811 1353 hue-

304 1379 399 1407 usque
431 1371 459 1399 in
484 1371 548 1408 jura
571 1370 740 1400 Absentium
771 1372 985 1409 inquirentibus
1017 1382 1046 1402 se
1074 1374 1265 1408 obtulerunt,
1294 1374 1376 1401 aliam
1407 1373 1507 1402 faciem
1538 1374 1694 1410 praebent,
1721 1383 1815 1411 neque

301 1422 426 1457 amplius
454 1420 600 1456 quaeritur
621 1422 655 1449 de
680 1430 791 1451 summa
815 1424 1004 1460 necessitate,
1033 1432 1090 1460 qua
1118 1430 1237 1461 urgente
1266 1430 1374 1453 tantum
1406 1424 1450 1460 in*
1468 1425 1605 1454 Absentis
1633 1426 1745 1462 negotia
1773 1427 1817 1455 in-

303 1472 413 1509 quirere
434 1472 524 1506 licet,
545 1478 572 1499 et
594 1471 761 1501 satisfacere
784 1473 844 1508 iis,
871 1475 921 1510 qui
941 1476 1006 1512 Jure
1028 1482 1083 1502 suo
1108 1482 1174 1503 cum
1195 1474 1325 1503 Absente
1350 1474 1550 1511 experiuntur3
1580 1476 1716 1505 omnibus
1739 1476 1816 1505 enim

302 1525 339 1554 iis
361 1526 420 1563 jam
445 1531 631 1561 prospectum
656 1534 718 1555 esse
738 1533 871 1555 censetur
896 1527 925 1555 in
955 1527 1047 1563 prima
1074 1525 1192 1561 periodo
1219 1524 1306 1561 (2):
1332 1531 1428 1552 verum
1462 1526 1629 1562 quaeritur,
1658 1527 1727 1562 quid
1755 1527 1816 1555 fieri

303 1577 403 1608 debeat
433 1576 467 1604 de
491 1576 626 1605 omnibus
655 1577 794 1607 Absent15
828 1578 913 1606 bonis
946 1578 1003 1608 huc
1031 1587 1124 1614 usque
1155 1577 1294 1612 intactis,
1321 1577 1377 1606 nisi
1406 1584 1546 1612 quatenus
1573 1579 1628 1615 jam
1659 1579 1814 1608 necessitas

306 1629 516 1666 postulaverit,
536 1635 568 1657 ut
589 1629 753 1665 patrimonii
770 1629 893 1658 rationes
912 1629 1147 1666 inspicerentur?
1177 1635 1238 1657 tum
1261 1636 1327 1656 vero
1342 1647 1352 1661 ‚
1372 1628 1543 1663 quibusnam
1568 1628 1597 1657 in
1621 1629 1696 1658 bona
1718 1630 1815 1660 relicta

294 1681 355 1717 ¹jus
383 1679 577 1710 concedatur?
599 1680 738 1715 denique,
765 1681 912 1716 quomodo
932 1681 1004 1709 illud
1027 1687 1191 1716 exerceant,
1221 1685 1248 1708 et
1273 1687 1409 1715 quaenam
1430 1679 1621 1717 obligationes
1643 1680 1680 1710 iis
1706 1680 1818 1709 incum-

310 1732 399 1768 bant,
421 1732 446 1761 si
474 1731 551 1760 forte
573 1732 689 1762 Absens
713 1738 887 1768 revertatur,
909 1739 959 1761 aut
979 1733 1014 1763 de
1037 1742 1070 1762 eo
1095 1732 1164 1769 quid
1188 1730 1372 1761 innotuerit?

1742 1781 1762 1811 S
1783 1782 1821 1811 E-

334 1856 387 1884 (1)
402 1857 524 1885 Copiosius
545 1859 573 1880 de
593 1857 655 1881 hisce
675 1858 811 1880 disseremus
828 1857 851 1880 in
873 1858 892 1885 ς.
908 1862 929 1879 ι.
951 1858 1010 1880 Sect.
1019 1862 1040 1883 3.
1060 1856 1108 1882 hui.
1131 1858 1203 1885 capo,
1220 1855 1259 1878 ubi
1276 1854 1304 1878 de
1322 1860 1399 1877 natum
1413 1853 1562 1883 possessionis
1580 1853 1732 1881 temporariae
1747 1855 1817 1878 here-

314 1897 378 1920 dibus
399 1905 520 1920 concessae
540 1905 616 1921 sermo
638 1899 689 1922 eriz.

337 1940 389 1965 (a)
409 1940 458 1961 noc
478 1946 549 1961 tamen
569 1946 613 1961 non
634 1941 663 1961 ira
684 1940 868 1968 intelligendum,
891 1945 915 1961 ut
931 1945 1010 1965 postea
1028 1939 1077 1966 jura
1095 1944 1134 1961 sun
1150 1937 1265 1961 vindicare
1284 1942 1411 1965 nequeanu
1425 1943 1488 1965 nam,
1510 1942 1534 1959 ut
1547 1936 1631 1959 deinde
1642 1935 1782 1963 videbimus,
1796 1934 1821 1958 u

307 1980 373 2003 edire
393 1986 486 2008 possum
508 1981 574 2007 inus,
591 1981 629 2008 qul
651 1981 674 2003 in
694 1983 861 2009 possessionem
885 1982 996 2005 bonorum
1017 1981 1079 2005 missi
1098 1986 1164 2009 sunt,
1183 1985 1224 2005 m.
1240 1984 1290 2006 134·

1910 1682 1913 1776 ἑ

1880 1777 1912 1990 i

1901 1995 1906 2110 ἕ

1898 2116 1903 2214 ‚¹

1897 2219 1900 2280 J

1893 2301 1898 2415 i
