1913 2417
301 192 360 234 ,οδ
486 188 514 189 ”
564 188 805 241 'sacont
861 195 1166 229 HERMANI
1220 195 1535 230 animast:

297 284 373 314 sario
396 284 493 314 existit
515 285 588 313 inter
609 285 744 318 modum,
771 290 831 318 quo
850 281 953 311 missio
977 282 1045 310 haec
1066 282 1210 311 definitiva
1236 282 1265 310 in
1298 282 1511 317 possessionem
1542 282 1606 318 peti*
1624 288 1651 311 et
1677 282 1803 313 conced?

299 335 401 371 debet,
422 337 466 365 vel
491 342 609 372 propter
629 333 903 363 administrationem
919 341 970 369 per
985 341 1022 370 30
1036 342 1127 362 annos
1145 340 1272 370 gestam,
1295 334 1340 361 vel
1355 340 1472 370 propter
1491 334 1676 362 centesimum
1694 343 1804 365 annum

297 394 314 415 a
337 386 425 414 natali
443 386 578 416 Absentis
600 386 837 421 praeterlapsum:
860 384 894 412 de
918 384 1041 421 singulis
1062 385 1151 421 igitur
1173 385 1284 413 caussis
1307 386 1422 413 verbum
1449 385 1597 414 addamus.

335 436 423 473 Quod
445 437 561 471 primam
586 435 716 472 adtinet;
738 436 980 464 administrationi
1001 436 1140 464 bonorum
1167 444 1217 471 per
1239 445 1274 472 30
1297 444 1387 464 annos
1414 436 1568 464 continuos
1592 442 1688 472 gestae
1711 436 1796 465 linem

294 495 354 516 nvn
381 487 522 523 imposuit
549 488 718 523 legislator,
746 487 829 523 eique
856 487 1013 519 substituit
1043 486 1220 523 definitivam
1247 488 1477 523 possessionem,
1511 495 1560 515 seu
1584 489 1804 523 proprietatem,

295 539 430 573 quoniam
453 546 491 574 30
514 538 594 566 annis
616 538 816 574 praeterlapsis
841 539 904 567 inde
925 539 961 567 ab
987 539 1231 568 administratione
1253 546 1406 574 suscepta,
1426 545 1454 567 et
1477 527 1520 567 sle
1543 538 1706 575 regulariter
1728 544 1798 573 post

294 598 330 627 35
353 597 490 618 annorum
514 590 638 626 spatium
666 589 737 617 inde·
753 589 788 638 ab
812 589 949 618 Abserrtis
972 590 1120 625 discessu,
1148 590 1183 618 de
1206 590 1267 626 ejus
1293 589 1376 618 obitu
1401 589 1471 618 satis
1499 597 1631 618 constare
1652 588 1797 617 existima-

291 642 354 677 vit,
384 641 510 676 aleoque
538 648 598 669 non
628 640 755 675 amplius
788 649 863 676 opus
887 637 944 675 ipsi
969 640 1064 669 visum
1086 646 1149 675 est,
1179 646 1210 669 ut
1231 641 1310 668 bona
1334 640 1358 668 ei
1381 646 1578 668 servarentur.
1610 640 1639 668 in
1668 639 1801 672 universa

291 692 365 720 enim
399 692 450 720 hac
479 691 608 720 doctrina
641 697 810 720 constanter
841 691 987 727 principio
1015 692 1161 726 alhaesit,
1192 692 1325 720 incertam
1357 691 1495 720 Absentis
1527 691 1722 721 conditionem
1747 698 1799 719 nec

290 743 366 773 virae
388 751 438 771 nec
463 739 825 778 mortis’praesumt'ronem
842 742 959 777 afferre,
981 743 1079 771 saltem
1102 749 1222 771 eatenus
1238 751 1296 771 eam
1321 742 1470 776 stabilire,
1490 748 1524 770 ut
1551 743 1613 770 sola
1636 741 1803 770 alterutrius

290 795 366 823 ratio
390 793 465 822 foret
488 793 633 828 habenda,
659 792 717 821 nisi
750 793 784 821 ad
809 793 942 821 ultimum
974 794 1049 822 virae
1079 793 1214 821 humanae
1243 793 1394 821 terminum
1426 793 1622 828 pervenisset,
1652 792 1714 821 scil.
1747 800 1805 820 :oa-

291 854 432 875 annorum
459 846 538 882 (Ι).
579 844 652 878 Sed,
676 843 717 872 uti
745 853 762 880 5
785 845 866 873 annis
889 851 957 880 post
980 845 1139 873 discessum
1168 843 1368 880 praeterlapsis
1392 843 1544 878 prudenter
1571 851 1660 871 rerum
1686 850 1803 878 posses·

291 896 401 926 sionem
436 902 462 924 et
495 895 769 924 administrationem
804 894 840 922 iis
875 895 1024 931 permisit,
1052 895 1103 930 qui
1133 895 1259 930 legitima
1286 893 1498 929 exspectatione
1530 893 1671 921 bonorum
1695 893 1803 928 gaude·

285 947 379 982 hant,
401 948 494 983 iisque
525 946 664 975 nonnulla
688 946 878 974 emolumenta
903 946 1068 981 concessit,
1091 954 1152 981 quo
1171 946 1263 980 magis
1283 945 1317 972 ad
1343 945 1507 972 missionem
1534 944 1568 972 in·
1586 938 1804 979 possessionen}

289 999 441 1035 petendam
465 998 666 1032 allicerentur,
687 1003 716 1024 et
739 1004 813 1024 onus
836 996 1093 1024 administrationis
1114 996 1209 1031 aliqua
1230 996 1328 1023 saltem
1354 995 1463 1022 ratione
1485 1001 1736 1030 compensaretur,
1757 995 1802 1024 sic

285 1049 503 1086 ingravescente
526 1048 589 1083 ejus
612 1046 742 1075 molestia
767 1054 887 1082 propter
907 1046 1073 1082 longiorem
1093 1045 1258 1073 Absentiam
1277 1045 1362 1081 plura
1383 1043 1505 1072 subinde
1527 1045 1717 1072 emolumenta
1733 1052 1803 1080 pos·

287 1100 457 1130 etssoribus·
480 1098 575 1134 largiri
598 1099 728 1134 placuit,
747 1106 783 1126 ne
807 1098 1012 1126 deterrerentur
1035 1098 1071 1125 ab
1101 1104 1188 1124 onere
1211 1103 1267 1124 tarn
1292 1095 1393 1132 gravi,
1414 1096 1549 1130 quoique
1570 1095 1734 1123 continuam
1751 1103 1804 1123 cn-

283 1159 346 1180 sam
374 1149 591 1186 expostularet,
619 1149 760 1185 gerendo,
785 1154 814 1177 et
831 1149 865 1176 de
890 1157 949 1183 quo
982 1147 1095 1176 tandem
1126 1147 1268 1181 Absenti,
1298 1153 1347 1175 aut
1378 1146 1440 1182 ejus
1464 1146 1632 1179 heredibus,
1665 1146 1689 1174 si
1723 1144 1801 1174 forte

279 1203 362 1232 elios
386 1203 484 1231 adesse
508 1200 707 1234 innotuisset,
735 1199 863 1228 rationes
893 1199 987 1228 forent
1016 1197 1181 1226 reddendae.
1225 1197 1300 1225 Haec
1319 1197 1413 1224 omnia
1436 1204 1505 1224 vero
1528 1195 1637 1232 egregie
1666 1196 1800 1225 videban-

290 1262 337 1283 tur
360 1253 496 1282 inservire
523 1259 635 1287 scopo,
666 1258 751 1286 quem
787 1250 844 1278 sibi
875 1254 1067 1286 proposuerat
1100 1249 1265 1284 legislator,
1296 1255 1347 1283 ut,
1377 1247 1472 1282 quoad
1502 1247 1564 1283 ejus
1596 1246 1654 1274 fieri
1678 1253 1804 1282 posset,

282 1305 368 1334 ‘bona
389 1304 488 1332 relicta
512 1302 632 1330 Absenti
659 1306 913 1329 conservarentur:
945 1308 1029 1333 nam,
1055 1307 1121 1326 cum
1149 1300 1317 1328 alterutrum
1343 1305 1418 1329 esset
1439 1298 1622 1334 eligendum,
1648 1304 1697 1325 aut
1723 1297 1801 1326 bona

282 1362 424 1392 'tanquam
450 1359 575 1382 vacantia
596 1353 666 1381 fisco
690 1351 862 1385 addicenda,
883 1357 932 1378 aut
956 1350 1067 1378 interim
1086 1350 1272 1384 deponenda,
1296 1350 1386 1377 donec
1412 1348 1517 1384 aliquis
1532 1349 1566 1376 de
1583 1348 1711 1376 Absente
1726 1356 1801 1376 nun·

282 1408 350 1436 ’ἕως
374 1405 447 1434 foret
470 1404 594 1437 allatus,
623 1409 800 1438 postremum
825 1401 925 1439 potius
954 1401 1047 1428 visum
1072 1407 1137 1433 est,
1168 1399 1280 1434 iisque,
1306 1399 1357 1433 qui
1391 1399 1503 1426 heredes
1535 1405 1801 1433 praesumerentur,

280 1464 317 1487 α
341 1457 392 1493 qui
412 1462 527 1483 mortuo
549 1454 680 1482 Absente
702 1453 820 1488 aliquod
841 1453 888 1488 jus
911 1452 940 1480 in
968 1452 1042 1479 bona
1067 1450 1142 1478 nacti
1171 1449 1318 1484 fuissent,
1347 1449 1415 1477 haec
1438 1448 1658 1477 administrantia
1682 1456 1803 1477 conces-

289 1510 349 1543 sit,
373 1515 452 1536 certo
477 1504 533 1533 sibi
555 1512 722 1540 persuasum
748 1503 877 1537 babens,
899 1502 992 1537 ipsius
1017 1501 1157 1528 Absentis
1174 1500 1332 1528 rationibus
1356 1499 1458 1527 melius
1481 1498 1594 1526 consuli
1618 1507 1676 1526 nou
1699 1506 1797 1534 posse.

284 1560 355 1589 >Hoc
379 1559 469 1595 igitur
493 1563 586 1591 scopo
607 1554 731 1589 aliquam
754 1553 901 1582 fructuum
928 1559 1035 1587 partem
1064 1550 1283 1586 possessoribus
1308 1550 1430 1584 tribuit,
1462 1557 1569 1584 eosque
1595 1549 1716 1585 plnres,
1738 1557 1798 1584 quo

289 1617 359 1648 post
383 1607 541 1643 longiorem
570 1605 732 1633 Absentiam
757 1605 888 1641 majorem
921 1603 1114 1631 difficultatem
1139 1609 1236 1629 secum
1272 1599 1354 1628 ierret
1376 1599 1596 1628 alministratio.
1636 1601 1674 1628 At
1696 1608 1729 1628 ex
1753 1608 1802 1629 eo-

290 1663 352 1690 dem
377 1667 493 1694 quoque
518 1656 663 1690 principio
686 1655 768 1683 fluxit
786 1674 797 1689 ‚
826 1655 905 1689 quod
933 1654 1043 1683 tandum
1084 1652 1301 1688 possessoribus
1319 1672 1330 1686 ,
1359 1659 1512 1687 postquam
1545 1656 1654 1678 tantum
1689 1642 1801 1686 tempo·

290 1712 329 1740 ris
350 1710 474 1746 spatium
498 1707 666 1740 effluxisset,
699 1713 728 1733 ut
751 1706 845 1734 omnis
870 1705 927 1733 fere
954 1705 988 1733 de
1015 1704 1104 1733 reditu
1127 1704 1265 1731 Absentis
1289 1711 1337 1738 spe
1332 1711 1356 1730 s
1382 1703 1437 1738 jam
1467 1701 1676 1735 intercidisset,
1705 1700 1798 1729 effica-

289 1762 368 1790 ciora
395 1761 457 1796 jura
484 1766 511 1786 et
533 1759 622 1794 major
652 1757 766 1785 libertas
795 1757 870 1784 circa
901 1756 975 1784 bona
1010 1754 1139 1790 deposita
1169 1753 1317 1782 tribuenda
1347 1753 1536 1786 viderentur,
1574 1759 1658 1785 quam
1685 1751 1798 1785 quibus

292 1814 350 1842 huc
374 1818 466 1845 usque
491 1811 583 1845 gavisi
613 1808 753 1836 fuissent:
785 1807 917 1841 iniquum
946 1806 1018 1834 enim
1052 1805 1152 1832 merito
1180 1804 1353 1837 ducebatur,
1380 1803 1486 1839 jurium
1519 1809 1600 1829 usum
1623 1801 1732 1828 diutius
1759 1801 1796 1829 iis

258 1857 262 1861 ’
292 1861 440 1897 denegari,
466 1860 514 1895 qui
539 1860 690 1895 legitimam
723 1859 866 1886 bonorum
887 1856 1126 1892 exspectationem
1149 1855 1302 1889 concipere
1332 1853 1445 1888 optimo
1472 1853 1535 1888 Jure
1560 1858 1698 1886 possent,
1726 1859 1798 1880 tam.

274 1915 342 1945 -diu
364 1915 419 1951 jam
443 1911 522 1940 omni
548 1910 650 1938 effectu
674 1909 852 1938 destitutam.
901 1907 962 1938 Cui
983 1907 1111 1942 accedit,
1145 1906 1225 1942 quod
1255 1907 1351 1942 spatio
1379 1902 1431 1932 illo
1452 1911 1489 1941 35
1515 1910 1654 1932 annorum
1680 1909 1802 1939 praeter·

1614 1961 1628 1970 ··
1760 1953 1801 1982 la-

321 2039 375 2072 (ι)
396 2039 447 2062 vid·
470 2036 552 2064 200¹,
574 2043 596 2064 Ρ-
610 2036 746 2064 4⁶9-›m-
