1913 2417
271 168 656 204 COMMENTATIO
682 179 731 201 AD
761 169 1131 209 QUAESTIONEM
1159 172 1471 211 BOT-ANICAM.
1595 190 1614 219 9

100 263 201 287 autem
225 265 241 285 a
264 255 375 285 cellulis
405 255 477 291 ipsis
508 254 661 291 singularia
687 262 755 282 cava
780 253 887 290 figurae
913 255 1054 291 regularis
1085 256 1119 284 ad
1150 258 1214 287 loca
1247 260 1430 291 determinata
1452 263 1614 295 formantur

93 308 249 344 folliculas
269 307 422 337 cellularcs
445 312 548 335 vocant
569 306 643 342 (3).

140 359 218 387 Haec
237 358 327 395 igitur
344 366 449 394 organa
476 365 535 386 non
566 355 626 384 nisi
647 364 668 384 a
692 356 748 384 tela
777 355 915 385 cellulosa
947 357 1069 387 formata
1101 360 1258 398 videntur3
1288 364 1323 392 ad
1352 372 1437 399 quam
1470 374 1608 399 revertor.

103 409 267 439 Contextus
297 409 453 437 cellulosus
490 414 551 436 turn
585 407 709 442 simplex
728 427 738 442 ,
767 412 828 435 tum
859 409 1043 444 compositus
1072 417 1126 441 est.
1175 413 1222 441 Ad
1255 413 1414 450 simplicem
1447 417 1612 449 referendus

101 460 184 488 laxus
208 459 296 496 (sive
313 458 562 496 Parcnchyma)‚
585 463 612 486 et
636 458 757 488 strictus
777 459 827 486 vel
841 458 966 487 fibi-osus
987 461 1007 497 ·(
1017 461 1078 489 sive
1102 462 1211 500 liber).
1252 464 1309 493 Hic
1331 465 1403 495 idern
1434 474 1497 504 est,
1529 471 1608 506 quod

99 511 178 546 apud
201 510 399 540 Treviranum
431 510 484 538 sub
513 509 630 538 nomine
657 517 792 538 vasorum
825 510 1021 547 fibrmorum,
1052 514 1113 541 sive
1144 515 1262 544 corticis
1292 516 1515 555 (Fasergefa'sse
1545 522 1614 550 oder

98 560 308 598 Bastgef‘asse)
335 561 473 590 occurrit.
515 561 592 589 Tum
618 560 758 595 simplex,
779 566 840 588 tum
866 563 1050 598 compositus
1074 565 1109 593 ad
1138 573 1304 595 contextum
1322 569 1494 599 cellulosum
1512 572 1612 601 stricte

97 612 142 641 sic
165 612 274 640 dictum
294 614 457 648 pertinent3
481 611 533 647 qui
552 619 605 647 pro
628 611 707 639 vario
732 610 834 639 habitu
861 613 908 641 vel
929 614 1115 650 vesicttlosus,
1143 617 1190 645 vel
1212 616 1361 654 flac-cosm,
1382 620 1430 649 vel
1449 620 1613 656 filamento-

96 671 166 697 sus,
186 663 232 691 vel
256 663 468 692 membranosus
490 661 582 690 audit.
622 661 648 689 E
671 661 788 690 cellulis
813 662 842 691 In
867 670 934 692 vasa
959 664 1121 694 reducentia
1153 667 1217 696 sine
1241 668 1331 698 dubio
1352 671 1492 700 transitus
1515 673 1610 704 datur.

98 712 230 741 Cellulae
255 719 349 742 tamen
377 713 500 741 invicem
528 712 679 741 distinctae
697 718 789 747 sunt,
811 721 842 741 ac
867 714 948 749 poris
970 722 1096 744 carentes
1113 717 1199 755 (4).
1240 718 1266 747 E
1292 721 1347 749 tela
1365 722 1505 751 cellulosa
1527 725 1618 754 variis

99 763 262 792 rationibus
288 769 462 793 commutata
485 763 562 792 varia
584 764 681 799 itaque
705 771 810 799 organa
832 763 984 800 orientum
1015 774 1086 801 quae
1112 767 1277 798 Anatomici
1303 771 1404 800 dicunt
1425 773 1607 811 glandulas,

95 814 173 842 nihil
193 820 261 842 sunt
284 815 341 843 nisi
365 815 484 843 cellulae
505 815 597 851 magis
625 821 809 850 compactae3
838 814 956 843 cellulae
987 816 1175 853 prolongatae
1205 818 1333 849 formant
1357 823 1457 860 pilos:
1484 825 1514 852 hi
1535 827 1611 856 enim

94 865 216 901 exiguae
236 865 356 894 cellulae
381 873 467 901 sunt,
497 866 587 894 instar
610 865 724 894 filorum
759 871 928 902 contextae,
957 868 1076 903 quavas
1105 871 1267 907 plantarum
1293 880 1409 911 partes,
1441 875 1513 907 folia
1535 888 1616 915 prae·

95 916 216 953 primis,
243 917 331 945 variis
359 917 453 946 modis
479 923 625 946 ornantes„
673 917 785 946 *Cortex
809 917 890 946 etiam
912 928 930 947 ‘e
950 919 1004 948 tela
1027 920 1167 950 cellulosa
1200 923 1314 961 oritur3
1343 927 1497 964 epidermis
1520 937 1612 960 extre-

96 976 176 998 mum
200 968 272 996 telae
292 968 446 997 cellulosae
470 974 590 996 stratum
624 968 741 997 dicitur.
783 968 952 1007 Epidermis
974 972 1135 1006 plantarum
1158 974 1204 1001 sui
1228 977 1338 1011 generis
1363 979 1525 1009 membrana
1548 989 1590 1011 est
1599 992 1610 1019 ;

93 1024 292 1055 tegumentum
316 1019 515 1054 pellucidum,
536 1019 638 1046 molles
659 1018 863 1054 vegetabilium
887 1020 1091 1055 perfectiorum
1114 1029 1208 1058 partes
1232 1025 1390 1057 obducens.
1432 1029 1544 1067 Majore
1556 1041 1610 1062 sua

92 1070 238 1099 densitate
257 1075 284 1097 et
304 1069 491 1097 consistentia
514 1076 530 1096 a
553 1069 671 1103 reliquis
702 1069 891 1104 distinguitur
914 1071 1104 1107 membranis,
1135 1074 1259 1104 internas
1285 1079 1485 1114 vegetabilium
1509 1091 1603 1119 partes

94 1119 324 1149 obducentibus.
367 1119 579 1148 Minutissimis
611 1120 736 1147 vasculis
762 1121 901 1155 repletum
928 1126 991 1156 est,
1023 1131 1095 1157 quae
1123 1130 1180 1152 rete
1202 1127 1346 1161 quoddam
1371 1130 1497 1161 efficiunt
1524 1140 1552 1162 et
1578 1135 1609 1165 in

91 1179 185 1208 poros
207 1171 334 1199 desinere
357 1171 502 1199 videntur.
547 1169 760 1199 Willdenowius
784 1171 832 1207 (1.
851 1171 872 1199 l.
899 1180 929 1207 p.
956 1174 1047 1209 312.)
1069 1174 1124 1203 hoc
1145 1182 1202 1204 rete
1226 1186 1263 1206 ex-
1284 1179 1523 1215 impressionibus
1541 1187 1611 1215 sub.

89 1222 212 1260 jacentis
235 1224 305 1252 telae
332 1223 487 1251 cellulosae
516 1222 716 1251 tantummodo
744 1222 811 1250 oriri
834 1227 927 1257 putat.
966 1222 1038 1252 Non
1070 1224 1107 1252 ita
1141 1235 1198 1255 rem
1223 1236 1254 1256 se
1278 1230 1401 1267 habere,
1429 1234 1477 1262 sed
1506 1243 1608 1268 contra

92 1280 164 1302 vasa
184 1281 215 1302 ea
237 1273 419 1310 epidermidia
452 1280 546 1302 revera
570 1272 682 1300 canales
712 1279 775 1302 esse
796 1273 1020 1309 experimentum
1053 1275 1087 1303 ab
1118 1276 1159 1306 iil.
1184 1278 1346 1310 Trevirano
1372 1283 1538 1317 institutum
1559 1288 1610 1318 do-

88 1329 139 1352 cet
162 1324 240 1362 (5).

129 1374 199 1401 vPori
222 1374 334 1402 caudici
361 1375 561 1408 descendenti,
594 1383 645 1403 nec
674 1382 734 1403 non
757 1376 865 1413 planas
891 1377 1061 1414 epidermide
1086 1381 1248 1412 carentibus
1280 1385 1394 1416 desunt.
1445 1388 1601 1425 Occupan:

95 1421 237 1453 foliorum
260 1422 387 1458 paginas.
427 1423 461 1452 In
480 1423 516 1452 iis
538 1431 607 1454 vero
630 1424 732 1462 foliis,
763 1436 885 1462 quorum
908 1435 1028 1465 utraque
1051 1432 1152 1467 pagina
1173 1433 1251 1469 pilos
1275 1436 1365 1472 gerit,
1392 1439 1458 1473 pori
1479 1448 1601 1475 prorsus

83 1470 199 1502 >desunt
220 1473 300 1509 (6).

132 1522 223 1552 Dicta
244 1522 334 1559 igitur
355 1531 462 1560 organa
486 1524 581 1554 omnia
605 1533 621 1554 e
643 1526 699 1555 tela
728 1528 869 1560 cellulosa
902 1534 1089 1569 proveniunt.
1131 1534 1202 1566 Non
1230 1543 1323 1567 autem
1346 1547 1363 1568 e
1386 1547 1524 1572 contextu
1548 1545 1607 1573 cel-

1565 1595 1611 1624 lu·

90 1661 98 1690 f
116 1661 176 1690 (3)
196 1657 333 1682 Wmhnow.
356 1658 488 1683 Grundriss.
507 1667 525 1684 s.
538 1665 589 1689 313.

117 1702 175 1730 ,(4)
194 1701 337 1728 Willaenow,
354 1702 369 1723 l.
386 1702 402 1723 l.
424 1709 447 1728 p.
462 1704 513 1727 306.
544 1702 670 1731 Rudvlpln',
693 1704 710 1726 1.
728 1707 745 1728 1.
765 1711 787 1733 ρ.
800 1710 840 1733 33,
861 1703 896 1732 36.
915 1704 937 1733 ς.
953 1713 988 1736 33.
1019 1708 1172 1740 Tres-smnus,
1192 1710 1251 1737 Bioi.
1269 1713 1308 1737 lv.
1323 1716 1364 1739 Bd.
1388 1724 1409 1740 s.
1421 1722 1457 1741 ια.

125 1742 180 1770 (ς)
200 1743 216 1764 ι.
236 1743 251 1764 1.
271 1747 288 1764 s.
307 1747 346 1768 ¹3,
364 1748 397 1769 ¹⁴·
426 1758 443 1770 ‚‚
458 1743 513 1765 nass
532 1743 635 1771 iibrigens
656 1746 693 1767 dle
713 1748 789 1769 Adern
814 1749 854 1770 der
876 1749 991 1772 Oberhaut
1015 1752 1135 1774 wirklichc
1158 1753 1241 1776 Canale
1265 1756 1329 1783 sind,
1350 1759 1407 1781 habe
1426 1760 1463 1782 ich
1483 1759 1549 1782 {inter
1569 1765 1610 1784 att-¹

95 1799 116 1813 ῃ
131 1785 186 1807 dem
206 1783 257 1804 sehr
277 1781 376 1804 deutlich
396 1784 441 1810 bey
461 1785 501 1806 der
519 1785 576 1807 Alo‘e·
598 1792 720 1810 verrucosa
742 1788 795 1811 Ait.
814 1791 918 1815 geseken.
957 1792 1029 1814 Wenn
1048 1792 1086 1814 ich
1104 1793 1141 1815 ein
1165 1795 1234 1816 Sriick
1252 1797 1293 1818 der
1313 1790 1426 1822 Oberha‘ut
1447 1801 1521 1823 dieser
1537 1802 1609 1825 Pssan.

93 1837 116 1854 3,
129 1831 172 1851 ze,
186 1824 296 1846 nachdern
317 1824 350 1846 sie
371 1826 423 1846 eine
443 1826 544 1852 Zeitiaug
569 1827 610 1848 der
634 1827 710 1850 Sonne
731 1835 859 1855 ausgesetzt
883 1836 987 1858 gewesen
1008 1839 1068 1860 war,
1088 1840 1152 1856 unter
1173 1835 1264 1858 Wasser
1282 1838 1390 1867 schalae,
1413 1847 1440 1863 :o
1461 1844 1557 1869 drangen
1578 1844 1610 1866 al.

96 1881 117 1895 ‚,
131 1866 260 1888 lentbalben
279 1870 313 1886 am
334 1866 413 1888 Raude
435 1867 473 1888 des
494 1867 588 1894 szfickt,
610 1875 651 1890 aus
677 1871 717 1891 der
737 1871 878 1899 ceffnungen
902 1873 969 1898 jener
988 1876 1064 1897 Adern
1091 1876 1223 1899 Luftblasen
1243 1879 1357 1902 hervor.”
1374 1882 1415 1912 (a.
1430 1889 1468 1910 14,
1485 1889 1539 1911 15.)
1574 1884 1607 1907 Ea

96 1910 132 1929 est
153 1906 220 1928 etiam
239 1907 281 1928 hac
300 1907 331 1928 de
351 1912 377 1927 re
395 1906 510 1933 Helu-igit
533 1910 659 1938 sententia,
675 1910 714 1937 qul
735 1917 786 1934 vasa
805 1912 843 1934 illa
855 1913 994 1940 ‘lymphatica
1013 1916 1121 1941 nomina,

124 1946 178 1976 (6)
198 1946 252 1969 Vid.
271 1946 449 1972 coniunctissimi
477 1948 507 1970 H.
531 1949 554 1972 c.
575 1956 618 1971 van
638 1950 679 1971 dor
700 1952 760 1973 Boon
783 1953 858 1974 Men-lx
880 1954 1067 1980 Dissertationem
1086 1959 1217 1983 notauit-am
1238 1961 1267 1983 de
1291 1960 1394 1989 ratione,
1414 1968 1470 1991 quae
1495 1971 1528 1989 est
1546 1965 1610 1994 iuteo

99 1992 238 2012 structuram
261 1993 286 2010 et
303 1988 397 2012 formam
417 1995 531 2013 externam
546 1993 682 2020 plantarum.
699 1995 724 2017 L.
743 1996 769 2018 Β.
792 1995 853 2024 ¹⁸¹9·
872 2002 917 2023 qm.
937 2004 958 2025 p,
973 2000 1006 2021 18.

892 2037 913 2066 B
