1913 2417
168 189 206 228 96
528 182 1301 228 J.R.TH1ORBECKE

177 272 242 301 sede
271 279 322 301 sua
357 271 463 301 fuisset
491 272 620 309 dejecta,
650 279 707 299 non
735 269 879 306 potuisset
903 269 1042 297 *Socrates
1074 276 1161 305 super
1190 269 1327 298 naturalis
1356 268 1557 305 philosophiae
1585 268 1681 298 ruinas

178 324 375 360 cognitionem
404 323 529 354 hominis
555 323 688 350 moralem
714 320 845 349 fundare.
885 319 987 355 Neque
1018 320 1129 348 tandem
1156 320 1228 348 idern
1258 320 1391 349 Socrates
1413 321 1539 349 nominis
1568 321 1685 348 immor-

178 375 316 403 talitatem
339 381 491 404 assecutus
514 374 637 408 fuisset,
662 372 722 401 nisi
745 377 844 400 contra
875 371 1035 400 nitentibus
1062 371 1216 407 sophistis.
1256 371 1370 400 Etenim
1392 372 1422 400 in
1443 380 1476 400 eo
1499 371 1577 401 istud
1601 371 1697 399 disci-⁷

176 426 319 462 plinarum
349 425 553 455 commercium
583 423 726 458 cernitur,
752 430 786 451 ut
815 423 877 451 sive
902 431 932 451 se
963 421 1124 458 excipiant,
1155 423 1216 450 sive
1244 422 1331 451 simul
1358 423 1495 458 floreant,
1523 431 1552 450 se
1584 428 1686 450 mutuo

176 483 275 513 regant
302 485 333 505 ac
366 481 533 512 temperent.
583 475 664 512 Quae
692 473 805 510 regendi
839 473 1071 509 temper-audique
1101 472 1256 501 auctoritas
1288 480 1398 507 manet,
1424 474 1487 502 sive
1510 481 1543 502 >se
1572 479 1689 501 susten-

177 533 257 563 ttnt‚
279 528 340 556 sive
363 528 518 556 infirment.
559 525 598 554 Et
622 526 755 563 majorem
779 532 862 561 saepe
886 525 971 561 hujus
1001 523 1146 560 regiminis
1171 523 1228 552 vim
1258 532 1289 552 ac
1314 530 1484 560 potestatem
1514 530 1589 552 tenet
1618 531 1687 551 con-

178 580 262 607 traria
291 578 444 614 disciplina
470 586 498 606 et
530 577 666 613 inimica,
694 584 778 612 quam
811 575 953 604 foederata
985 580 1012 602 et
1042 574 1197 605 auxiliaria.
1247 576 1287 603 At
1316 583 1384 604 vero
1412 583 1479 611 ,non
1509 575 1686 611 singularum

178 630 378 660 tantummodo
411 629 603 658 doctrinarum
635 628 856 665 conjunctiones
881 619 1097 654 et'discorcliae
1124 626 1158 654 ad
1185 625 1411 662 philosophandi
1442 633 1532 662 genus
1561 625 1688 654 forman-

179 682 246 710 dum
271 681 500 716 flectendumque
522 681 634 709 valent:
657 680 708 708 secl
733 679 861 707 omnium
887 682 1074 712 systematum
1103 678 1283 706 consociatio
1304 678 1339 706 ad
1371 677 1456 705 unius
1483 684 1584 705 causae
1604 675 1698 708 effec-⁴

177 739 237 763 tum
264 740 464 768 saepenumero
495 732 576 760 velut
605 730 789 766 conspirasse
821 729 947 758 videtur.
998 727 1089 764 Igitur
1116 728 1151 756 ad
1181 736 1330 756 causarum
1356 727 1386 756 in
1417 728 1512 763 aliqua
1537 727 1702 763 disciplina,

179 783 388 819 indagationem
415 782 646 818 suscipiendam,
676 781 851 817 requiritur,
883 787 916 807 ut
941 785 1101 819 perspecta⁴
1120 778 1160 809 sit
1189 787 1220 808 ac
1256 779 1370 816 cognita
1402 779 1534 808 universa
1560 779 1691 815 philoso-

176 835 261 871 phiae
283 832 429 862 conditio:
449 833 531 868 ,quod
557 833 680 862 officium
706 831 931 867 complectitur,
954 837 986 858 ut
1009 830 1135 858 omniurn
1158 830 1407 866 philosophiarutn
1430 838 1529 858 mutua
1552 836 1579 858 et
1601 830 1636 858 ad
1660 838 1692 859 se

175 886 298 914 invicem
323 890 350 912 et
371 884 406 911 ad
426 883 553 919 priores,
585 883 657 911 ratio
685 889 829 916 teneatur,
852 887 878 909 et
899 874 1076 917 singularum
1109 888 1174 909 cum
1207 881 1355 917 proposita
1388 880 1540 917 disciplina
1569 880 1702 912 necessi-o

176 937 260 966 tudo.
303 935 396 972 Cujus
419 933 642 963 necessitudinis
675 932 851 968 quadruplex
873 938 917 959 est
941 940 1052 967 genus:
1085 937 1116 960 ut
1133 931 1174 959 sit
1199 932 1252 959 alia
1275 932 1346 960 ratio
1376 931 1591 965 doctrinarum,
1618 938 1691 966 quae

179 987 383 1021 disciplinam,
412 985 445 1012 de
469 992 525 1019 qua
549 983 734 1019 investigatio
760 983 895 1011 instituta
921 989 981 1018 est,
1005 989 1181 1018 genuerunt;
1211 983 1264 1010 alia
1295 990 1409 1016 earum,
1438 990 1509 1017 quas
1540 990 1690 1017 oppugna-

178 1024 239 1072 εὖίῑς
266 1036 339 1072 alia,
368 1043 438 1071 quas
465 1034 527 1070 ipsa
547 1035 675 1071 peperit3
697 1033 751 1065 alia
776 1033 886 1065 tandem
914 1041 1029 1074 earum,
1063 1041 1136 1071 quae
1162 1033 1197 1060 ad
1225 1040 1285 1061 eam
1311 1032 1532 1069 oppugnandam
1564 1032 1692 1061 adhibita

175 1095 248 1118 sunt
272 1093 300 1115 et
322 1094 470 1115 conversa.

217 1139 299 1168 Hane
329 1137 385 1166 vim
418 1136 607 1173 disciplinae,
639 1144 795 1173 earumque
822 1135 1025 1164 commercium
1046 1142 1196 1170 exercenv,
1220 1136 1294 1165 unde
1318 1144 1418 1173 operae
1438 1135 1560 1172 pretium
1584 1135 1690 1164 fecisse

177 1190 263 1220 nobis
286 1189 436 1224 videmur,
466 1188 517 1224 qui
539 1194 621 1216 ortus
656 1194 684 1216 et
715 1187 890 1216 incunabula
925 1187 1109 1223 Scepticismi
1141 1187 1171 1216 in
1199 1188 1280 1216 Parte
1297 1189 1321 1216 Ι.
1348 1187 1479 1223 pluribus
1507 1195 1607 1215 sumus
1631 1195 1696 1222 per·

177 1241 282 1274 secuti.
324 1240 378 1268 Sed
404 1239 451 1267 hic
482 1239 544 1268 vela
580 1239 772 1269 contrahenda
808 1245 896 1273 sunt,
926 1238 1134 1274 sperantibus,
1162 1246 1235 1274 quae
1263 1238 1340 1266 dicta
1368 1243 1463 1272 sunt,
1493 1245 1524 1266 ea
1556 1238 1592 1266 ad
1625 1246 1694 1268 cau-

179 1300 274 1321 sarum
299 1290 518 1326 indagandarum
546 1290 689 1319 criterium
718 1297 906 1324 normamque
926 1289 1161 1320 constituendum
1184 1289 1256 1319 satis
1281 1297 1355 1319 esse.
1394 1289 1552 1325 Reliquum
1576 1295 1638 1326 est,
1660 1295 1693 1318 ut
1708 1309 1717 1317 .

176 1343 252 1376 ,hanc
278 1342 436 1372 doctrinam
464 1347 580 1370 nostrae
604 1340 766 1377 quaestioni
793 1340 970 1377 adaptemus,

442 1659 767 1693 CAPUT
860 1633 1429 1694 SECUNDUM.

261 1779 541 1801 DlscnlMJle
577 1780 710 1801 INTER
743 1779 1015 1801 ACABEMICOS
1047 1781 1100 1801 ET
1131 1780 1368 1802 SCEPTICOS
1397 1780 1440 1802 IN
1473 1760 1621 1801 oppub·

607 1831 766 1853 NANDIS
795 1831 1058 1853 DOGMATICIS
1092 1831 1267 1853 CAUSAE.

190 1936 410 1998 Discriminis
436 1969 669 2000 Academicorum
692 1978 724 2001 ¹et
747 1972 946 2009 Scepticorum
973 1973 1003 2002 in
1029 1972 1231 2010 oppugnandis
1267 1971 1447 2008 Dogmaticis
1475 1977 1578 2001 causas
1606 1973 1713 2002 iuves-³

188 2022 343 2058 tigurinis,
363 2021 537 2058 principium
566 2023 726 2053 ducendum
750 2032 793 2053 est
826 2025 860 2053 ab
885 2026 933 2055 illa
959 2033 1110 2054 causarum
1135 2025 1251 2060 classe5
1276 2031 1348 2059 quae
1380 2023 1544 2052 continetur
1568 2023 1698 2060 philoso—

1631 2073 1706 2110 pho·

1902 1592 1908 1614 .-
1895 1461 1909 1571 ⁸4-..„
1904 1411 1913 1447 ἶ,
1905 1364 1908 1397 „-

1894 1887 1913 1929 ἧς.
1892 1701 1909 1875 τμα-ᾀᾸιᾼ
1904 1672 1906 1679 c
