1913 2417
278 185 323 219 48
684 183 1344 223 LnicELDER,

219 282 221 285 “
267 280 422 324 dignitate
457 278 714 324 repraesentatis!
752 279 878 309 Desunt
905 277 983 310 mihi
1015 278 1128 315 verba,
1153 277 1269 309 desunt
1292 276 1466 320 exquisitae
1483 277 1652 308 Oratorum
1683 270 1759 309 for?

263 337 368 368 mulae
391 336 430 368 ad
458 343 583 379 gratum
607 337 749 366 animum
765 358 774 372 ‚
803 344 948 376 quaeque
973 334 1059 365 intus
1083 335 1323 377 persentiscam,
1349 344 1408 376 pro
1435 339 1537 364 vestra
1558 333 1590 363 in
1618 344 1668 364 me
1693 334 1759 365 be-x

269 394 448 425 nevclentia
471 393 578 423 debite
603 393 678 423 satis
704 388 915 422 testificanda!
960 389 1020 420 Sed
1052 390 1130 432 quid
1154 400 1233 433 opus
1257 392 1315 427 sit,
1338 389 1407 421 Viri
1438 388 1650 432 Amplissimi!
1676 394 1761 431 gra.'

269 451 384 480 tiarum
411 449 536 479 actione
566 448 674 479 multis
699 445 804 477 verbis
833 444 1017 483 referenda,
1043 446 1100 477 ubi
1127 457 1177 477 me
1203 447 1309 488 ipsum
1338 456 1374 476 ex
1399 445 1460 476 hoc
1482 445 1552 476 loco
1583 445 1677 476 verba
1701 445 1763 477 fat-³

265 496 400 535 cientem
428 504 634 540 intueamini,
668 504 787 538 visuri,
819 508 981 544 quantum
1011 502 1086 532 haec
1118 508 1257 533 mentem
1291 500 1528 533 commoveant!
1574 496 1659 540 Quid
1689 507 1764 532 :ie-³

268 571 351 592 cesse
385 561 443 598 sit,
467 558 631 602 profiteri,
656 569 707 589 me
731 558 852 590 viribus
872 558 1026 589 omnibus
1056 559 1263 593 annisurum,
1288 564 1322 588 ut
1347 558 1380 587 in
1405 557 1507 588 delata
1534 556 1573 587 ad
1598 567 1648 587 me
1669 568 1760 599 pro·-

267 616 422 652 sessione,
447 625 656 658 quaecunque
685 615 833 657 imposita
857 615 938 653 sint,
971 612 1094 650 officia,
1130 620 1237 644 sancta
1261 613 1324 644 fide
1351 612 1512 655 expleam,
1535 612 1632 655 idque
1661 613 1763 644 mul·-

268 675 306 704 tis
333 671 457 703 blandis
487 670 658 702 verborum
688 670 872 709 lenociniis,
903 680 1010 701 coram
1047 669 1167 706 Vobis,
1199 680 1306 700 coram
1337 669 1396 699 hac
1419 670 1646 711 spectatissima
1676 671 1762 700 Aur

263 729 403 760 (litorum
430 738 570 765 corona,
601 728 660 757 rite
687 726 853 769 polliceri?
897 725 1056 768 Equidem
1081 736 1168 756 emm
1191 715 1305 763 tactis,
1331 735 1398 756 non
1424 736 1500 756 vero
1529 724 1648 761 verbis⁷
1673 736 1764 767 gra--

264 792 333 816 tum
370 785 513 815 animum
546 783 725 814 testandum
759 785 977 825 virtutemque
1014 782 1210 823 probandam
1257 792 1324 813 esse
1367 782 1526 812 existimo,
1595 782 1762 821 interim,-

264 852 361 884 qnam
389 842 503 882 exigua
528 850 596 870 mea
620 842 684 871 sint
713 842 844 877 merita,
876 849 973 881 quam
996 837 1116 869 debiles
1148 838 1227 869 mihi
1261 840 1365 876 vires,
1402 837 1502 880 probe
1526 839 1612 876 scio,
1646 837 1765 880 idpie-

264 908 396 940 magnas
422 898 530 927 animo
554 895 784 928 sollicitudines
804 897 908 938 parit,
939 895 1079 933 verenti,
1109 896 1177 926 Viri
1207 892 1430 936 Amplissimi!
1465 904 1504 925 ne
1530 904 1580 924 me
1607 893 1647 924 ad
1671 904 1765 925 mur

265 964 327 984 nus
353 953 414 984 hoc
439 952 640 991 obeundum,
664 951 764 994 pluris
788 962 884 994 quam
910 951 1027 993 dignus
1049 953 1108 982 sim
1125 973 1134 990 ,
1169 949 1307 981 faciatis:
1339 956 1497 987 attamen,
1528 951 1554 981 si
1579 960 1662 992 ego,
1694 961 1744 981 ac-

265 1008 463 1040 mmmodate
488 1009 526 1039 ad
553 1008 758 1046 methodum,
790 1019 887 1051 quam
918 1007 1144 1039 celeberrimus
1182 1007 1216 1037 in
1250 1006 1308 1038 hac
1335 1006 1508 1038 Academia
1540 1016 1740 1037 spiczmus

264 1065 387 1108 primus
413 1066 593 1108 Europaeos
625 1064 760 1102 docuit,
785 1066 848 1105 jam
874 1072 979 1096 autem
1003 1065 1036 1095 in
1068 1065 1106 1095 iis
1131 1062 1246 1095 officiis
1276 1062 1433 1106 publicis,
1458 1074 1539 1105 quae
1569 1073 1631 1105 ope
1653 1062 1742 1093 disci·

263 1120 424 1164 plinarum
458 1121 753 1152 mathematicarum
788 1120 976 1163 indigeant,
1009 1127 1077 1152 tum
1111 1120 1252 1151 consiliis
1283 1121 1381 1157 meis,
1415 1126 1485 1150 tum
1519 1130 1553 1150 re
1579 1119 1661 1161 ipsa,
1683 1117 1742 1149 ali-

265 1178 345 1219 quid
370 1178 511 1217 contuli3
542 1178 568 1209 si
592 1179 626 1209 in
654 1180 844 1216 Iuventate,
875 1177 960 1220 apud
987 1180 1154 1220 Hagauos,
1187 1176 1227 1207 ad
1259 1176 1502 1207 mathematicos
1538 1182 1620 1206 artes
1646 1185 1743 1206 exco-

266 1233 377 1273 lenda,
407 1235 564 1278 regiisque
596 1234 728 1278 pueris,
766 1233 826 1264 sub
859 1234 994 1276 imperio
1023 1235 1117 1275 Regis
1149 1243 1358 1265 Lunovmr
1378 1255 1388 1270 ,
1421 1233 1619 1264 Mathemata
1647 1239 1744 1275 atque

266 1292 423 1335 principia
453 1293 528 1322 artis
554 1291 684 1323 bellicae
717 1289 890 1328 tradend03
914 1290 948 1320 in
970 1289 1071 1327 hisce,
1095 1290 1249 1333 iuquam,
1272 1290 1298 1320 si
1326 1288 1406 1331 quid
1432 1299 1490 1331 pro
1515 1287 1622 1319 studio
1650 1300 1737 1331 prae-
1770 1306 1772 1308 ·

268 1346 402 1390 stitaque
427 1347 490 1379 fide
514 1348 646 1379 meritus
670 1336 765 1386 sum3
795 1348 821 1378 si
850 1346 988 1390 deniqne
1009 1353 1136 1390 postea,
1169 1356 1271 1389 quum
1296 1345 1429 1376 Parisiis
1457 1345 1575 1375 Patriae
1605 1344 1743 1377 dedecus

269 1409 364 1445 atque
392 1410 589 1435 contemtum
617 1405 753 1447 experiri
779 1403 973 1441 noluissem,
998 1409 1047 1440 at,
1070 1402 1176 1445 Belgio
1208 1401 1357 1439 liberato,
1382 1402 1415 1432 iu
1445 1402 1567 1444 Lycaeo
1591 1401 1741 1441 Militari,
1770 1405 1772 1421 ³

268 1459 362 1501 cujus
393 1461 479 1491 testis
501 1461 540 1491 sit
564 1462 717 1491 Juventos
741 1459 982 1497 ibi'instructa,
1015 1459 1161 1501 flagranti
1193 1460 1228 1489 in
1251 1460 1386 1489 Patriam
1412 1468 1448 1489 ac
1472 1460 1590 1500 Regem
1614 1469 1741 1497 amore,

267 1514 308 1545 ab
338 1516 494 1559 impositis
524 1517 602 1547 mihi
629 1516 744 1548 officiis
771 1527 838 1547 non
865 1515 1013 1553 discessi,
1039 1515 1115 1546 haec
1139 1514 1263 1552 Vobis,
1288 1514 1357 1546 Viri
1386 1513 1595 1557 Amplissimi!
1621 1515 1739 1557 pigno-

268 1573 294 1602 ri
322 1573 385 1602 sint
410 1579 504 1615 atque
533 1573 748 1613 hostimenm,
777 1584 850 1616 me,
881 1573 908 1604 si
936 1571 1056 1614 placeat
1086 1573 1174 1609 Deo,
1205 1582 1265 1614 pro
1293 1571 1411 1602 virium
1437 1577 1532 1614 atque
1556 1571 1664 1602 aetatis
1691 1571 1739 1602 vi-

267 1637 362 1669 gore,
398 1631 559 1670 promtssis
588 1640 654 1661 non
687 1628 885 1660 defuturum.
936 1628 1011 1659 Hoc
1037 1633 1143 1658 autem
1178 1626 1258 1657 mihi
1297 1638 1358 1670 pro
1395 1628 1572 1658 certissimo
1595 1626 1740 1666 constat,

268 1684 447 1726 cuicunque
467 1674 575 1727 atiquo
594 1679 734 1716 >munere
758 1685 888 1727 publico
913 1683 1114 1726 fungendum
1146 1684 1201 1722 sit,
1225 1683 1313 1714 hunc
1334 1684 1442 1714 omnia
1469 1684 1606 1720 Patriae,
1630 1684 1740 1714 omnia

267 1740 344 1780 Regi
368 1739 480 1771 debere
498 1763 508 1777 ,
543 1741 603 1771 sibi
634 1747 740 1771 autem
771 1752 838 1772 non
866 1741 928 1771 nisi
961 1740 1214 1777 conscientiam,
1247 1738 1335 1782 quod
1373 1738 1454 1770 bene
1484 1745 1631 1781 recteque
1665 1749 1738 1782 ege·

268 1795 328 1833 rit,
358 1796 508 1838 quodque
537 1797 656 1839 gloriae
683 1807 758 1828 suae
790 1808 827 1828 ex
860 1795 996 1827 fideliter
1030 1795 1252 1827 administrato
1284 1805 1417 1826 munere
1448 1795 1613 1826 consulere
1641 1805 1737 1827 cona·

269 1856 322 1880 tus
349 1851 398 1882 sit.
447 1854 525 1891 lloc,
559 1855 626 1884 Viri
658 1851 875 1896 Amplissimi!
911 1854 1020 1883 animo
1057 1862 1129 1883 meo
1165 1851 1302 1882 infixum
1325 1857 1390 1889 est,
1422 1850 1496 1881 inde
1526 1850 1622 1882 decus
1656 1852 1735 1883 civis

268 1905 401 1947 Belgici,
425 1909 559 1948 pretium
584 1910 644 1940 viri
671 1909 764 1952 probi
792 1909 934 1947 deduco,
954 1908 1096 1951 dumque
1123 1909 1225 1939 Deum
1252 1907 1419 1950 Optimum
1442 1908 1618 1938 Muimum
1638 1918 1732 1939 enexe

268 1972 399 2005 precor,
423 1970 458 1995 ut
485 1964 564 1996 mihi
583 1965 788 2000 tales‘mores
817 1971 1004 2005 conservet,
1037 1966 1189 2008 Vosque,
1217 1974 1326 2002 omui,
1359 1973 1423 2006 qua
1445 1973 1503 2007 par
1528 1970 1593 2004 est,
1624 1963 1732 1995 obser·

1657 2029 1735 2053 Vdu-
