1913 2417
283 198 330 239 78-
475 209 479 212 ·
549 194 783 236 JACOBI
841 194 1154 228 HERMANI
1209 195 1524 229 PHILIPSE

283 282 525 317 Delvincurtius,
559 281 602 310 ad
622 282 652 309 Ιι.
676 280 697 309 Ι.
724 281 752 309 in
781 285 844 310 not.
875 289 905 316 p.
923 286 998 317 347,
1026 285 1053 309 et
1070 280 1277 317 Proudhonus,
1306 281 1329 311 l.
1354 281 1375 311 Ι.
1407 289 1437 317 p.
1457 289 1544 318 173„
1569 279 1655 317 idque
1676 286 1712 312 ex
1732 282 1806 320 ipso.

285 334 341 363 hoc
367 339 429 362 art.
450 342 514 371 124.
541 332 612 360 satis
636 338 749 367 patere,
778 339 843 360 cum
873 330 960 368 huJ'us
983 331 1128 361 cautionis
1156 333 1262 360 mentio
1285 338 1394 361 tantum
1416 332 1465 361 fiat
1489 332 1518 360 in
1547 332 1645 364 ultima
1672 333 1795 363 articuli

284 391 384 422 parte,
405 392 477 420 quae
502 383 560 420 agit
585 383 618 411 de
640 382 823 412 dissolvenda
845 382 1069 412 communione:
1091 383 1151 412 imo
1174 382 1244 411 satis
1267 383 1420 412 absurdum
1448 383 1633 418 existimant,
1662 384 1795 419 maritum

285 436 338 464 hac
362 434 534 463 necessitate
554 433 713 469 adstringi,
736 432 845 470 quippe
867 434 917 469 qui
941 434 1008 470 plus
1027 434 1099 471 J‘uris
1118 442 1178 463 non
1190 433 1317 475 accipiat
1332 440 1451 470 propter
1475 434 1708 465 communionem
1724 444 1798 466 con.

287 486 444 520 tinuatam,
477 493 560 519 quam
586 493 645 520 quo
671 490 736 513 ante
755 485 814 521 jam
838 484 956 520 gavisus
977 492 1041 520 est,
1065 492 1130 513 cum
1154 484 1264 521 absque
1279 485 1336 513 ulla
1351 485 1485 514 cautione
1501 485 1698 514 communioni
1717 494 1798 523 praeq

288 535 367 570 fuit3
397 536 526 571 adeoque
552 535 576 563 si
599 543 629 563 ea
654 543 699 563 res
724 534 755 562 in
778 534 896 563 dubium
927 542 1095 571 vocaretur,
1124 536 1159 564 de
1183 537 1244 564 sola
1269 544 1357 565 uxore
1385 535 1461 565 forte
1487 535 1696 566 dubitationem
1727 524 1800 571 oriri

285 595 388 623 posse:
412 586 535 622 denique
557 586 629 614 satis
654 585 786 621 iniquum
814 584 897 621 fore,
926 586 1078 623 conjugem
1104 587 1306 624 superstitem,
1335 586 1362 616 si
1383 586 1460 616 forte
1484 586 1647 617 cautionem
1668 587 1797 619 invenire

288 645 347 666 non
373 643 494 673 posset,
517 643 667 673 propterea
690 636 761 673 legis
778 635 916 665 beneficio
941 638 1063 673 privare.

326 687 411 716 Licet
435 694 528 717 autem
553 687 635 724 prius
659 693 857 724 argumentum
878 687 1003 723 aliquam
1026 688 1155 718 veritatis
1177 687 1301 724 speciem
1325 687 1445 725 habeat,
1469 689 1541 719 idem
1566 697 1627 718 non
1648 689 1802 724 dicendum

287 745 332 768 est
356 739 390 767 de
419 739 526 767 altero:
557 738 659 767 missio
687 739 762 767 enim
790 738 822 767 in
848 739 1060 774 possessionem
1089 739 1230 769 bonorum
1259 745 1286 768 et
1310 740 1519 769 administratio
1540 740 1686 771 fiduciaria
1712 740 1803 778 magis

287 789 318 819 in
339 790 477 821 Absentis
502 789 619 826 gratiam
643 789 804 819 constituta
831 790 964 825 videtur,
993 796 1021 818 et
1040 790 1138 819 cautio
1164 791 1248 819 unice
1273 791 1446 827 requiritur,
1469 798 1501 820 ut
1523 791 1581 827 ipsi
1608 791 1706 828 eJ‘usve
1724 791 1802 820 here-

289 841 374 869 dibus
411 840 499 876 magis
527 846 644 868 cautum
673 839 723 868 sit.
766 840 821 868 Sed
845 846 873 868 et
898 840 986 876 priori
1011 848 1180 877 argumento
1202 842 1282 870 valde
1303 842 1400 871 obstat
1422 848 1484 871 art.
1506 851 1595 878 129.,⁴
1620 843 1649 871 in
1671 850 1730 878 quo
1753 850 1802 871 ex-

289 900 389 928 pressa
413 891 522 920 mentio
549 890 584 919 fit
607 889 752 920 cautionis
780 891 929 927 praestitae
953 891 1036 920 etiam
1068 893 1236 921 continuata
1265 893 1488 929 c01nmunione3
1518 898 1596 921 certo
1620 893 1747 928 indicio,
1767 900 1804 921 ne

291 942 456 972 continuari
492 941 605 977 quidem
635 949 724 978 posse
748 942 998 978 communionem,
1027 943 1084 972 nisi
1114 943 1194 979 prius
1225 943 1326 973 idonea
1358 943 1492 973 cautione
1519 951 1638 972 securus
1673 944 1806 973 reddatur

292 994 408 1023 Absens
435 993 468 1020 de
483 992 729 1021 administratione
744 993 896 1029 superstiti
915 1001 1051 1022 concessa
1070 994 1152 1029 (vid.
1170 994 1341 1030 Maleville,
1360 995 1403 1023 ad
1414 1001 1476 1024 art.
1489 1003 1554 1030 124.
1571 1003 1602 1030 p.
1622 1001 1696 1032 140,
1715 996 1800 1031 sq.)=

290 1045 372 1080 quod
393 1043 526 1079 profec-to
549 1042 627 1071 omni
647 1042 790 1078 probabili
812 1044 922 1073 ratione
938 1052 997 1072 non
1013 1045 1199 1079 destituitur,
1225 1045 1249 1072 si
1269 1053 1342 1073 uxor
1357 1046 1428 1073 hanc
1445 1044 1717 1074 administrationem
1736 1053 1805 1074 sus-

289 1095 417 1130 ceperit3
443 1101 514 1128 quae
533 1101 618 1128 cum,
641 1099 672 1120 ut
687 1093 848 1123 videbimus
865 1096 894 1131 §.
907 1102 973 1130 sq.,
995 1101 1094 1130 postea
1107 1095 1306 1124 communioni
1325 1096 1483 1124 renuntiare
1499 1095 1614 1131 possit,
1636 1095 1676 1123 sic
1691 1095 1804 1126 interim

294 1147 349 1174 hoc
374 1144 494 1172 remedio
517 1142 610 1179 freta,
638 1143 714 1172 forte
738 1145 929 1181 negligentius
949 1153 980 1174 se
1002 1145 1032 1174 in
1055 1146 1301 1175 administratione
1333 1153 1458 1182 gereret,
1487 1153 1537 1174 aut
1565 1146 1806 1183 bona<dilapida-

293 1203 337 1226 ret
364 1195 494 1232 periculo
516 1194 675 1230 Absentis,
695 1195 794 1231 eJ'usve
818 1195 961 1225 heredum.
1004 1197 1064 1225 lmo
1078 1205 1144 1226 cum
1168 1198 1295 1234 conjux,
1319 1197 1370 1226 hac
1386 1197 1591 1225 communione
1614 1196 1802 1233 continuata,

292 1249 376 1277 etiam
399 1245 515 1275 alterius
540 1245 615 1274 bona
638 1245 755 1281 propria
780 1246 975 1282 administret,
996 1254 1072 1276 recte
1095 1248 1178 1278 etiam
1194 1258 1209 1277 a
1227 1249 1329 1277 marito
1344 1248 1410 1277 talis
1425 1248 1522 1276 cautio
1540 1247 1682 1284 exigitur:
1705 1256 1806 1284 quam-

294 1299 339 1327 vis
367 1297 441 1326 enim
477 1295 599 1331 marito,
627 1295 709 1324 etiam
741 1303 890 1331 praesente
918 1306 1007 1326 uxore
1035 1299 1132 1327 eadem
1157 1300 1363 1328 administratio
1386 1300 1444 1336 jam
1468 1298 1605 1335 permissa
1628 1297 1716 1327 fuerit
1741 1304 1805 1328 art.

290 1350 383 1386 ³423·
406 1348 448 1376 10.
469 1353 495 1375 et
517 1348 562 1375 20.
576 1366 586 1382 ,
614 1352 736 1375 attamen
759 1355 805 1376 res
827 1347 990 1377 immobiles
1013 1350 1111 1378 uxoris
1138 1350 1200 1378 sine
1221 1351 1281 1386 ejus
1304 1357 1449 1378 consensu
1469 1349 1588 1377 alienare
1603 1356 1662 1377 non
1683 1354 1805 1385 potest,

295 1405 360 1428 art.
382 1399 465 1436 1428.
489 1397 555 1434 30.;
585 1403 613 1425 et
641 1397 683 1425 sic
708 1397 791 1426 etiam
815 1398 948 1428 cautione
970 1399 1053 1428 uxori
1077 1400 1310 1436 prospiciendum
1335 1400 1408 1435 fuit,
1438 1407 1473 1428 ne
1490 1401 1609 1428 maritus
1635 1407 1689 1435 pro
1711 1399 1807 1428 lubitu

297 1459 330 1480 se
352 1455 469 1487 gereret.
511 1448 652 1484 Insuper,
679 1456 744 1476 cum
769 1455 888 1485 propter
904 1450 1015 1478 obitum
1033 1451 1171 1480 Absentis
1192 1452 1282 1480 serius
1300 1451 1460 1480 nuntiatum
1486 1450 1546 1479 fieri
1567 1450 1680 1486 possit,
1708 1456 1741 1479 ut
1758 1458 1808 1480 su·

298 1508 407 1538 perstes
435 1499 667 1528 communionem
691 1499 841 1528 continuet
863 1507 930 1536 post
953 1508 1072 1530 mortem
1095 1502 1212 1530 alterius
1237 1503 1391 1539 conjugis,
1412 1508 1439 1530 et
1455 1501 1496 1530 sic
1511 1502 1574 1538 J'ure
1591 1507 1707 1537 utatur,
1728 1501 1808 1538 quod

296 1553 424 1581 incertus
457 1549 493 1578 rei
523 1556 644 1578 eventus
668 1549 726 1586 ipsi
753 1558 811 1578 non
845 1551 1027 1586 competiisse
1049 1552 1182 1587 docebit,
1209 1552 1291 1580 etiam
1323 1552 1580 1581 administrationis
1610 1559 1726 1582 mortuo
1747 1553 1806 1590 jam

298 1603 427 1633 Absentc
453 1606 547 1637 gestae
573 1601 698 1629 rationes
722 1601 832 1628 reddere
852 1601 965 1629 debebit
988 1603 1157 1639 heredibusg,
1180 1603 1245 1631 scil.
1269 1609 1409 1639 quatenus
1432 1603 1507 1632 bona
1528 1603 1694 1632 communia
1716 1603 1805 1633 admi-

298 1652 481 1686 nistraverit,
511 1659 582 1688 quae
609 1652 633 1679 si
659 1651 724 1687 ipso
744 1658 889 1680 momento
913 1654 1125 1681 communionis
1147 1653 1305 1682 dissolutae
1329 1654 1443 1690 partitio
1466 1653 1542 1682 facta
1571 1660 1666 1690 esset,
1690 1655 1726 1684 ad
1753 1661 1803 1684 eos

301 1703 526 1741 pertinuissent,
561 1709 610 1730 aut
640 1702 715 1730 bona
742 1702 881 1731 Absentis
910 1703 1045 1740 propria3
1075 1704 1203 1739 adeoque
1225 1704 1309 1732 nobis
1338 1704 1450 1740 quidem
1473 1713 1721 1744 persuasumlnon
1744 1711 1810 1741 est,

301 1756 370 1783 adeo
397 1753 516 1782 absurde
537 1753 699 1781 cautionem
724 1753 799 1781 datis
822 1753 1042 1790 fidejussoribus
1066 1755 1141 1791 exigi
1163 1754 1197 1782 ab
1222 1761 1346 1791 utroque
1364 1756 1506 1792 conjuge,
1530 1756 1554 1784 si
1573 1756 1807 1785 communionem
1828 1747 1841 1750 '¹

302 1807 470 1834 continuare
494 1804 573 1832 velit.
616 1803 692 1832 Cum
723 1804 797 1832 enim
822 1811 849 1832 et
871 1805 1007 1842 conjugi,
1030 1805 1081 1841 qui
1105 1806 1338 1835 communionem
1364 1807 1597 1842 continuaverit,
1618 1806 1807 1835 inventarium

302 1855 510 1884 conii-siendum
536 1854 593 1889 sit,
615 1861 647 1882 ut
670 1854 812 1891 Absenti,
833 1855 930 1892 ejusve
952 1856 1102 1885 heredibus
1129 1857 1229 1886 idonee
1250 1864 1365 1886 cautum
1390 1859 1449 1892 sit,
1474 1858 1573 1893 quidni
1596 1863 1623 1885 et
1640 1857 1712 1886 hanc
1736 1865 1803 1886 cau-

304 1907 432 1939 tiora-m,
455 1912 526 1939 quae
550 1905 592 1931 vel
615 1905 734 1934 maxime
759 1906 788 1934 in
811 1907 989 1935 securitatem
1014 1907 1152 1936 Absentis
1175 1915 1391 1944 ceterorumque
1414 1909 1523 1943 tendit,
1546 1909 1731 1937 necessariam
1751 1916 1806 1945 pu-

308 1963 394 1985 tasset
415 1955 586 1990 legislator?
608 1964 672 1984 cum
693 1956 810 1991 insuper
832 1961 980 1993 possessio
998 1959 1141 1988 fiduciaria
1161 1959 1302 1988 bonorum
1319 1959 1515 1987 communium
1530 1959 1677 1995 superstiti
1698 1966 1806 1988 tantum

305 2015 446 2038 concessa
473 2005 509 2033 sit
535 2013 652 2042 propter
676 2006 809 2037 incertam
834 2009 973 2039 Absentis
996 2010 1191 2041 conditionem
1223 2011 1272 2049 (si
1295 2010 1368 2040 enim
1391 2011 1424 2040 de
1445 2012 1505 2048 ejus
1529 2017 1622 2041 morte
1645 2016 1807 2044 constaret,

1787 2063 1814 2088 tt
