1913 2417
257 136 650 190 'C'OMMENTATIO
678 165 725 187 An
754 155 1110 196 QUAESTIONEM
1133 156 1415 195 JURIDICAM.
1559 166 1599 196 27

82 244 146 274 *imo
167 242 192 272 si
216 250 300 272 nemo
324 242 447 278 existat,
468 241 518 277 qui
540 241 604 278 jure
627 247 682 268 suo
709 245 809 268 contra
825 240 982 269 Absentem
1007 239 1127 277 experiri
1149 239 1265 276 cupiat,
1288 246 1316 268 et
1338 239 1529 270 nihilominus
1549 248 1593 270 res

77 294 233 324 vderelictae
256 294 362 331 iudicis
385 293 522 322 auxilium
546 291 718 327 implorent,
740 291 835 319 eadem
863 291 952 320 aderit
973 292 1067 329 ratio,
1090 300 1155 320 cum
1177 290 1261 319 facile
1284 290 1395 327 insigne
1413 296 1525 327 caperet
1547 291 1596 319 tie-

75 345 261 381 ·>trimentum.,
293 345 319 373 si
341 344 417 373 bona
441 344 471 373 in
492 348 570 372 statu
596 351 655 378 quo
682 341 793 370 fuerant
809 362 819 377 ,
847 342 1083 378 relinquerentur.
1123 343 1200 374 cum
1232 343 1321 380 igitur
1351 349 1413 373 art.
1441 351 1504 372 112.
1535 351 1595 371 uon

80 395 153 425 satis
177 396 260 424 rebus
285 395 423 424 Absentis
448 400 636 431 prospect-um
661 399 755 428 esset,
777 393 918 429 sapienter
942 400 1003 424 art.
1028 402 1092 430 114.
1124 394 1284 424 constituit
1310 394 1458 431 legislator
1481 394 1595 423 Absen-

76 447 120 476 ·tis
141 445 340 481 defensorem,
361 445 413 482 qui
436 453 495 475 non
519 446 614 474 solum
637 450 737 473 contra
765 444 888 473 aliorum
906 444 1063 480 petitiones
1084 454 1148 474 eum
1169 452 1316 481 tueretur,
1337 446 1389 474 sed
1412 451 1441 474 et
1464 445 1526 481 ipse
1541 453 1596 481 pro

79 506 115 527 eo
135 504 248 534 ageret,
277 496 328 526 ubi
351 496 506 525 necessitas
534 497 564 525 id
593 496 764 532 postularet.
811 495 966 532 Ejusmodi
988 504 1056 524 vero
1086 496 1257 525 Absenti-um
1293 496 1470 526 defensorem
1498 496 1598 531 legiti-

78 556 180 583 mum,
196 556 350 585 quemnam
376 547 477 584 potius
501 548 602 585 eligere
622 548 769 585 potuisset
793 554 878 582 quam
899 546 1135 582 Procuratorem,
1165 547 1216 583 qui
1241 547 1393 576 Tribunali
1418 547 1511 583 ipsum
1537 545 1596 574 Im·

77 605 225 637 perantem
241 606 460 636 ,repraesentat,
489 606 516 628 et
541 600 589 628 cui
617 598 746 628 omnium
772 597 829 626 fere
853 598 1054 634 negotiorum,
1084 606 1155 634 quae
1176 598 1310 634 inprImis
1332 598 1467 635 publicae
1494 603 1597 626 aucto-

81 650 175 679 ritatis
208 658 273 679 esse
307 651 468 687 videntur,
505 659 574 680 cura
605 651 739 688 specialis
776 650 941 679 demandata
970 657 1015 679 est
1048 655 1110 679 art.
1141 650 1188 686 83.
1224 650 1254 679 C.
1293 649 1328 678 dc
1354 656 1417 679 rat.
1445 657 1528 688 proc.
1564 650 1598 676 iu

78 703 137 731 civ.
163 702 224 738 (22
234 703 260 738 >⁴

120 753 164 781 Ac
190 752 285 788 primo
315 752 428 789 quidem
449 760 510 781 non
528 752 701 789 ambigitur,
731 751 802 788 quin
824 752 857 780 in
879 751 958 781 omui
983 751 1121 788 petiti0ne
1143 757 1243 780 contra
1264 750 1419 779 Absentem
1444 749 1522 779 facta
1546 757 1598 785 pe-

84 803 204 832 culiaris
231 811 349 832 caussae
372 803 503 840 cognitio
525 812 541 832 a
562 804 749 833 Procuratore
773 803 867 839 Regio
891 802 1039 839 exigatur,
1059 808 1092 831 ut
1116 803 1158 831 sic
1183 801 1333 837 diligenter
1357 800 1508 837 petitionis
1533 808 1598 828 mo-

83 860 176 883 menta
200 854 360 889 examinet,
381 860 410 882 et
432 862 497 883 cum
522 853 677 882 Tribunali
702 853 823 882 consilia
849 853 1063 888 communicet,
1086 861 1162 889 quae
1182 852 1321 882 Absentis
1342 851 1505 882 conditioni
1526 859 1598 879 con-

80 904 185 935 ducere
206 905 261 933 sibi
281 904 451 939 videantur,
473 913 509 933 ne
532 911 637 934 temere
660 904 689 933 in
715 912 812 933 eorum
835 904 1034 934 detrimentum
1059 904 1130 940 quid
1155 904 1311 933 sanciatur.
1351 901 1484 933 Libellus
1505 901 1594 938 igitur

82 955 250 991 petitionem
265 962 364 985 contra
377 955 557 993 Absentem,
577 957 662 993 qu'us
684 956 861 985 domicilium
888 956 973 992 plane
995 954 1156 992 ignoratur,
1175 955 1371 991 complectens
1384 975 1394 991 ‚
1420 963 1479 983 non
1499 953 1595 982 solum

87 1005 205 1043 publice
228 1007 310 1036 debet
333 1007 419 1044 adfigi
439 1007 475 1036 ad
497 1008 596 1037 valvas
617 1008 680 1044 eJus
702 1007 891 1042 Tribunalis,
918 1007 970 1035 ubi
994 1006 1072 1035 actio
1095 1005 1272 1042 intentatur,
1300 1006 1349 1035 sed
1379 1012 1408 1035 et
1434 1005 1599 1041 exemplum

77 1058 145 1094 ·ejus
172 1058 359 1087 obserendum
383 1064 427 1087 est
449 1058 633 1088 Procurator-i
653 1058 767 1095 Regio,
789 1064 821 1087 ut
843 1057 916 1086 illud
940 1057 1098 1092 examinet,
1128 1064 1156 1085 et
1178 1057 1240 1093 ipse
1263 1058 1296 1086 de
1317 1056 1467 1093 petitionis
1488 1063 1593 1084 caussa

77 1114 171 1145 *atque
193 1108 288 1138 indole
309 1109 414 1138 certior
436 1108 505 1145 fiat,
528 1115 588 1139 art.
606 1110 654 1146 69.
680 1109 724 1139 80.
751 1109 820 1139 θοαί.
843 1108 877 1137 de
900 1116 962 1138 rat.
982 1115 1065 1147 proc.
1087 1110 1120 1137 in
1141 1109 1198 1138 civ.
1224 1109 1330 1146 (23);
1355 1107 1405 1136 sed
1429 1113 1459 1136 et
1481 1107 1601 1142 insuper

78 1159 223 1189 sancitum
252 1166 315 1196 est,
343 1166 377 1189 ut
401 1160 519 1196 quaevis
548 1169 669 1196 caussa,
698 1169 772 1196 quae
798 1160 955 1189 Absentem
980 1166 1044 1188 ante
1065 1159 1223 1196 legitimam
1253 1159 1409 1188 Absentiae
1432 1157 1601 1187 declaratio·-⁴

77 1218 148 1240 nem
172 1217 303 1247 spectat,
325 1212 360 1241 ad
382 1211 580 1241 Procuratoris
599 1211 730 1241 notitiam
751 1211 790 1241 sit
812 1210 981 1246 deferenda,
1008 1216 1072 1241 art.
1091 1212 1137 1247 83.
1154 1210 1201 1248 70.
1223 1209 1283 1239 eod.
1324 1208 1429 1245 Neque
1445 1216 1513 1237 vero
1531 1215 1599 1236 cum

78 1262 335 1301 spangenbergio,
356 1262 398 1291 ad
419 1268 484 1292 art.
507 1272 572 1302 134.
593 1269 653 1293 not.
671 1271 698 1293 1.
725 1270 894 1299 persuasum
919 1261 990 1291 mihi
1014 1262 1117 1290 habere
1138 1269 1280 1297 possum,
1309 1267 1372 1290 art.
1387 1261 1437 1296 69.
1460 1259 1502 1289 80.
1526 1257 1594 1288 eod.

78 1312 118 1342 dc
139 1319 201 1343 rat.
223 1321 275 1352 pr.
295 1315 328 1341 in
349 1314 405 1346 civ.
427 1313 547 1343 omnino
575 1322 635 1344 non
656 1320 785 1351 spectare
807 1313 972 1349 Absentes,
993 1320 1117 1348 quorum
1139 1312 1269 1341 conditio
1292 1313 1375 1348 plane
1401 1312 1509 1341 incerta
1535 1314 1600 1344 est,

82 1362 151 1392 licet
176 1364 308 1393 ultimum
333 1373 431 1394 eorum
455 1365 636 1395 domicilium
658 1365 809 1402 cognitum
834 1365 893 1399 sit,
921 1364 971 1392 sed
991 1371 1041 1392 eos
1064 1370 1196 1399 tantum,
1219 1363 1270 1399 qui
1295 1363 1326 1392 in
1352 1371 1441 1400 regno
1471 1363 1599 1399 degunt,

83 1421 115 1444 et
141 1423 263 1450 quorum
287 1416 350 1445 sola
373 1417 564 1445 commoratio
593 1416 700 1446 incerta
723 1422 785 1446 est:
814 1424 879 1445 nam
905 1416 972 1444 licet
995 1421 1023 1444 et
1045 1415 1234 1450 Malevillio,
1263 1414 1305 1444 ad
1327 1421 1390 1445 art.
1415 1422 1478 1451 134.
1501 1412 1602 1440 adsen-

86 1465 212 1494 tiendum
237 1472 356 1502 putem,
374 1466 403 1495 si
428 1466 551 1496 Absenti
574 1468 701 1498 Curator
723 1477 738 1496 a
758 1467 857 1504 J'udice
878 1467 962 1496 datus
980 1467 1037 1501 sit,
1068 1467 1136 1495 huic
1162 1466 1292 1494 libellum
1318 1464 1424 1495 obferri
1447 1469 1598 1499 oportere,

85 1517 185 1546 minus
207 1524 282 1546 recte
305 1523 396 1546 tamen
415 1517 481 1546 inde
500 1519 635 1548 concludi
651 1527 739 1555 posse
759 1519 890 1553 videtur,
912 1518 1052 1546 nemiuem
1073 1525 1128 1546 suo
1149 1518 1214 1554 jure
1237 1523 1302 1543 cum
1328 1515 1456 1544 Absente
1476 1513 1600 1550 experiri

42 1601 46 1604 ⁴
88 1575 197 1604 posse,
218 1568 274 1597 nisi
299 1568 380 1604 prius
406 1577 421 1597 a
442 1569 538 1605 iudice
561 1569 690 1606 petierit,
711 1575 744 1597 ut
762 1569 885 1597 Absenti
909 1568 1036 1597 Curator
1057 1569 1156 1602 detur,
1186 1566 1237 1602 qui
1262 1566 1324 1603 ejus
1348 1573 1479 1595 caussam
1503 1563 1602 1592 defen-

82 1619 130 1648 clat
154 1619 184 1648 in
206 1619 331 1657 Judicio·
370 1619 464 1654 Nam,
485 1627 518 1649 ut
539 1620 722 1655 omittamus,
751 1620 782 1649 in
803 1627 867 1649 art.
887 1619 934 1655 83·
957 1617 1002 1647 6⁰.
1024 1625 1051 1647 et
1077 1617 1120 1653 70.
1155 1616 1225 1646 Cod.
1259 1617 1293 1646 dc
1320 1623 1381 1647 rat.
1408 1624 1456 1655 pr.
1483 1617 1515 1644 in
1539 1615 1598 1644 civ.

85 1669 228 1706 distingui
264 1669 409 1699 Absentes
433 1671 467 1699 ab
491 1671 548 1706 iis,
577 1672 628 1707 qui
648 1672 676 1700 in
703 1672 752 1700 lite
775 1670 927 1699 Curatoris
949 1670 1058 1698 auxilio
1080 1668 1229 1705 indigent,
1259 1676 1318 1697 non
1347 1675 1458 1705 semper
1481 1665 1600 1703 publice

86 1726 234 1757 constat,
259 1727 363 1751 utrum.
392 1722 460 1758 quis
485 1728 596 1752 tantum
625 1731 642 1751 a
663 1723 732 1752 loco
762 1721 902 1751 domicilii
933 1721 1027 1758 absit,
1057 1728 1092 1749 an
1113 1727 1182 1748 vero
1216 1720 1392 1756 praesumtio
1421 1717 1597 1753 Absentiae‚

1531 1776 1602 1804 qua-

115 1859 182 1887 (οι)
204 1860 240 1884 De
265 1861 333 1887 hujus
359 1863 460 1885 muneris
488 1862 566 1886 indole
597 1869 623 1886 ac
652 1862 740 1886 τιῑῖοπε
768 1862 870 1890 inirimis
903 1861 1004 1884 conferri
1032 1865 1130 1883 meremi-
1155 1862 1224 1889 ampl.
1249 1860 1352 1888 Mersin,
1381 1858 1471 1886 Ripen.
1497 1857 1519 1879 in
1543 1860 1604 1880 voce

91 1898 214 1921 Minister«
232 1902 325 1930 pxhlic,
345 1909 367 1925 et
389 1910 443 1926 cons
435 1904 484 1928 ult.
499 1904 575 1930 Meyer
595 1907 618 1926 jn
639 1904 777 1932 scripum-,Q
795 1904 830 1926 cui
850 1905 941 1926 titulus:
960 1908 1010 1923 orer
1026 1902 1050 1922 de
1068 1901 1135 1922 noel:
1138 1901 1278 1927 all-‘Weiqllxeid
1294 1907 1336 1922 rau
1356 1905 1421 1922 centn
1436 1905 1502 1928 prm
1499 1898 1537 1918 ’Νῐ
1532 1889 1607 1918 “lm

82 1938 165 1966 ultonem
186 1942 267 1970 Ruri,
289 1949 336 1970 png
349 1946 391 1971 ⁸6,
409 1950 458 1972 „qq

115 1981 185 2009 (23)
208 1982 262 2006 vid.
281 1984 444 2014 Delrimcnn,
464 1985 487 2008 in
507 1985 566 2009 noris
586 1988 613 2009 ad
633 1992 673 2010 art.
693 1992 740 2015 ¹3⁴·
761 1994 784 2015 p.
801 1992 850 2015 349·
879 1987 929 2008 adn.
942 1992 966 2014 4.

879 2028 905 2056 D
927 2036 943 2056 2
