1913 2417
386 160 658 194 RESPONSIO
684 162 732 195 Aa>
762 160 1131 202 QUA‘ESTIONEM
1157 161 1488 196 LITERARI'AM.
1659 167 1701 201 25

181 241 438 279 dum-arbitramur
451 248 547 278 locum
567 248 738 286 Thucydidis
753 249 840 286 (1),
860 255 920 283 quo
941 247 1047 282 tradit,
1069 246 1168 275 urbem
1184 246 1374 282 Amphipolin
1389 245 1617 276 Atheniensibus
1639 246 1697 274 uti-

182 301 355 330 -lemssfuisse
380 302 468 336 ξύλων
490 302 704 336 ναυπηγησίμων
728 305 837 337 πομπῇ.
867 298 1008 336 'Quantas
1032 305 1123 326 autem
1152 298 1328 333 direptiones
1350 298 1574 335 vexationesque
1600 297 1697 326 socio-

180 360 247 381 rum
270 352 432 381 aductbus
456 351 696 388 praetoribusque
720 349 941 379 Atheniensium
966 348 1061 377 >factas
1087 349 1302 385 existimemus,
1336 355 1441 384 quanta
1465 350 1595 386 ipsorum
1622 348 1699 376 furta

178 403 292 438 fuisse,
313 403 448 439 rapinas,
469 402 633 431 avaritiam!
674 401 763 440 Quo'd
786 401 810 430 si
836 408 901 430 ante
926 400 1090 430 translatam
1112 402 1278 436 ἠγεμονίαν,
1307 408 1373 429 cum
1401 400 1472 429 boni
1498 400 1527 429 in
1550 400 1698 436 republica

180 461 276 483 mores
302 460 330 482 et
354 454 470 489 antiqua
495 454 667 490 simplicitas
692 459 864 489 regnarent,
895 451 1105 481 Themistoclem
1135 458 1254 480 constat
1288 452 1379 480 multa
1403 453 1437 480 ab
1462 452 1603 480 insulanis
1624 452 1698 481 clam

178 507 306 542 exegisse
336 506 441 533 talenta
467 505 560 541 (2),
579 511 701 540 ⁷quant0
730 505 811 539 plura
843 503 1062 540 probabileest
1087 503 1177 531 sociis
1210 509 1305 538 erepta
1335 511 1398 531 esse
1433 508 1516 538 tum,
1554 511 1643 538 quum
1674 510 1702 531 et

179 556 382 594 potentissimi
408 554 476 584 facti
492 554 596 584 'essent
621 555 832 591 Athenienses,
854 561 882 584 et
907 553 1133 591 magnificentiae
1155 554 1285 583 studium
1309 560 1395 589 atque
1417 554 1546 583 luxuries
1570 555 1699 584 omnium

176 609 293 637 animos
317 608 503 642 occupasset.
543 606 672 636 Omnino
696 613 741 635 tot
768 615 800 635 ac
825 613 918 635 tantas
945 607 1090 635 sociorum
1123 605 1242 642 injurias
1275 606 1391 641 quando
1415 604 1566 634 nobiscum
1590 613 1702 642 reputa-

173 668 263 694 mus,
294 658 439 694 poeniteat
464 666 519 687 nos
543 659 685 688 interdum
710 666 827 686 necesse
851 664 895 686 est
919 666 1024 687 «eorum
1049 657 1223 694 hominum,
1251 657 1331 693 quod
1355 656 1539 694 turpissimae
1565 657 1699 687 servituti

175 710 328 741 honestam
349 716 469 739 mortem
492 717 554 739 non
572 709 802 747 anteposuerim.

444 980 1418 1018 ‘SECTIOTERTl—A.

781 1102 834 1124 DE
874 1098 1105 1124 MILITI‘A·

168 1187 266 1263 De
287 1224 389 1254 militia
413 1225 561 1255 sociorum
578 1223 768 1254 subditorum
800 1227 942 1261 perpauca
963 1222 1083 1252 dicenda
1109 1227 1201 1257 sunt,
1232 1221 1367 1258 quoniam
1388 1220 1516 1258 plerique
1532 1222 1617 1259 Jam,
1645 1226 1698 1252 an-

170 1283 289 1312 tequam
312 1276 541 1326 subjicerentur,
564 1284 628 1305 sese
651 1276 712 1305 otio
743 1276 896 1310 dederant,
924 1280 953 1303 et
977 1275 1084 1302 tributa
1097 1273 1282 1303 conFerentes
1296 1294 1307 1309 ,
1338 1273 1455 1302 militiae
1480 1275 1629 1303 vacatione
1653 1274 1700 1303 uei

171 1327 309 1363 fuerant3
330 1328 450 1363 reliquis
471 1334 566 1356 autern
589 1333 658 1362 post
680 1327 871 1355 defectionem
893 1326 1001 1354 omnis
1007 1325 1077 1352 belli
1097 1332 1252 1360 apparatus
1266 1325 1399 1352 ademtus
1412 1329 1493 1357 erat,
1516 1323 1554 1351 ita
1577 1331 1608 1352 ut
1629 1333 1701 1360 pau-

172 1377 203 1405 lo
226 1384 291 1404 ante
312 1378 419 1403 bellum
446 1377 726 1411 Peloponnesiacum
752 1384 818 1405 vere
842 1375 951 1406 dixisse
973 1374 1103 1403 videatur
1123 1375 1270 1409 Pericles,
1301 1375 1399 1402 socios
1422 1374 1609 1409 tributarios,
1640 1377 1700 1404 sive

169 1428 306 1461 ὑπηκόους
331 1425 468 1461 pecunias
495 1424 610 1459 quidem
627 1425 794 1460 tpraebere,
819 1425 931 1453 nullum
957 1432 1026 1452 vero
1050 1432 1178 1460 equum,
1207 1425 1315 1452 nullam
1340 1423 1458 1459 navim,
1486 1413 1598 1453 nullum
1625 1426 1700 1454 mili-

170 1484 230 1507 tem
251 1478 329 1514 (3).
367 1475 432 1513 Qua
454 1476 484 1504 in
511 1484 540 1504 re
560 1476 619 1504 duo
642 1482 734 1504 tamen
756 1482 825 1504 sunt
850 1476 985 1504 tenenda:
1009 1475 1155 1511 primurn,
1177 1475 1250 1504 inter
1262 1477 1352 1511 ’ξένους
1379 1476 1439 1503 sive
1466 1475 1571 1504 milites
1596 1484 1701 1506 merce-

174 1529 291 1564 narios,
321 1527 373 1563 qui
398 1527 524 1556 Periclis
547 1533 634 1555 aetate
666 1526 791 1555 conduci
816 1533 995 1563 coeperunt,
1023 1527 1132 1555 multos
1165 1526 1268 1562 procul
1305 1526 1394 1554 dubio
1428 1526 1521 1554 fuisse
1550 1528 1697 1564 ὑπηκόου;;

176 1588 346 1617 quamquam
370 1579 591 1615 gubernatores,
624 1584 669 1613 ct,
691 1584 724 1605 ut
749 1578 894 1615 conjicere
914 1579 1000 1614 lieet,
1030 1579 1112 1607 etiarn
1136 1578 1223 1606 duces
1246 1586 1306 1606 non
1329 1578 1442 1610 nisiex
1466 1576 1580 1606 civibus
1607 1579 1698 1608 Athe-

177 1631 327 1662 niensibus
358 1629 536 1666 eligebantur
566 1629 656 1666 (4):
687 1630 745 1657 Sed
777 1629 832 1657 hoc
861 1629 1056 1658 voluntarium
1083 1635 1140 1658 erat
1169 1635 1197 1657 et
1217 1629 1258 1657 -ad
1281 1628 1408 1664 privatos
1437 1628 1608 1664 pertinebat.
1648 1628 1702 1659 Ar-

175 1689 268 1713 terum
301 1683 357 1710 hoc
386 1687 449 1717 est3
484 1680 626 1717 ejusmodi
653 1679 872 1709 Atheniensium
902 1679 994 1709 fuisse
1016 1689 1081 1709 cum
1108 1680 1197 1708 sociis
1220 1679 1480 1714 necessitudinem,
1509 1681 1615 1715 ut‚'si
1638 1690 1700 1718 gra.

175 1744 210 1764 ve
240 1726 400 1771 periculum
432 1731 609 1766 immineret,
643 1731 724 1759 etiam
755 1732 879 1767 ὑπήιωοι,
910 1732 968 1760 nisi
999 1732 1134 1761 distantia
1166 1733 1295 1760 locorum
1323 1737 1372 1759 aut
1403 1730 1572 1760 facultatum
1608 1733 1700 1762 tenui-

176 1792 233 1815 tate
264 1784 504 1822 prohiberentur,
534 1782 607 1818 ipsis
638 1781 787 1811 debuerint
813 1783 968 1819 opitulari.
1021 1783 1126 1812 Verum
1157 1783 1187 1812 in
1225 1786 1336 1811 tanturn
1365 1781 1520 1810 discrimen
1543 1783 1700 1814 Athenien·

177 1845 225 1868 ses
259 1843 323 1865 ante
350 1834 626 1871 Peloponnesiacum
650 1834 756 1863 bellum
782 1843 842 1864 non
872 1842 941 1864 sunt
965 1835 1094 1865 adducti.
1145 1833 1245 1863 Unum
1272 1840 1365 1863 tamen
1392 1833 1551 1870 exemplum
1577 1836 1695 1873 auxilii,

1680 1897 1698 1919 a

201 1970 258 1998 (ι)
281 1969 328 1996 lv,
348 1967 399 1990 108.
568 1966 627 1996 (α)
647 1967 753 1991 Hermae.
767 1969 834 1996 vm,
857 1973 896 1991 ur
913 1974 963 1997 sqq.
1136 1967 1188 1995 (3)
1210 1967 1272 1991 Plut.
1293 1967 1317 1989 in
1333 1966 1437 1996 Pericle,
1458 1974 1478 1991 c.
1495 1973 1532 1993 ιτ.

201 2016 253 2046 (4)
275 2017 328 2040 Vid.
351 2014 446 2043 Tru-eya.
468 2015 493 2045 1,
517 2016 572 2043 148,
594 2015 632 2038 ubl
661 2015 762 2038 Pericles
784 2017 828 2039 alt.
850 2012 1008 2045 κυβερνήταις
1026 2009 1122 2045 ἔχομεν
1146 2011 1270 2043 nemrim·

970 2057 998 2088 D
