1913 2417
334 186 378 209 20v
605 176 839 216 JACOBI
897 175 1580 214 HERMANrPHrLtPsE

340 260 440 298 Quum
463 267 531 289 vero
551 259 580 288 in
601 259 666 295 ipso
688 266 758 287 art„
776 268 848 288 112„
865 259 936 288 nihil
960 259 1029 287 certi
1063 259 1114 287 hac
1140 260 1174 287 de
1194 268 1223 288 re
1245 266 1407 295 statuatur,
1437 259 1478 288 sic
1509 258 1676 295 prudentiae
1699 258 1844 289 Tribunat-

339 311 377 340 iis
399 311 529 339 relictum
551 311 664 339 videtur
685 311 850 344 decernere,
873 310 945 345 quid
962 310 1133 339 Absentium
1159 311 1290 346 negotia,
1321 319 1392 345 quae
1423 311 1590 346 plerumque
1612 309 1723 346 singula
1747 309 1858 347 singu·-

342 363 426 390 larcm
446 361 633 397 expostulant
647 369 742 388 curam
761 369 792 388 ac
814 360 988 396 diligentiam
1002 381 1012 396 ,
1037 361 1194 389 desiderare
1215 362 1380 390 videantur:
1403 369 1491 396 quum
1515 360 1646 396 profecto
1667 361 1780 389 difficile
1800 360 1858 390 fo·-

342 419 384 440 ret
411 419 501 441 certas
529 412 637 446 regulas
663 417 691 438 et
713 411 817 439 limites
839 411 1030 446 praescribere
1050 412 1179 447 judicum
1205 412 1389 446 auctoritati,
1421 420 1503 446 quos·
1518 411 1673 447 transgredi
1699 419 1759 440 non
1781 412 1851 440 lice-

341 469 403 497 ret,
425 469 451 490 et
475 462 590 496 saepius
613 461 739 497 ingentia
763 463 863 490 damna
889 462 953 490 inde
978 465 1123 491 orirentur*
1140 462 1336 497 Absentibus,
1356 462 1382 490 si
1407 470 1499 491 certae
1524 462 1627 490 rationi
1652 462 1783 490 adstricti
1805 461 1853 491 fo·

344 519 407 541 rent
429 513 560 549 judices,
588 520 682 547 neque
702 521 732 541 ea
754 513 858 541 auxilia
879 514 1053 541 ac·remedia
1077 513 1107 542 in
1136 520 1272 548 promptu
1297 513 1450 546 haberent,
1481 522 1552 548 quae
1581 513 1611 541 in
1641 512 1782 548 praesenti
1803 520 1852 540 ex·

349 563 509 599 postularet
533 571 624 591 rerum
648 570 742 592 status
774 570 802 592 et
834 572 898 592 vera
921 563 1060 593 Absentis
1093 564 1261 593 commoda:
1294 563 1360 590 haec
1394 565 1465 590 enim
1497 564 1536 591 ita
1563 570 1640 591 certo
1668 563 1779 592 definiri
1805 571 1855 591 ne·

346 620 474 649 queunt,
504 614 552 642 sed
575 622 589 641 e
610 614 696 642 variis
722 623 812 642 retum
836 615 1024 650 momentis,.
1045 614 1232 650 patrimonii,
1262 613 1436 648 familiaeque
1466 614 1631 642 rationibus*
1657 614 1759 643 melius
1791 622 1856 651 pet-

344 664 510 701 spiciuntur
534 664 598 700 ipso
622 672 797 700 momento,
810 674 869 701 quo
890 666 994 702 judicis
1017 666 1154 694 auxilium
1178 664 1350 698 imploratur
1375 666 1459 700 (¹4)

383 715 466 743 Licet
489 715 578 750 igitur
599 714 717 742 dubium
745 724 803 744 non
826 718 880 751 sit,
903 717 995 752 quin,
1020 717 1044 744 si
1070 724 1168 744 omnes
1190 724 1308 743 caussas
1333 716 1461 750 prael-ld
1464 724 1492 743 re
1512 715 1657 751 potuisset
1686 715 1858 752 legislator,

347 767 453 801 ouibus
477 765 601 801 singulis
633 768 698 793 laec
726 767 779 793 vel
795 767 844 794 illa
869 767 1035 795 decernendi
1059 767 1130 794 ratio
1155 767 1345 802 conduceret
1367 768 1436 801 qtid
1463 767 1490 794 in
1509 768 1634 802 singulis
1661 767 1720 795 fieri
1743 773 1859 802 oporte-

352 824 394 846 ret
418 819 471 845 rite
498 816 707 852 praecepisset,
729 823 851 845 attamen
875 826 941 845 eum
968 818 1039 846 illud
1066 817 1139 845 nulli
1165 825 1289 852 unquam
1316 818 1425 845 homini
1449 826 1619 846 concessum
1642 817 1871 852 fuerit‚-nemo³
1910 838 1913 844 .

353 876 414 897 non
439 867 759 902 intelligit,.quai:tum
785 868 942 902 perieulum
969 868 1033 896 inde
1056 868 1236 895 metuendum
1263 867 1386 902 fuisset,
1416 868 1440 896 si
1466 869 1610 904 legislator
1632 877 1730 897 onmes
1754 877 1873 904 casus,.

357 918 408 954 qui
432 919 459 946 in
485 925 631 953 posterum
657 918 834 954 acciderent,
863 919 949 948 certis
979 926 1006 947 et
1039 918 1261 955 generalioribus
1292 919 1397 955 regulis
1427 919 1557 947 ordinare
1584 920 1742 954 voluisset3
1772 927 1871 955 quum-

355 969 524 1004 plerumque
538 988 548 1002 ‚
567 969 646 1003 quod
667 968 734 996 huic
756 969 828 997 utile
846 977 872 997 et
889 969 1078 998 necessarium
1096 977 1157 997 esse
1180 969 1360 1004 possit,tilli
1382 977 1467 1005 quam
1491 970 1611 998 maxime
1632 970 1874 1005 noceat‚-idque.

354 1027 390 1047 ne
413 1019 458 1046 vel
484 1019 670 1054 sagacissimo
694 1019 750 1047 nisi
776 1020 804 1048 in
827 1021 978 1056 praesenti
991 1026 1135 1055 appareat.
1176 1019 1230 1048 Uti
1256 1028 1384 1048 vero.ex
1416 1020 1479 1055 ipsa
1508 1021 1559 1048 liae
1591 1020 1787 1050 imbecillitate
1809 1021 1865 1048 hu-

354 1077 436 1097 mana
460 1068 561 1097 multis
585 1068 707 1097 caussis¹
721 1070 798 1106 leges
820 1071 984 1106 prospicere
1012 1078 1071 1098 non
1093 1076 1250 1105 possunt,
1265 1077 1293 1098 et
1317 1071 1381 1098 inde
1412 1079 1492 1099 enata
1514 1078 1556 1098 est
1587 1071 1741 1099 necessitas
1764 1071 1871 1100 idonea-

353 1120 586 1155 interpretatione
610 1119 781 1154 legislatoris
805 1127 926 1149 mentem
949 1121 1133 1157 explorandi,
1163 1120 1250 1148 sicin
1275 1121 1393 1156 negotio
1413 1121 1484 1149 tanti
1508 1121 1645 1150 momenti
1670 1121 1762 1158 judici
1785 1130 1865 1151 man·
1908 1126 1912 1131 ·

357 1171 451 1198 dando
475 1169 577 1206 potius
596 1162 690 1197 visum
713 1176 757 1198 est
782 1170 905 1206 plurima
926 1172 988 1208 ejus
1015 1172 1184 1208 prudentiae
1203 1171 1346 1207 relinqui,
1374 1180 1467 1208 neque
1487 1171 1666 1208 generalibus
1691 1172 1798 1209 regulis
1817 1173 1880 1210 ,ᾖα--

354 1222 448 1250 dicem
473 1219 631 1255 adstringi:
663 1229 750 1255 quum
774 1221 838 1257 ipse
862 1223 953 1258 probe
975 1223 1145 1251 intellexerit
1169 1223 1333 1259 legislator,
1361 1231 1444 1258 quain
1471 1231 1575 1259 parum
1598 1223 1673 1251 haee:
1697 1223 1770 1251 ratio
1798 1231 1882 1252 vero·

360 1272 534 1301 Absentiam
563 1272 776 1308 emolumento,
801 1274 879 1308 quod
901 1273 1032 1309 inprimis
1058 1274 1264 1302 adtendendum
1290 1274 1709 1309 existimabat‚,conduceret;
1733 1274 1790 1302 imo
1810 1273 1885 1303 Ab-·

359 1324 434 1352 senti
466 1322 662 1352 firmissimum
695 1323 866 1358 praesidium
906 1324 1036 1358 positum
1069 1333 1131 1353 esse
1161 1325 1194 1352 in
1225 1323 1353 1360 judicum
1388 1325 1552 1360 integritate
1578 1329 1663 1359 atque
1698 1324 1884 1360 honestate,.

359 1382 442 1410 quani
461 1374 490 1402 in
513 1373 631 1402 dubium
650 1381 751 1402 vocare
773 1374 852 1402 nefas
879 1374 945 1410 si*t;·
968 1383 1066 1410 quum·
1080 1375 1217 1411 insuper,
1242 1377 1292 1411 qui
1315 1376 1346 1403 in
1363 1374 1570 1402 Tribunalibus
1588 1375 1679 1410 ipsam
1703 1375 1884 1411 civitatem‚.
1905 1411 1907 1413 ι

358 1425 458 1461 ejusve
484 1424 642 1460 legitimum
672 1431 808 1453 rectorem
839 1431 1070 1461 repraesentant,
1097 1434 1228 1461 expresse
1259 1426 1289 1454 in
1319 1426 1457 1454 mandatis
1487 1425 1636 1460 habitauit,
1667 1432 1700 1453 ut
1733 1425 1887 1462 singularii

361 1482 430 1503 cura
453 1474 596 1502 Absentes
616 1482 772 1510 eorumque
792 1477 943 1504 commoda
966 1477 1222 1512 complectantur..

401 1524 454 1553 Uti
480 1532 572 1553 autem
604 1533 689 1560 supra
714 1526 858 1561 vidimus,
888 1534 996 1555 certum
1028 1534 1141 1562 tempus
1175 1535 1234 1555 non
1267 1535 1329 1555 esse
1360 1527 1506 1555 definitum
1526 1548 1536 1562 ,
1567 1535 1627 1563 quo
1659 1527 1772 1556 demum
1803 1532 1889 1564 post?

363 1576 520 1605 discessum
547 1577 760 1612 praeterlapso,
790 1576 856 1612 quis
878 1576 992 1605 Absens
1014 1577 1160 1606 habendus
1181 1578 1240 1612 sit;
1271 1586 1367 1605 verum
1401 1579 1472 1606 illud
1504 1578 1661 1613 sapientiae
1681 1577 1788 1615 judicis
1800 1585 1890 1608 resse-r

362 1626 634 1656 commissumasic
657 1626 708 1654 ubi
735 1627 870 1662 quaedam
897 1627 1047 1656 bonorum.
1061 1636 1149 1663 cura,
1179 1635 1227 1656 aut
1252 1629 1462 1656 administratio
1486 1629 1642 1657 necessaria
1666 1630 1806 1665 ducetur,
1828 1637 1889 1658 ear

364 1679 425 1706 dem
449 1678 536 1706 libera
559 1676 713 1705 Tribunali
737 1677 859 1706 facultas
884 1679 946 1706 data
972 1687 1035 1714 estg.
1066 1679 1151 1715 idque
1178 1679 1259 1707 unice
1284 1679 1313 1706 in
1338 1685 1462 1713 utroque
1485 1687 1553 1707 casu
1578 1679 1809 1715 injungitursut
1830 1679 1899 1708 νᾶ·-

363 1729 444 1763 dcat,
467 1728 537 1764 quid
562 1727 716 1756 necessitas
738 1729 882 1764 postulet:
905 1729 964 1759 imo
985 1739 1019 1759 ex
1038 1733 1105 1766 ipso
1128 1731 1198 1766 legis
1222 1729 1358 1764 silentio,
1396 1736 1422 1757 et
1450 1728 1504 1757 fitie
1524 1728 1674 1764 judicibus
1698 1729 1792 1758 habita
1812 1737 1891 1760 nom

366 1780 440 1807 male
457 1779 592 1815 colligere
612 1778 725 1807 videtur
740 1779 886 1816 Lacr-eus,
907 1780 937 1809 d.
959 1781 979 1810 l.
1003 1789 1033 1817 p.
1050 1789 1115 1818 313·
1131 1801 1141 1817 ,
1164 1782 1219 1809 hoc
1243 1780 1329 1809 tacite
1348 1779 1383 1809 iis
1406 1780 1569 1809 incumbere
1592 1778 1739 1815 officium,
1759 1788 1795 1809 ne
1815 1788 1892 1810 cer-⁴

1834 1837 1897 1860 189*

394 1917 460 1947 (14)
480 1918 543 1941 Haec
555 1919 624 1941 variis
638 1921 747 1947 exemplis
762 1921 874 1943 illustrare
886 1926 980 1943 conatur
994 1921 1151 1949 Ρνυνιυισηιυ,
1171 1923 1185 1943 1,
1204 1923 1218 1943 Ι,
1239 1927 1261 1948 p.
1277 1921 1330 1946 176,
1343 1926 1394 1947 sq„
1416 1925 1546 1947 quamquam
1565 1920 1601 1942 hic
1615 1921 1673 1942 bene
1691 1921 1814 1942 tenendum
1828 1907 1902 1946 ens:

367 1965 414 1982 non
432 1959 506 1980 omnia
531 1960 574 1981 huc
598 1962 724 1987 perzlnere,
745 1968 803 1988 quae
825 1968 865 1985 vir.
886 1962 914 1984 cl.
932 1964 1020 1987 muln
1043 1969 1111 1989 quum
1130 1968 1153 1984 et
1173 1963 1279 1986 nonnulla
1298 1963 1325 1984 de
1351 1962 1378 1984 iis
1403 1967 1481 1989 ngant,
1502 1967 1558 1988 9⁸0³
1581 1960 1671 1984 ¹¹⁰fl'ffl‘
1696 1960 1818 1982 ‘'ussi‘'
1835 1963 1894 1990 ΝΠ

367 2001 526 2024 excellentiam
545 2006 591 2022 non
610 2002 709 2028 destgnat
726 2001 778 2030 lex,
797 2004 837 2025 sed
855 2009 897 2023 non
912 2003 1074 2030 praesentiat,
