1913 2417
242 188 280 209 πο
580 173 1413 213 P.J.UYLENBROEK

1674 211 1686 222 1

244 267 295 288 sus
320 266 371 294 per
396 266 426 286 se
450 264 476 286 et
497 258 628 287 absolute
648 257 718 284 levis
745 255 896 291 habeatur,
919 256 1029 285 ratione
1052 257 1161 294 hujus,
1183 256 1245 284 'tria
1266 261 1354 284 cetera
1376 256 1511 284 elementa
1534 256 1629 293 gravia
1653 264 1744 288 erunt.

249 310 327 339 Hinc
352 309 525 338 Aristoteles
554 316 608 335 suo
636 308 666 335 iu
694 307 760 335 loco
793 306 957 343 gravitatem
987 307 1088 335 habere
1120 307 1215 335 omnia
1242 306 1377 341 affirmat,
1411 313 1519 342 praeter
1549 308 1641 342 ignem
1669 308 1749 344 (1).

249 360 296 389 Sic
325 360 407 389 etiam
431 358 544 387 disertis
568 357 665 386 verbis
687 357 788 392 docet,
810 358 897 386 aerem
922 364 950 386 et
971 366 1072 394 aquam
1097 358 1127 386 in
1152 358 1215 386 suis
1234 358 1307 385 locis
1335 358 1499 393 gravitatem
1522 358 1643 393 potius,
1666 366 1751 393 quam

247 412 390 440 levitatem
421 410 539 444 habu-e,
570 408 704 443 quoniam
736 409 808 444 ae'r,
844 406 991 438 subtracta
1020 409 1121 445 aqua,
1157 408 1322 437 naturaliter
1355 408 1528 442 descendit,
1566 408 1755 444 similiterque

248 471 342 498 aqua,
372 462 396 489 si
416 460 440 488 ei
462 459 706 487 terra'auferatur
726 459 800 496 (2).
848 460 939 488 Porro
967 460 1056 488 aerem
1088 467 1143 488 suo
1170 459 1198 488 in
1223 460 1289 487 loco
1311 467 1423 495 gravem
1452 467 1515 487 esse
1547 460 1696 488 concludit
1721 467 1755 488 ex

252 513 351 549 majori
374 512 499 547 pondere
527 511 598 538 utris
623 511 683 537 acre
705 509 837 545 impleti,
867 518 952 545 quam
983 510 1045 538 aere
1074 510 1157 539 vacui
1186 510 1275 547 (g),
1307 509 1373 545 quia
1404 510 1449 538 aiii·
1477 511 1607 538 deorsum
1642 511 1756 538 nititur.

253 563 388 592 Similiter
414 563 524 597 lignum
556 561 670 589 centiim
696 561 831 588 librarum
860 567 1011 597 propterea
1035 561 1156 589 celerius
1184 568 1234 596 per
1266 561 1352 588 aetem
1380 560 1463 595 ferri,
1497 570 1579 596 quam
1605 560 1757 596 plumbum

254 614 341 642 unius
367 613 474 647 librae,
504 620 604 640 contra
630 621 696 640 vcro
720 612 870 648 plumbum
898 611 984 640 unius
1009 612 1097 639 librae
1119 619 1168 647 per
1192 619 1294 646 aquam
1319 612 1439 639 celerius
1462 612 1654 647 descendere,
1676 619 1762 647 quam

252 665 362 702 lign‘um
391 665 452 701 ejus
478 663 634 699 ponderis,
665 663 797 698 quinimo
821 663 875 691 hoc
903 668 1104 698 supernatare,
1134 662 1186 691 illo
1210 662 1238 690 in
1264 661 1398 690 inferiora
1422 663 1570 697 tendente,
1601 663 1669 697 quia
1695 663 1765 692 levi·

254 723 297 744 tas
318 716 388 744 aei-is
414 715 444 743 in
465 723 515 742 sua
541 715 654 750 regione
679 714 790 750 lignum
816 714 948 742 deorsum
976 712 1082 748 trahit,
1104 722 1162 741 non
1190 719 1283 741 antem
1305 715 1334 741 in
1361 722 1452 748 aqua3
1478 720 1508 741 ut
1533 715 1655 749 gravitas
1680 720 1767 742 terrae

253 768 377 803 plumbo
403 766 553 800 insidens,
577 765 643 793 licet
668 765 696 792 in
722 773 795 800 aqua
819 765 902 792 ctiam
930 765 1061 793 deorsum
1089 764 1235 800 impellat,
1258 764 1287 792 in
1311 765 1371 792 aere
1394 771 1487 792 tamen
1514 764 1699 800 paucioribus
1720 765 1768 802 ju-

254 825 358 852 vatur,
393 825 476 852 quam
499 816 592 844 virtus
615 815 721 842 motiva
743 815 824 851 ligni.

299 871 345 899 Ex
369 868 414 896 his
440 866 564 900 breviter
588 865 750 901 expositis,
772 874 830 894 non
851 866 903 894 alia
919 866 1011 894 fuisse
1034 866 1146 894 videtur
1163 866 1328 894 Aristotelis
1351 865 1510 900 sententia,
1531 865 1587 894 nisi
1603 866 1681 901 quod
1700 866 1767 894 flui-

264 922 299 950 da
321 921 348 949 in
370 917 495 956 propriis
518 917 592 945 locis
616 924 708 944 revera
731 917 884 952 gravitent.
925 916 1002 946 Hinc
1027 923 1138 952 errant,
1168 918 1217 953 qui
1244 918 1302 954 ipsi
1325 917 1493 946 contrariam
1513 917 1639 945 tribuant
1664 918 1714 945 liae
1734 917 1770 945 de

260 979 290 1000 re
312 970 502 1003 sententiam,
524 967 566 995 uti
590 967 632 995 vir
656 967 768 1002 quidam
797 969 922 1002 doctus,
952 974 978 995 et
1003 967 1045 994 uti
1078 968 1245 1003 perhibetur
1280 968 1410 1004 egregius
1443 968 1581 1004 physices
1605 974 1632 996 et
1657 967 1770 995 Mathe-

263 1030 328 1051 seos
360 1022 454 1049 cultor
481 1018 591 1047 Govert
626 1019 659 1046 de
683 1017 776 1053 Beer,
807 1019 857 1054 qui
887 1017 1074 1047 Aristotelem
1106 1018 1242 1047 statuisse
1272 1018 1392 1054 putabat
1422 1026 1524 1053 aquam
1550 1018 1580 1045 in
1610 1025 1683 1052 aqua
1711 1024 1772 1046 non

259 1073 397 1110 gravitate
419 1072 497 1109 (4).

299 1124 364 1153 Etsi
384 1122 555 1151 Aris'oteles
580 1121 652 1151 hanc
673 1122 707 1151 de
729 1121 884 1151 fluidorum
915 1122 1104 1159 gravitatione
1131 1122 1264 1151 habuerit
1297 1123 1486 1156 sententiam,
1517 1129 1576 1150 non
1604 1125 1696 1148 tamen
1715 1126 1779 1148 om-

269 1184 338 1211 nes,
369 1180 517 1210 quotquot
540 1173 674 1210 deinceps
707 1174 785 1202 fuere
809 1173 1003 1210 Philosophi,
1032 1182 1068 1202 ne
1092 1181 1249 1204 sectatores
1272 1174 1385 1210 quidem
1409 1173 1492 1210 ejus,
1521 1181 1584 1200 eum
1619 1173 1671 1200 hac
1697 1171 1726 1200 in
1748 1178 1778 1199 re

233 1257 238 1260 ,
263 1226 344 1254 fuere
365 1226 466 1254 secuti.
514 1225 631 1263 Quippe
659 1225 845 1254 Archimedes
870 1230 897 1252 et
917 1224 1098 1254 Ptolemaeus
1115 1246 1125 1261 ,
1155 1234 1206 1255 nec
1229 1234 1289 1255 non
1319 1224 1488 1261 Simplicius
1522 1223 1612 1261 (5),
1643 1221 1790 1250 Themis(

265 1276 326 1305 tius
355 1276 444 1313 (ὁ),
474 1276 613 1311 Syriauus
638 1277 727 1313 (7),
753 1275 914 1305 Alexander
937 1277 1023 1312 (8),
1052 1286 1083 1305 ac
1113 1277 1170 1305 fere
1197 1285 1296 1306 omnes
1326 1272 1508 1311 Peripatetici
1538 1274 1706 1303 contrariam
1732 1272 1779 1300 fo·

266 1327 345 1356 visse
366 1325 553 1363 perhibentur
576 1326 756 1354 sententiam.
799 1325 931 1361 Quorum
954 1327 1082 1355 omnium
1109 1327 1171 1363 ipsa
1204 1335 1288 1363 opera
1321 1335 1385 1355 cum
1410 1326 1496 1353 nobis
1526 1326 1558 1353 ad
1585 1332 1697 1353 manum
1719 1329 1779 1351 non

265 1377 363 1412 fuere,
394 1376 511 1404 nonnisi
535 1384 564 1404 ea
591 1376 691 1405 referre
713 1375 881 1411 potuimus,
911 1384 983 1411 quae
1007 1378 1041 1405 cle
1065 1377 1099 1405 iis
1123 1378 1157 1406 ad
1180 1378 1252 1406 hanc
1278 1378 1475 1413 quaestionem
1510 1376 1595 1404 relata
1619 1374 1779 1403 invenimus

266 1436 285 1456 2
305 1427 510 1456 recentioribus
531 1427 698 1455 Aristotelis
723 1427 998 1455 commentatoribus
1027 1429 1107 1465 (9).

308 1479 419 1507 Horum
436 1478 532 1513 itaque
546 1477 788 1511 Philosophorum
809 1476 888 1512 (ιο)
909 1474 1065 1502 sententias
1082 1479 1322 1502 commentatores
1340 1471 1593 1501 Conimbricenses
1613 1471 1779 1508 memorati,

272 1531 404 1565 duabus,
433 1534 466 1556 ut
490 1527 547 1565 ipsi
570 1533 696 1562 vocant,
725 1526 935 1555 assertionibus
957 1525 1130 1560 exhibuere,
1161 1532 1278 1560 quarum
1306 1524 1391 1552 altera
1427 1522 1544 1551 alterius
1569 1523 1782 1558 quodammodo

1735 1581 1785 1602 ex-

296 1655 353 1685 (ι)
374 1655 432 1677 lbid.
455 1659 475 1677 c.
492 1661 516 1680 a.
766 1657 815 1684 (ι’)
835 1656 893 1679 lbid.
915 1663 935 1679 c.
951 1662 972 1682 5.
1226 1653 1279 1682 (3)
1303 1651 1360 1675 lbid.
1384 1658 1404 1673 c.
1422 1657 1446 1678 ⁴·

299 1696 351 1723 (4)
375 1696 427 1718 Vid.
449 1695 572 1717 Ulttrelrsel
594 1697 733 1718 eensnziel's
756 1704 796 1720 ann
820 1699 861 1719 :lt-n
884 1698 943 1718 Heer
964 1702 986 1719 v.
1003 1699 1040 1724 s.,
1062 1695 1159 1718 takende
1187 1696 1216 1717 de
1242 1692 1475 1719 waterweegkundige
1497 1688 1655 1717 vei-handenug
1675 1695 1719 1712 van
1737 1689 1782 1711 den

272 1738 354 1764 Hoogl.
371 1737 508 1763 Hessefiffic,
529 1737 689 1762 medegedeeld
712 1737 768 1758 door
789 1738 809 1765 J.
829 1738 1007 1765 Nieuwenhuts,
1031 1738 1053 1759 in
1070 1738 1142 1760 diario
1164 1735 1225 1758 dicio
1245 1736 1383 1757 Letterhode
1404 1736 1432 1756 Λ.
1449 1733 1508 1755 1808.
1529 1738 1568 1753 no·
1581 1736 1615 1759 81-

298 1778 354 1807 (5)
376 1778 506 1806 Simplicius
525 1778 654 1800 Aristotelis
676 1777 801 1805 interpres,
822 1779 972 1806 Philosophus
994 1780 1174 1806 Peripateticus,
1196 1783 1242 1799 sec.
1256 1777 1283 1799 ll.
1306 1776 1374 1797 lelr.

301 1822 356 1849 (6)
376 1818 511 1843 Themistiux
532 1818 609 1840 itidem
627 1824 790 1841 commentator
809 1819 957 1847 Aristotelis,
972 1821 1073 1843 see-JV.

303 1862 355 1891 (7)
376 1863 494 1888 syrianus,
515 1865 562 1882 sec.
577 1860 604 1881 V.

305 1903 353 1930 (Β)
374 1902 500 1923 Alexander
521 1900 718 1927 Aphrodisiensis‚
741 1901 890 1928 Philosophus
912 1901 1087 1930 Peripateticus,
1113 1900 1258 1928 Imperatoris
1279 1896 1380 1926 Semimii
1407 1896 1485 1919 severl
1506 1901 1591 1923 neme,
1612 1894 1628 1918 i.
1643 1900 1668 1916 e·
1691 1900 1738 1917 sec.
1751 1894 1784 1918 11.

277 1950 300 1968 οι
322 1945 360 1966 ΙΙΙ.
384 1944 452 1964 multa
470 1942 493 1963 in
512 1942 589 1962 vti-ios
606 1942 676 1963 libros
697 1941 825 1964 Aristotelis
846 1949 1009 1965 commentatus
1031 1948 1072 1965 est.

308 1987 356 2013 (9)
377 1984 444 2007 conf.
464 1985 591 2005 comment.
608 1983 705 2009 collegil
717 1983 912 2005 Conimbricemn
931 1984 954 2005 in
969 1983 1062 2004 Aristot-
1076 1983 1112 2004 lv.
1136 1981 1176 2003 lib.
1190 1982 1217 2002 de
1236 1981 1322 2004 Coelo,
1340 1979 1364 2000 L.
1382 1978 1420 2001 lV.
1437 1983 1520 2006 quaen.
1533 1983 1555 2001 ο.
1577 1982 1620 1999 ιη.
1636 1981 1656 2000 ι.
1676 1975 1775 1999 Lim&

305 2025 375 2055 (ιο)
393 2026 427 2048 De
445 2023 584 2046 Archimedis
604 2025 715 2047 sementia
734 2027 845 2052 quaedam
867 2024 1007 2048 memorandi
1029 2025 1088 2047 forte
1111 2024 1165 2046 dein
1184 2021 1276 2044 occulo
1295 2020 1398 2042 redebit.
