1913 2417
367 271 1326 333 COMMENTATIO

133 587 870 640 QUAESTIONEM
954 587 1539 630 JURIDICAM-

592 963 1093 998 EXORDIUM.

69 1073 304 1158 “Quicunque
327 1106 362 1136 ad
386 1106 647 1144 iurisprudentiam
681 1108 859 1138 diversorum
882 1107 1057 1145 populorum
1082 1106 1207 1135 animum
1232 1105 1409 1142 adtenderit,
1430 1112 1459 1136 et
1478 1106 1600 1144 diligen·

93 1168 137 1191 ter
155 1162 185 1191 in
210 1161 383 1189 incrementa
408 1164 436 1188 et
458 1167 650 1196 progressus,
680 1160 789 1197 quibus
811 1159 949 1196 paulatim
978 1158 1071 1196 gavisi
1090 1157 1226 1192 fuerunt,
1254 1157 1456 1194 inquisiverit,
1477 1167 1530 1195 pro
1549 1167 1599 1188 va-

90 1214 133 1243 xia
157 1220 250 1241 rerum
273 1220 306 1240 ae
331 1217 493 1247 temporum
512 1210 679 1239 conditione
696 1210 817 1240 diversis
833 1211 985 1239 admodum
1001 1209 1156 1246 principiis
1179 1209 1255 1245 leges
1277 1215 1490 1245 superstructas
1508 1211 1599 1239 anim-

88 1265 237 1300 advertet3
259 1263 397 1299 ipsasque
417 1262 494 1299 leges
506 1283 516 1298 ‚
535 1262 625 1298 prima
639 1267 727 1290 aetate
741 1270 860 1291 numero
877 1261 1028 1299 pauciores
1040 1281 1050 1297 ‚
1072 1267 1099 1290 et
1114 1260 1239 1297 simplici
1255 1260 1330 1289 vitae
1350 1261 1492 1299 degendae
1515 1262 1602 1292 ratio-

85 1316 116 1345 ni
136 1315 205 1344 satis
224 1314 415 1349 adaequatas,
441 1313 471 1342 in
487 1313 657 1342 immensum
680 1312 825 1349 crevisse,
848 1319 934 1350 atque
959 1321 993 1342 ex
1017 1312 1146 1341 adauctis
1175 1311 1253 1340 vitae
1276 1312 1373 1341 civilis
1397 1313 1546 1350 negotiis,
1573 1319 1604 1344 et

84 1373 189 1397 mutuo
213 1366 287 1395 inter
307 1371 406 1402 gentes
430 1364 605 1394 commercio
621 1372 653 1393 ac
677 1365 915 1401 necessitudine,
939 1373 1014 1394 nova
1038 1363 1161 1394 subinde
1181 1363 1294 1401 legibus
1311 1362 1437 1393 ferendis
1459 1369 1604 1393 momenta

83 1424 182 1449 exorta
202 1417 295 1446 fuisse
320 1416 522 1452 deprehendet.
562 1414 657 1453 Quam
680 1415 804 1452 primum
837 1416 912 1445 enim
942 1425 958 1445 a
978 1416 1096 1445 vivendi
1125 1415 1313 1452 simplicitate
1343 1421 1523 1444 recesserunt
1545 1415 1603 1445 ho·

83 1469 195 1504 mines,
216 1474 243 1496 et
265 1467 390 1496 tenuiori
413 1461 489 1496 vitee
513 1466 607 1496 cultui
625 1475 717 1496 novae
742 1468 824 1503 plane
847 1474 875 1496 et
903 1474 983 1497 antea
1006 1467 1173 1504 incognitae
1195 1466 1382 1495 necessitates
1401 1474 1535 1502 novaque
1556 1467 1605 1495 de-

83 1521 187 1552 sideria
210 1525 433 1554 successerunt,
461 1525 566 1555 sponte
596 1525 733 1554 apparet,
762 1527 845 1554 quam
874 1519 985 1547 diversa
1017 1518 1084 1547 inde
1114 1518 1218 1547 exoriri
1244 1518 1374 1546 debuerit
1411 1518 1602 1547 recentiorum

77 1571 214 1602 conditio
233 1570 268 1599 ab
289 1577 371 1598 aurea
393 1569 441 1598 illa
461 1575 570 1605 aetate,
591 1577 677 1606 quam
700 1568 787 1598 nobis
811 1569 919 1606 ingenii
944 1569 991 1598 sui
1023 1569 1195 1599 commentis
1228 1569 1393 1598 adornatam
1414 1568 1608 1606 depinxerunt

79 1625 203 1662 poetae,
224 1628 252 1650 et
274 1629 350 1657 qua,
371 1626 404 1649 ut
424 1620 464 1649 ait
485 1620 636 1656 Tibullus,

310 1717 330 1734 ‚‚
350 1697 421 1726 Non
440 1697 539 1727 domus
563 1697 627 1728 ulla
644 1698 727 1734 fores
746 1698 867 1732 habuit,
889 1707 944 1726 non
960 1695 1037 1733 fixus
1059 1698 1093 1726 in
1117 1699 1221 1736 agris,

310 1769 329 1786 „
348 1749 411 1787 ,ρμί
434 1755 548 1787 regeret
565 1750 654 1778 certis
669 1748 774 1786 finibus
799 1758 894 1786 arva,
915 1748 1028 1788 lapis.’'

87 1826 165 1858 eum
189 1835 257 1856 vero
280 1834 373 1856 novae
394 1828 471 1864 leges
494 1834 554 1856 non
574 1834 689 1864 semper
712 1835 823 1857 morum
847 1827 1026 1864 corruptelae
1049 1826 1237 1856 invalescenti
1257 1832 1285 1855 et
1306 1825 1462 1856 efficaciora
1485 1827 1604 1857 remedia

86 1879 254 1908 desideranti
274 1878 413 1915 originem
437 1878 576 1915 debeant,
599 1879 647 1908 sed
669 1886 696 1907 et
721 1880 890 1916 plerumque
918 1878 1105 1907 increscentis
1138 1877 1324 1907 humanitatis
1348 1877 1513 1915 ingeniique
1537 1880 1602 1908 cul-

83 1935 132 1959 tus
157 1929 263 1966 optima
286 1929 344 1958 sint
368 1929 493 1966 indicia,
514 1938 574 1960 non
598 1931 700 1959 mirum
727 1930 860 1966 videtur,
890 1936 967 1959 tanta
992 1938 1058 1959 cum
1085 1929 1274 1958 delectatione
1299 1929 1330 1958 in
1353 1929 1464 1959 illarum
1489 1930 1601 1959 caussis

84 1980 293 2020 investigandis
319 1981 424 2011 versari
446 1981 609 2020 plurimos3
631 1990 720 2018 cum,
750 1981 800 2019 qui
818 1981 888 2011 tales
905 1982 1003 2019 leges,
1028 1987 1055 2010 et
1082 1987 1246 2017 momenta,
1270 1989 1344 2018 quae
1367 1989 1414 2012 eas
1436 1975 1602 2019 expostule-

866 2033 893 2063 A
915 2041 933 2062 ι
1516 2037 1607 2070 runt,
