1913 2417
288 179 329 215 Μ
741 184 765 213 J.
817 180 851 214 T.
902 180 1293 222 PLUSCHKE,

281 269 480 304 occultorum
509 268 560 301 vel
598 268 844 301 intelllectorum
876 279 1000 300 summa
1037 276 1068 301 et
1106 268 1291 313 fastigium,
1325 272 1491 309 cernitur,
1526 272 1598 302 Jesu
1636 272 1756 304 Christi

289 327 480 371 legationem
513 325 656 357 divinam
689 332 720 357 et
753 325 937 369 disciplinae
969 327 1136 358 sanctioris
1162 326 1448 358 manifestationem
1486 326 1755 369 explanatioremt

287 390 325 421 ut
359 389 432 426 post
474 382 575 413 varias
601 382 853 425 praeparationes
877 388 966 413 tanto
993 382 1117 424 clarius}
1146 383 1300 414 immensa
1330 383 1389 413 Dei
1411 382 1555 424 majestas
1583 383 1761 423 elucescat,

287 439 445 482 nobisque
473 440 602 481 penitus
623 445 653 469 et
678 437 717 468 ad
740 438 904 469 veritatem
928 438 1174 480 persuadeatur,
1198 438 1290 470 illum
1318 438 1484 470 coelestem
1512 438 1676 470 doctorem
1696 451 1757 470 no·

286 506 366 526 vum
399 494 560 538 quendam
588 493 745 536 populum
778 494 811 524 in
846 493 895 524 his
927 495 1017 524 terris
1043 495 1234 535 instituisse,
1264 496 1321 538 qui
1349 501 1436 526 totus
1463 494 1553 525 coelo
1580 495 1755 538 penderet,

288 557 319 582 et
341 550 493 581 omnibus
523 550 619 592 hujus
646 549 759 581 mundi
789 549 953 592 praesidiis
982 549 1107 582 diffisus
1123 574 1131 590 ‚
1160 551 1223 582 alio
1251 551 1391 594 quodam
1425 551 1523 582 modo
1546 551 1635 583 dives
1655 558 1760 590 esset,

286 606 348 637 alio
374 607 523 649 sapiens,
554 606 616 637 alio
645 606 780 643 nobilis,
809 606 872 637 alio
897 613 1028 649 potens,
1058 607 1120 638 alio
1150 606 1249 646 felix3
1277 608 1334 649 qui
1360 607 1399 638 ad
1424 608 1521 638 unius
1539 608 1598 638 Dei
1626 607 1761 651 gloriam

288 662 416 694 referret
455 663 586 701 omnia,
613 673 645 693 se
681 669 809 705 propter
839 673 913 693 eum
944 663 1144 694 submitteret
1172 663 1345 702 omnibus;
1376 663 1432 705 qui
1460 662 1627 694 volucrum
1660 675 1697 694 ac
1721 663 1759 694 li·

287 715 405 750 liorum
438 719 502 749 ritu
531 719 565 749 in
595 718 680 750 diem
708 720 849 757 viveret3
883 719 967 761 apud
994 730 1090 761 quem
1117 730 1242 751 summa
1278 725 1358 750 esset
1389 717 1561 750 concordia
1590 725 1621 750 et
1648 726 1762 750 mutua

288 775 425 814 caritas3
469 776 527 817 qui
562 774 717 817 quicquid
753 781 878 817 posset,
910 774 942 804 id
980 775 1131 806 omnibus
1167 775 1319 817 juvandis
1357 781 1485 817 posset;
1520 774 1572 805 cui
1606 781 1638 806 et
1674 784 1762 806 mors

289 838 370 862 esset
389 830 526 874 optanda
546 830 792 862 immortalitatis
814 830 989 869 desideri03
1013 832 1069 874 qui
1094 843 1152 862 nec
1180 831 1380 874 tyrannidem
1411 831 1554 869 timeret,
1588 841 1647 861 nec
1682 841 1760 874 sup·

290 887 383 929 plicia
400 910 409 924 ,
444 886 651 918 moderatoris
681 888 731 918 sui
761 887 918 930 praesidio
956 885 1082 925 fretus3
1112 888 1169 930 qui
1191 887 1294 919 modis
1319 887 1470 919 omnibus
1498 888 1543 917 sic
1566 892 1694 929 ageret,
1726 893 1762 917 ut

292 942 332 983 ad
358 942 547 974 inclinatum
572 944 724 986 temporis
755 943 860 974 ultimi
889 949 1092 974 momentum
1123 955 1246 986 semper
1281 950 1361 976 esset
1399 943 1499 975 veluti
1533 942 1692 973 accinctus
1726 952 1763 973 ac

292 1006 432 1041 paratus.
477 999 572 1039 Quod
600 1000 789 1031 historicum
824 1000 1035 1031 institutionis
1074 1010 1175 1042 genus
1200 1011 1297 1043 quam
1332 1006 1517 1043 exoptatum
1552 1004 1584 1042 et
1610 998 1764 1045 idoneum

292 1056 334 1087 sit
356 1056 525 1087 hominum
554 1055 845 1087 diversissimorum
871 1056 1010 1098 ingeniis
1029 1079 1037 1093 ,
1067 1067 1163 1097 quam
1190 1063 1316 1098 gratum
1354 1062 1386 1086 et
1421 1061 1585 1096 acceptum
1622 1053 1765 1096 ubique,

296 1122 393 1154 quam
423 1112 509 1154 igtur
530 1110 666 1154 dignum
691 1112 958 1154 praestantissima
991 1113 1163 1153 magistra,
1195 1111 1227 1142 id
1251 1122 1326 1142 sane
1358 1120 1453 1141 nemo
1481 1109 1685 1148 diffitebitur,
1708 1109 1765 1151 qui

294 1167 435 1199 indolem
463 1167 623 1199 humanae
647 1168 764 1199 mentis
789 1166 840 1199 vel
867 1166 1070 1198 mediocriter
1087 1167 1287 1210 cognoverit.
1330 1168 1402 1197 Una
1428 1166 1514 1196 enim
1538 1164 1669 1195 historia
1698 1169 1764 1203 est,

294 1234 377 1267 quae
406 1224 553 1255 omnium
579 1223 683 1255 studia
710 1223 852 1261 alliciat,
876 1234 967 1254 aures
997 1230 1128 1262 teneat,
1157 1223 1281 1254 animos
1315 1221 1477 1260 muleeat,
1509 1231 1525 1251 a
1549 1231 1613 1263 qua
1640 1221 1667 1251 si
1692 1219 1766 1262 quis

296 1279 435 1318 alienum
459 1290 493 1311 se
515 1279 599 1311 dicat
615 1303 623 1319 ‚
655 1279 741 1310 haud
769 1279 907 1310 multum
935 1279 1041 1318 abest,
1063 1279 1239 1322 quin,ipse
1267 1289 1299 1309 se
1322 1289 1362 1308 ne
1381 1277 1546 1307 hominem
1564 1274 1698 1318 quidem
1715 1284 1765 1306 es·

297 1344 330 1364 se
357 1331 498 1367 fateatur.
543 1338 590 1369 M.
613 1337 774 1368 Antonius
795 1337 951 1366 Muretus:
982 1335 1133 1378 parvulos
1150 1345 1286 1377 pueros,
1316 1334 1447 1375 inquit,
1476 1333 1510 1362 in
1536 1329 1655 1373 quibus
1681 1336 1769 1360 natu-

298 1399 350 1420 rae
376 1389 425 1420 vis
451 1390 589 1420 maxime
613 1391 732 1430 elucet,
757 1392 982 1434 verissimeque
1004 1392 1214 1434 perspicitur,
1238 1388 1325 1421 nulla
1352 1399 1385 1419 re
1413 1389 1513 1430 magis
1535 1396 1632 1428 quam
1658 1395 1765 1416 narra-

298 1444 451 1476 tiunculis
480 1444 554 1475 duci
576 1444 737 1477 videmus:
765 1448 845 1488 quin
870 1448 966 1478 etiam
990 1458 1100 1490 saepe,
1131 1453 1167 1477 ut
1185 1446 1323 1488 aliquem
1351 1443 1478 1475 fabellas
1500 1448 1683 1473 narrantem
1708 1451 1764 1471 au·

300 1499 409 1538 (liant,
433 1511 484 1532 eas
513 1502 618 1542 ipsas,
643 1500 762 1544 quibus
793 1503 1006 1532 cummaxime
1034 1513 1161 1544 operam
1192 1502 1284 1539 dant,
1318 1500 1514 1531 lusiuuculas
1536 1498 1698 1528 deserunt.
1721 1512 1767 1520 —

301 1555 396 1588 Haud
429 1556 582 1587 absimilis
606 1558 686 1588 ratio
714 1563 760 1588 est
785 1557 1098 1598 quamplurimorum
1125 1557 1294 1587 hominum
1320 1555 1451 1588 rudium
1485 1561 1516 1585 et
1545 1552 1769 1590 indoctorum,

301 1613 377 1654 qui,
407 1612 530 1642 etiamsi
559 1612 599 1643 ad
629 1612 730 1643 multa
757 1613 815 1643 alia
846 1619 993 1655 torpeant
1028 1612 1180 1656 surdique
1216 1613 1300 1650 sint,
1335 1618 1440 1642 tamen
1469 1619 1575 1640 rerum
1608 1614 1768 1650 gestarum

299 1667 412 1698 notitia
448 1679 514 1698 non
544 1668 743 1699 mediocriter
775 1668 980 1699 delectantur.
1035 1668 1129 1700 Nulla
1161 1669 1259 1711 igitur
1284 1666 1494 1710 praestantior
1527 1668 1577 1697 via
1612 1665 1686 1695 iniri
1710 1674 1769 1706 po·

301 1724 382 1761 tuit,
415 1735 477 1765 qua
507 1723 545 1754 ad
574 1724 696 1754 animos
729 1723 899 1753 hominum
935 1725 1111 1756 movendos
1149 1727 1368 1767 perveniretur
1387 1745 1398 1761 ‚
1430 1732 1528 1765 quam
1563 1719 1650 1763 quod
1683 1718 1769 1749 Deus

303 1785 391 1809 tanto
419 1779 623 1809 historiarum
653 1777 775 1809 ambitu
803 1778 1024 1819 consignando
1051 1784 1134 1811 votis
1157 1781 1306 1812 humanis
1330 1779 1426 1812 veluti
1455 1777 1584 1808 obviam
1611 1775 1689 1813 ivit,
1714 1773 1767 1805 de-

304 1833 491 1876 sideriisque
515 1834 670 1865 satisfecit.

348 1892 404 1920 llic
434 1891 512 1920 milii
530 1889 634 1920 forsan
653 1890 766 1933 aliquis
792 1891 967 1933 significet,
992 1891 1053 1923 sibi
1078 1901 1208 1935 prorsus
1232 1890 1396 1933 displicere
1423 1889 1554 1921 niodum
1585 1899 1682 1927 eum,
1704 1897 1771 1930 quo

304 1947 378 1978 505.
403 1957 451 1977 res
478 1954 577 1988 gestas
608 1946 726 1985 tradat,
756 1948 877 1991 quique
904 1948 1042 1988 similes,
1074 1959 1191 1991 eosque
1219 1947 1303 1978 haud
1330 1946 1582 1978 contemnendos
1607 1946 1710 1981 viros,
1738 1949 1770 1974 et

1698 1999 1776 2030 suis.
