1913 2417
283 169 319 207 48
623 169 1452 208 P.J.UYLENBROEK

284 251 402 281 deamus
430 252 510 288 jam,
533 261 592 288 quo
615 253 644 280 in
671 261 738 281 casu
756 258 883 281 versetur
905 252 1060 281 bilancium
1090 259 1225 288 systema.
1273 253 1349 281 Ante
1371 260 1472 287 aquam
1495 252 1606 289 lagenae
1630 252 1784 283 immissam

284 302 351 332 lanx
386 313 414 332 m
450 311 564 332 onerata
596 310 654 331 erat
689 304 815 339 pondere
841 312 863 340 g
882 318 919 325 -
940 304 1004 337 21³,
1041 310 1068 331 et
1097 304 1162 331 lanx
1191 303 1225 331 M
1253 303 1377 339 pondere
1405 303 1435 331 G
1455 303 1491 339 -Ι-
1513 304 1561 333 2P.
1615 304 1669 332 Sed
1693 313 1790 340 nunc,

282 353 422 382 translato
448 363 505 382 uno
529 354 653 390 pondere
676 354 697 383 P
725 354 759 382 ab
780 353 814 383 M
838 354 873 382 ad
896 363 945 390 m,
972 354 1001 382 in
1018 363 1045 382 m
1066 354 1144 382 venit
1164 363 1186 391 g
1206 369 1242 377 -
1261 354 1304 389 P‚
1326 354 1393 382 dum
1417 354 1446 382 in
1471 354 1505 382 M
1528 354 1633 385 mansit
1653 354 1683 383 G
1702 355 1742 392 -i-
1758 355 1790 385 P.

284 403 459 432 Confi—:ratur
478 405 534 440 jam
562 406 628 434 haec
651 405 824 434 constitutio
850 413 918 434 eum
947 405 997 433 illa
1029 404 1213 440 experimenti
1239 404 1353 440 quarti,
1383 412 1411 433 et
1440 406 1559 434 eundem
1593 405 1722 435 obtinere
1746 415 1794 436 ca-

284 462 369 489 sum,
391 455 513 490 patebit.
551 456 598 484 Ad
621 457 696 485 illud
717 461 813 485 autem
837 455 1060 494 experimentum
1089 461 1221 490 quartum
1252 456 1399 490 quomodo
1428 456 1558 492 pervenit
1587 457 1677 486 hocce
1704 458 1791 487 modo

282 504 476 535 institutum?
517 506 565 535 An
580 513 637 545 per
661 506 792 536 saltum?
832 506 900 535 Non
923 514 1005 535 sane:
1036 506 1086 535 sed
1108 514 1158 542 per
1180 505 1303 534 medium
1328 507 1490 542 quoddam,
1518 514 1546 536 et
1574 509 1695 537 medium
1717 509 1791 538 illud

284 561 329 583 est
353 556 471 592 lagena,
502 565 574 593 quae
602 557 631 587 in
661 558 675 585 l
701 557 844 594 gravitans
863 578 874 593 ,
905 557 1006 588 iterum
1037 557 1068 588 in
1100 556 1273 592 aequilibrio
1311 558 1500 592 componitur
1537 560 1747 595 contrapondio
1767 560 1789 589 P

281 604 314 634 in
336 614 376 633 m.
420 607 460 635 Et
484 609 632 644 quomodo
657 615 727 646 post
756 608 960 647 aequilibrium
987 608 1179 638 constitutum
1208 615 1310 636 novam
1339 607 1432 636 adhuc
1457 608 1631 645 pressionem
1656 610 1686 639 in
1709 611 1723 640 l
1743 619 1792 641 ex-

277 657 430 686 sereret?”

331 728 354 744 „
375 708 424 738 Cl.
441 709 642 749 Hesselingius
655 712 673 725 ''
695 714 711 751 (
721 713 763 743 sic
779 714 927 743 concludit
943 714 1074 751 Aeneae)
1094 733 1117 749 ‚s
1128 713 1201 742 hanc
1216 711 1343 740 ultimam
1361 711 1545 748 experimenti
1560 719 1667 749 partem
1683 713 1794 750 egregie

286 760 460 796 explicavit,
483 765 721 798 quemadmodum
745 772 772 794 et
795 774 849 795 nos
873 767 908 794 ad
929 765 1153 802 experimentum
1176 763 1310 799 tertium,
1333 764 1411 798 quod
1426 763 1541 799 proprie
1563 770 1607 792 est
1622 773 1687 800 pars
1695 771 1792 801 poste-

281 809 342 839 rior
365 812 474 848 quarti,
495 821 555 843 non
573 815 654 843 aliter
677 815 749 844 illud
776 816 916 852 explicare
935 816 1095 852 potuimus.
1136 815 1271 843 Ceterum
1304 814 1358 843 Vir
1385 814 1433 842 ille
1461 813 1531 850 C1.‚
1561 815 1698 843 sumendo
1722 823 1792 851 pro-

272 861 348 903 yprie
367 864 550 899 experimenti
573 872 680 901 partem
701 866 866 902 dimidiam,
887 867 1029 903 integrum
1055 866 1281 902 experimentum
1309 865 1483 900 Boyleanum
1510 865 1711 901 praetermisit.
1721 865 1742 879 ’²

320 913 367 942 Ex
393 914 438 942 his
468 915 582 951 quidem
612 916 794 945 manifestum
829 925 892 946 esse
914 924 1069 953 putamus,
1098 925 1249 953 quamnam
1281 916 1410 944 habuerit
1441 916 1521 944 doct.
1548 916 1658 946 Aeneae
1678 923 1790 946 senten·

281 963 348 993 tiatn
372 965 406 992 de
430 966 621 1001 experimento
643 967 810 1004 Boyleano,
832 968 873 996 uti
895 975 922 996 et
945 969 980 996 de
1007 967 1101 1002 thesi,
1131 967 1217 996 fluida
1240 968 1270 995 in
1292 966 1418 1002 propriis
1442 967 1515 995 locis
1537 967 1687 1002 gravitant.
1729 969 1792 997 Per·

279 1022 381 1051 gamus
408 1015 506 1051 itaque
536 1017 570 1045 ad
594 1025 626 1046 ea
644 1038 656 1053 ‚
690 1027 762 1054 quae
793 1027 894 1048 rursus
926 1023 1026 1047 contra
1056 1017 1166 1046 Aeneae
1195 1024 1222 1045 et
1256 1016 1395 1052 Boyleum
1432 1016 1678 1046 animadvertenda
1707 1019 1794 1049 habet

280 1065 425 1102 scriptor,
446 1067 568 1103 primum
591 1076 774 1105 anonymus,
802 1069 867 1098 dein
886 1074 980 1098 autem
1008 1068 1146 1105 cognitus
1174 1067 1229 1096 sub
1251 1067 1367 1096 nomine
1390 1068 1426 1096 A.
1443 1075 1498 1096 van
1521 1067 1690 1105 Coppenaal
1707 1072 1787 1108 (x).

315 1116 373 1145 Hic
396 1117 426 1147 in
450 1126 503 1147 sua
526 1119 648 1155 epistola
672 1128 733 1149 non
760 1126 874 1149 tantum
900 1118 1133 1148 ratiocinationes
1159 1119 1209 1147 sed
1240 1117 1499 1146 demonstrationes
1527 1119 1644 1148 exhibet
1675 1121 1789 1157 experi-

289 1168 396 1197 mentis
418 1168 594 1206 illustratas,
615 1177 649 1199 ut
668 1170 791 1207 probet,
810 1172 1035 1207 experimentum
1058 1169 1178 1206 Boylei,
1200 1170 1283 1205 quale
1306 1168 1340 1197 ab
1364 1168 1430 1204 ipso
1449 1168 1508 1197 fuit
1530 1169 1718 1206 institutum,
1738 1171 1792 1201 fal-

283 1219 332 1249 lax
355 1228 438 1256 esse,
459 1220 591 1258 illudque
612 1230 732 1259 prorsus
757 1222 934 1251 contrarium
955 1221 1095 1258 probare,
1125 1221 1254 1256 scilicet,
1283 1227 1386 1255 aquam
1412 1219 1442 1248 in
1466 1228 1539 1255 aqua
1559 1228 1620 1249 non
1643 1222 1793 1257 gravitate.

279 1269 428 1307 Agnoscit
457 1272 590 1308 equidem
616 1273 838 1310 experimentum
860 1273 1037 1309 Boyleanum
1061 1280 1123 1301 esse
1144 1271 1318 1308 pulchrum,
1348 1277 1434 1306 atque
1464 1278 1515 1306 per
1537 1271 1742 1302 conclusiones
1764 1279 1794 1302 et

280 1322 516 1351 ratiocinationes
540 1324 663 1352 multum
687 1323 753 1352 inde
775 1332 862 1359 posse
890 1324 1023 1359 confici;
1055 1328 1247 1351 verumtamen
1269 1327 1377 1357 negat,
1410 1329 1444 1349 eo
1469 1321 1605 1356 probari,
1633 1330 1733 1357 aquam
1761 1323 1794 1354 in

283 1379 357 1407 aqua
380 1372 547 1409 gravitate,
576 1373 687 1402 etiamsi
712 1374 840 1410 lagenam
865 1379 934 1410 post
968 1373 1119 1402 admissam
1151 1380 1253 1408 aquam
1286 1370 1452 1400 descendere
1482 1371 1652 1401 videamus:
1680 1373 1746 1402 dum
1775 1382 1791 1402 e

281 1428 383 1450 contra
407 1424 630 1459 experimentum
656 1424 712 1453 hoc
746 1424 907 1452 luculenter
935 1424 1130 1459 demonstrat,
1158 1430 1262 1458 aquam
1284 1421 1314 1449 in
1335 1429 1407 1456 aqua
1431 1429 1490 1450 non
1516 1422 1676 1458 gravitare,
1704 1429 1792 1460 atque

284 1472 398 1500 nullum
421 1473 540 1502 fluidum
563 1475 593 1502 in
617 1474 707 1503 fluido
736 1474 914 1510 homogeneo
935 1483 1023 1511 posse
1052 1473 1211 1511 ponderari.
1251 1471 1328 1500 Haec
1352 1471 1448 1500 omnia
1473 1477 1504 1499 ut
1526 1472 1628 1508 probet
1644 1492 1656 1508 ,
1684 1481 1794 1511 experr-

286 1529 412 1551 mentum
440 1523 616 1560 Boyleanum
638 1525 772 1560 sequenti
796 1526 883 1554 modo
904 1525 1018 1554 institui
1040 1525 1133 1562 jubet.

327 1574 465 1603 Sumatur
485 1575 583 1612 lagena
609 1575 763 1612 cuiuslibet
788 1575 1018 1611 magnitudinis:
1047 1575 1114 1604 haec
1134 1575 1239 1604 bilanci
1257 1575 1336 1604 affixa
1349 1595 1360 1612 ,
1378 1582 1468 1610 aquae
1484 1574 1666 1611 immergatur
1679 1595 1690 1611 ,
1711 1581 1739 1604 et
1758 1576 1791 1606 in

286 1624 458 1661 aequilibrio
489 1626 688 1654 constituatur
711 1632 854 1655 sacomate
878 1627 906 1653 in
933 1626 1017 1654 altera
1042 1625 1121 1653 lance
1149 1625 1294 1660 ponendo.
1334 1624 1399 1653 Hoc
1422 1624 1520 1660 itaque
1549 1633 1662 1654 sacoma
1685 1625 1794 1655 indicat

281 1676 447 1712 gravitatem
476 1676 637 1712 specificam
661 1678 774 1714 lagenae
798 1677 953 1706 immersae.
997 1676 1071 1704 Dein
1086 1682 1178 1703 autem
1198 1676 1295 1711 lagena
1320 1675 1398 1704 omni
1414 1683 1488 1710 aqua.
1509 1682 1598 1703 vacua
1622 1675 1690 1703 bene
1713 1676 1793 1704 clau-

287 1726 371 1754 datur
401 1726 518 1763 vesica,
546 1735 578 1756 ut
605 1729 650 1756 aet
673 1734 701 1756 et
722 1735 795 1763 aqua
818 1734 985 1762 arceantur,
1015 1726 1142 1762 neglecta
1174 1732 1266 1753 tamen
1299 1733 1385 1763 parva
1413 1724 1490 1753 illius
1522 1724 1593 1753 aetis
1617 1725 1792 1763 quantitate,

290 1783 362 1810 quae
386 1778 514 1814 lagenula
537 1779 678 1808 continet.
713 1778 777 1815 Jam
799 1777 897 1806 iterum
923 1778 1021 1813 lagena
1038 1776 1142 1805 bilanci
1163 1775 1258 1811 affixa,
1289 1783 1378 1812 aquae
1399 1775 1599 1811 immergatur,
1628 1776 1695 1804 dum
1717 1785 1792 1813 pon.

290 1826 345 1853 dus
370 1828 494 1864 (quod,
523 1835 556 1857 ut
582 1838 669 1865 supra
689 1829 838 1864 vidimus,
864 1828 1059 1864 requirebatur
1083 1828 1117 1856 ad
1142 1827 1341 1856 inveniendam
1373 1825 1538 1862 gravitatem
1564 1826 1724 1862 specificam
1750 1829 1790 1858 la-

290 1879 398 1915 genae)
429 1887 539 1916 semper
563 1886 672 1909 maneat
690 1880 720 1909 in
743 1880 823 1909 lance
846 1879 964 1908 alterius
988 1878 1097 1908 brachii
1119 1878 1252 1907 bilancis.
1291 1877 1379 1907 Nunc
1408 1883 1476 1904 vero
1497 1875 1588 1904 levior
1613 1883 1672 1913 est,
1703 1887 1789 1915 quam

1720 1937 1792 1966 quae

305 1990 358 2019 (1)
379 1992 404 2014 In
422 1992 520 2020 epistola
533 2005 543 2019 ,
563 1993 599 2016 cul
621 1993 714 2017 titulus:
735 1994 779 2016 lens
798 1999 854 2018 over
873 1994 903 2017 de
918 1991 1137 2020 waterweeakunde
1154 1991 1180 2015 ln
1198 1996 1241 2014 een
1258 1989 1324 2013 neret
1337 1994 1378 2013 nn
1399 1989 1444 2011 den
1460 1987 1521 2011 Heer
1540 1986 1638 2013 Aeneae.
