1913 2417
247 165 636 197 COMMENTATIO
663 174 715 196 AD
743 163 1114 204 QUAESTIONEM
1139 161 1429 201 JURIDICAM.
1551 171 1586 201 19

73 250 145 288 JCti
166 249 250 278 verba
272 249 412 278 evincunt
436 258 466 286 p.
487 256 552 287 305.
563 268 574 284 ,
594 248 645 276 ubi
661 248 720 277 ait:
751 267 769 282 ‚‚
784 248 826 283 Je
842 257 875 276 ne
894 250 952 277 suis
968 251 1053 277 entre'
1066 247 1137 277 dans
1152 255 1195 276 ces
1212 246 1334 281 details,
1356 256 1409 286 qne
1419 253 1496 285 pom·
1506 244 1586 281 fisce·

68 316 96 337 5,
117 301 254 339 l'opim'on
273 300 321 329 des
343 300 532 336 Tribunaux,
563 308 617 338 que
634 307 711 337 pour
730 304 834 327 mettre
855 299 886 328 la
908 298 1137 337 jurisprudence
1160 307 1193 326 en
1216 302 1277 327 Atat
1307 298 1341 326 [le
1365 298 1487 335 rempltr
1509 302 1582 325 cette

67 371 96 388 -‚‚
115 352 218 381 lacum:
241 351 277 380 de
295 352 326 380 la
350 353 390 380 lot*
412 350 497 380 d’urae
526 352 658 380 muniere*
679 350 823 387 conforme
845 351 864 378 ἁ
885 350 998 388 l'esprit
1022 350 1056 378 de
1077 351 1108 379 la
1133 349 1212 379 loi.⁷’
1252 350 1297 378 Ex
1320 349 1355 377 iis
1381 349 1488 386 igitur,
1512 356 1583 384 quae

76 403 107 432 in
127 403 266 432 Concilio
289 410 426 438 supremo
451 402 482 431 in
507 408 658 438 utramque
678 408 786 437 partem
811 401 956 437 disputata
973 408 1059 437 sunt,
1087 401 1199 430 abunde
1221 407 1354 435 constat,
1386 400 1583 436 quaestionem

63 455 108 483 ›d‘e
127 459 207 483 Statu
229 452 385 489 Absentis„
414 461 500 489 quam
522 454 763 491 praesumtionem
785 452 940 480 Amen-riae
965 459 1092 488 vocant,
1121 458 1231 482 tantum
1257 452 1397 488 pertinere
1420 451 1456 479 ad
1476 450 1585 478 Tribu-

63 506 120 535 mal
144 504 240 533 ultimi
261 504 402 534 Absentis
426 504 588 540 domicilii,
614 504 750 539 quoniam
773 504 906 539 nuspiam
932 504 1000 532 haec
1021 504 1153 539 quaestio
1178 504 1360 533 commodius
1383 501 1496 530 tractari
1518 509 1586 537 pos-

67 563 134 592 set,
163 564 249 592 quam
273 556 322 583 ubi
344 556 405 592 ejus
427 556 543 584 vivendi
566 555 639 584 ratio
662 555 766 583 vicinis
792 561 878 590 atque
900 555 1032 590 cognatis
1055 554 1205 590 innotuit,
1238 561 1265 583 et
1296 555 1488 590 incongruum
1510 552 1585 581 foret

68 608 102 637 -in
125 609 209 643 loco,
231 615 291 643 quo
315 607 390 636 forte
412 607 503 636 rarius
535 606 707 635 commorari
729 606 858 641 solebat,
886 605 1038 642 dijudicari
1061 611 1167 634 statum
1190 614 1328 642 personae
1350 605 1520 642 plerumque
1542 603 1586 631 in-

67 658 227 696 cognitae(
252 658 358 688 Petitio
382 658 471 695 igitur
486 658 611 694 primum
637 657 752 686 institui
773 658 856 686 debet
879 666 972 686 comm
999 657 1151 685 Tribunali
1176 656 1338 691 domicilii,
1362 662 1392 684 ut
1415 655 1487 683 illud
1509 655 1585 691 diJ'u-

70 711 170 745 dicet,
192 716 289 738 utrum
316 710 382 745 quis
406 710 435 738 in
461 709 616 738 Absentiae
636 712 850 747 praesumtione
873 716 1023 743 versetur,
1046 715 1074 737 et
1092 706 1493 736 administrationibonorum
1517 714 1584 741 pro-

65 761 250 797 spiciendum
272 760 331 796 sit;
354 761 404 788 sed
426 759 506 788 hisce
530 760 582 788 rite
603 760 745 796 peractis,
769 760 819 787 ubi
840 759 981 787 bonorum
1001 760 1151 794 quamdam
1169 766 1264 786 curam
1289 757 1475 786 necessariam
1500 757 1587 785 duxe-

65 812 127 847 1it‚
149 812 222 840 illud
247 811 389 840 Tribunal
417 819 532 840 munere
553 819 610 839 suo
636 810 804 839 defunctum
830 815 984 844 censetur,
1007 816 1034 838 et
1062 809 1204 838 sententia
1225 809 1260 837 de
1281 808 1347 844 ipsa
1369 808 1511 836 bonorum
1537 808 1585 836 ad-

74 862 286 893 ministratione
318 861 434 891 ferenda
459 862 511 890 erit
541 861 694 891 Tribunali
717 862 778 898 ejus
802 861 879 895 loci,
909 860 959 888 ubi
981 860 1057 890 bona
1087 861 1142 889 sita
1166 866 1254 896 sunt3
1278 860 1356 895 quod
1376 858 1465 896 igitur
1486 859 1584 894 adire,

65 921 98 944 et
122 914 244 950 priorem
267 913 383 942 alterius
405 913 575 942 Tribunalis
599 912 767 941 sententiam
790 911 888 940 afferre
910 911 1013 940 debent
1037 911 1056 940 ii
1082 919 1204 947 quorum
1226 911 1362 946 interest,
1384 917 1532 947 petente5,
1555 916 1588 938 ut

67 964 169 1002 prouti
185 973 228 992 res
253 963 391 993 Absentis
417 965 565 1000 postulet,
584 972 685 992 curam
704 964 806 992 horum
825 963 968 991 bonorum
985 962 1139 998 suscipiat.
1183 962 1259 991 Haec
1272 983 1282 997 ,
1317 962 1384 990 licet
1400 961 1470 998 legis
1486 961 1582 990 verbis

67 1025 131 1047 mon
157 1023 291 1052 expresse
310 1015 534 1051 contineantur,
557 1023 651 1043 veram
668 1014 740 1051 legis
763 1021 886 1043 mentem
903 1013 1060 1042 desiderare
1078 1013 1185 1049 cuique
1203 1021 1369 1049 persuasum
1388 1013 1461 1048 erit,
1482 1012 1533 1049 qui
1558 1012 1589 1041 in

69 1066 292 1104 interpretandis
315 1065 428 1101 legibus
451 1066 598 1095 hodiernis
623 1071 757 1102 expertus
784 1064 840 1100 sit,
872 1071 1006 1100 quantam
1028 1069 1173 1100 praestent
1199 1063 1348 1091 utilitatem
1370 1063 1584 1099 disputationes

67 1121 135 1149 illae
158 1118 188 1147 in
208 1115 398 1147 Consistorio
420 1116 563 1153 Principis
596 1117 711 1145 habitae
740 1121 768 1144 et
793 1116 903 1151 scripto
928 1115 1137 1151 consignatae,
1165 1122 1231 1143 cum
1257 1115 1292 1143 ad
1321 1114 1489 1151 ambiguum
1513 1113 1586 1151 legis
1608 1147 1615 1153 ι

65 1179 187 1202 sensum
210 1167 384 1203 eruendum,
404 1174 467 1196 tum
491 1168 527 1196 ad
545 1167 739 1204 supplendum
766 1165 909 1202 quidquid
932 1165 1005 1203 legis
1028 1165 1119 1195 textui
1141 1166 1240 1194 deesse
1260 1165 1401 1194 videatur.

107 1222 157 1251 Sic
179 1220 267 1258 igitur
285 1225 402 1247 constat
424 1218 490 1254 quis
510 1219 564 1247 hac
589 1219 619 1247 in
644 1227 672 1247 re
694 1219 733 1246 sit
753 1218 842 1255 judex
873 1223 1056 1253 competens:
1088 1224 1225 1252 quaenam
1254 1224 1323 1244 vero
1357 1215 1406 1244 hic
1429 1212 1583 1245 definiatur

18 1268 23 1272 ”
47 1273 115 1303 “via
143 1281 176 1301 ac
199 1271 273 1300 ratio
301 1270 472 1305 procedendi
496 1269 620 1306 explicat
649 1275 711 1298 art.
736 1269 803 1306 859.
829 1267 898 1297 Cod.
926 1267 960 1296 dc
981 1273 1043 1297 rat.
1069 1273 1152 1306 proc.
1175 1267 1207 1294 in
1231 1268 1308 1301 civ„
1335 1266 1370 1295 de
1394 1272 1468 1303 quo,
1492 1275 1581 1302 quum

55 1325 138 1356 satis
159 1325 236 1352 clara
251 1321 310 1350 sint
334 1320 448 1349 articuli
463 1321 567 1356 verba,
588 1320 662 1350 nihil
684 1320 731 1348 hic
749 1320 907 1348 addendum
929 1320 1043 1348 videtur
1066 1318 1174 1356 (12),
1195 1318 1274 1352 nisi,
1299 1326 1334 1346 ex
1357 1326 1390 1347 eo
1406 1318 1582 1354 singularem

62 1383 168 1406 rursus
191 1380 325 1410 apparere
349 1372 521 1408 legislatoris
543 1371 720 1408 prudentiam
746 1378 774 1400 et
787 1372 822 1400 de
837 1370 1019 1399 Absentibus
1040 1369 1285 1405 sollicitudinem,
1308 1377 1426 1404 eamque
1444 1369 1483 1397 ita
1503 1377 1582 1397 com-

49 1427 184 1464 probare
215 1424 309 1453 visum
333 1432 396 1452 esse
420 1423 505 1460 *hunc
531 1423 685 1452 articulum
703 1444 714 1459 ‚
746 1429 778 1452 ut
812 1423 875 1451 sine
903 1420 1037 1450 ulteriore
1070 1420 1280 1458 dioeeptatione
1309 1420 1406 1449 statim
1435 1420 1578 1449 admissus

60 1477 150 1508 fuerit
173 1477 231 1514 (13
242 1477 270 1514 ).

777 1538 807 1575 §-
848 1545 878 1574 5·

46 1637 68 1648 -·
98 1629 257 1665 Postquam
282 1626 324 1656 sic
347 1626 561 1663 explicuimus,
591 1626 707 1661 quinam
733 1633 763 1655 et
784 1635 798 1655 a
821 1635 880 1663 quo
905 1624 1078 1660 Tribunali,
1107 1630 1204 1661 petere
1228 1624 1366 1661 possint,
1396 1629 1429 1652 ut
1460 1623 1581 1653 admini-
1620 1641 1625 1645 ·

49 1679 196 1710 ·strationi
220 1679 362 1708 bonorum
387 1678 527 1707 Absentis
552 1678 766 1714 prospiciatur,
796 1683 931 1714 superest
948 1698 958 1714 ,
979 1684 1010 1705 ut
1035 1677 1237 1712 inquiramus,
1261 1684 1316 1711 qua
1343 1674 1451 1704 ratione
1470 1676 1577 1713 judicis

60 1731 117 1762 {rac
141 1731 171 1761 in
192 1738 222 1759 re
244 1729 369 1759 officium
395 1736 527 1767 regatur,
555 1735 582 1758 et
606 1737 691 1766 quam
718 1729 904 1769 potissimum
944 1736 1075 1758 normam
1097 1727 1126 1756 in
1150 1727 1307 1764 judicando
1338 1735 1448 1756 servare
1471 1728 1582 1757 debeat.

1483 1778 1581 1816 Quum

93 1876 164 1905 (η)
189 1876 254 1899 Haec
273 1881 346 1898 autem
373 1882 416 1898 usu
436 1881 520 1898 tantvm
544 1876 651 1901 venient,
673 1877 691 1897 si
713 1876 762 1903 quis
789 1876 833 1898 sibi
853 1877 881 1898 de
901 1876 1008 1898 Absenti:
1031 1881 1162 1903 persuasum
1181 1874 1279 1898 habers,
1303 1879 1353 1895 cum
1370 1873 1468 1895 Abseme
1488 1872 1585 1901 experiri

72 1919 166 1946 napi-t,
182 1923 204 1940 et
223 1917 313 1940 idoneis
331 1918 488 1940 instrumentis
510 1918 638 1940 Abstru-'aui
659 1919 755 1945 probare
772 1918 858 1945 possin
873 1924 939 1944 (nm,
956 1919 978 1940 -εἰ
999 1918 1090 1940 dubium
1109 1917 1153 1944 sit,
1174 1922 1201 1937 an
1221 1920 1305 1937 tuntum
1325 1921 1338 1938 a
1357 1914 1473 1937 domicilio
1490 1914 1546 1936 absit
1561 1919 1584 1935 et

71 1959 165 1986 hiim,
180 1960 247 1981 lolito
267 1964 332 1980 more
351 1965 380 1981 ex
400 1966 422 1981 a.
434 1960 471 1985 (9.
487 1964 520 1979 no.
537 1960 558 1982 Β.
578 1966 656 1982 contra
676 1960 799 1981 Abstntem
821 1966 886 1986 agere
903 1960 991 1986 possit:
1008 1960 1071 1982 vidd·
1094 1964 1200 1986 quoque,
1217 1962 1274 1985 quae
1285 1956 1404 1984 dicemus,
1421 1956 1441 1978 ¹¹.
1456 1960 1509 1977 sect.
1526 1955 1547 1982 S·
1563 1961 1585 1981 ἴ·

90 1999 164 2029 (13)
188 2000 242 2023 Vld.
265 1999 350 2028 Lura,
365 2000 446 2028 Exprit
459 1999 487 2021 du
501 2000 555 2022 code
568 2000 594 2021 dc
608 1999 699 2024 Proced.
723 2000 788 2023 Tom.
804 2002 841 2023 lv.
863 2007 884 2027 p.
898 2003 933 2026 87.

831 2043 896 2071 Ca
