1913 2417
288 186 336 216 ’ἱῦ
759 185 785 215 J.
853 186 885 215 Ρ.
952 186 988 216 ΙΞ.
1053 183 1307 216 VOUTE

299 283 407 309 motus
433 275 602 314 caelestes,
627 282 695 307 tum
721 286 850 307 omnem
879 275 1095 307 attractionem
1118 282 1149 307 et
1171 276 1344 308 discessum
1363 276 1589 319 particularum
1619 288 1685 310 non
1711 285 1764 311 soi

299 334 367 365 lum
396 335 430 364 in
460 332 581 375 reliqua
610 334 756 370 materia,
787 332 842 363 sed
871 332 904 362 in
936 331 1051 374 plantis
1085 338 1117 363 et
1142 332 1352 372 animalibus,
1381 344 1445 364 una
1475 334 1611 366 maxime
1642 336 1766 367 ratione

303 390 555 433 explicandum,
586 399 621 420 ac
650 388 797 431 quamvis
828 399 976 430 magnam
1008 388 1191 420 varietatem
1218 400 1318 431 parvo
1351 388 1459 420 libello
1481 390 1764 431 concludentium;

303 448 359 489 qui
384 458 419 483 ea
448 444 632 477 describunt
661 455 742 486 quae
770 445 1033 486 investigantibus
1056 455 1123 475 sese
1155 444 1250 487 longe
1270 445 1393 476 diversa
1420 445 1610 484 ostendunt,
1631 453 1663 477 et
1689 457 1763 478 cau-

301 512 350 533 sas
378 501 515 533 afferunt
537 500 644 543 quales
666 511 733 531 non
756 500 984 542 disceptantes,
1009 500 1064 531 sed
1091 502 1174 542 capti
1197 500 1301 543 aliqua
1324 500 1550 539 similitudine,
1573 512 1662 533 more
1686 512 1764 544 poe-

300 563 423 596 tarum,
456 568 515 600 pro
539 559 622 588 veris
646 563 802 598 usurpant
835 558 845 595 (
865 555 883 587 5
904 561 925 591 ⁸,-
977 555 1064 595 Quid
1089 555 1191 586 dicam
1217 555 1257 586 de
1284 556 1448 587 elementis
1472 568 1596 596 rerum,
1620 568 1761 600 quorum

295 612 334 643 ad
360 623 517 643 summam
551 619 586 643 ut
615 612 706 655 plura
732 623 770 643 ex
795 613 888 643 certis
915 613 1140 655 experimentis
1168 611 1342 650 addantur,
1376 613 1417 643 ita
1447 613 1508 644 sibi
1528 614 1664 658 quisque
1685 625 1764 657 pau-

294 669 381 699 ciora
409 667 588 710 confingit,
618 679 635 699 e
667 667 785 710 quibus
820 668 942 711 reliqua
971 675 1061 711 putat
1090 674 1234 698 constare
1257 675 1432 710 oportere;
1460 679 1527 711 quo
1552 669 1705 710 jamnon
1729 670 1766 702 in

294 723 401 755 dubiis
427 724 642 765 conjecturam
671 723 790 762 facere,
814 724 869 755 sed
892 725 927 755 in
952 725 1068 767 apertis
1091 735 1166 755 cum
1190 730 1301 754 natura
1324 724 1516 755 contendere
1538 725 1698 760 videntur.

340 781 506 811 Nescimus
543 780 690 823 equidem
728 780 954 824 negligentiam
988 780 1104 810 horum
1141 780 1241 821 magis
1272 790 1312 809 an
1350 783 1556 811 temeritatem
1587 782 1741 812 miremur
1753 805 1767 819 ,.

291 836 350 878 qui
385 836 642 867 Cartesianorum
674 837 794 867 invisa<
825 837 965 867 rationes
997 847 1065 866 non
1097 836 1222 877 assequi
1259 835 1377 871 modo,
1418 836 1473 866 sed
1504 847 1652 878 superare
1684 836 1767 868 velle

295 891 465 929 videntur3
504 903 576 923 cum
612 898 733 922 veteres
767 892 813 923 illi
850 892 1104 935 obtemperarent
1137 891 1302 922 sententiis
1335 902 1401 922 non
1438 891 1577 933 probatis
1609 892 1771 934 quidem,

296 948 351 979 sed
382 954 487 979 tamen
513 949 631 978 summi
660 948 741 986 viri,
782 947 965 991 philosophi
1000 947 1209 979 amantissimi
1245 947 1408 985 veritatis,
1452 947 1643 990 nullumque
1676 947 1769 979 labo--

295 1015 362 1035 mm
391 1011 520 1046 propter
551 1003 703 1034 desidiam
746 1014 889 1046 unquam
931 1004 1139 1047 refugientis3
1177 1003 1368 1034 recentiores
1405 1014 1480 1034 vero
1517 1003 1638 1035 nullius
1676 1004 1778 1039 disci-r

293 1059 398 1102 plinae
423 1059 606 1090 necessitate
637 1058 778 1090 adstricti
807 1067 988 1092 commenta
1021 1071 1078 1092 sua
1106 1058 1269 1097 fundunt,
1293 1059 1360 1093 sola
1387 1058 1448 1090 sibi
1467 1069 1615 1092 concessa
1641 1059 1774 1094 licentia

292 1114 447 1158 fingendi.

338 1173 494 1202 Omnium
532 1178 636 1204 autem
677 1173 865 1212 rationum,
913 1184 992 1218 quas
1035 1174 1345 1213 comminiscuntur,
1392 1181 1439 1206 est
1481 1185 1546 1206 una
1585 1174 1772 1218 imprimis,

294 1237 376 1270 quae
415 1239 514 1267 cum,
562 1232 598 1260 ut
640 1230 780 1272 opinor,
827 1230 1074 1262 nihilomnino
1103 1230 1220 1268 efficit,
1260 1238 1329 1262 tum
1365 1230 1492 1262 videtur
1526 1230 1775 1273 quaestionibus

293 1291 424 1315 naturae
454 1295 594 1316 summas
623 1287 767 1318 tenebras
794 1289 912 1319 sensim
940 1287 1117 1319 offundere.
1178 1289 1260 1319 Cum
1283 1287 1454 1329 aspicimus
1479 1294 1604 1318 motum
1629 1287 1774 1330 aliquem

292 1346 512 1378 constantem,
553 1343 594 1372 ita
627 1341 732 1375 dicere
766 1345 1014 1385 consuevimus,
1053 1355 1119 1375 esse
1148 1345 1182 1375 in
1218 1354 1370 1385 corpore,
1406 1342 1493 1384 quod
1527 1353 1566 1374 eo
1589 1344 1692 1375 cietur
1719 1343 1772 1374 vel

292 1396 381 1438 quod
415 1397 549 1428 alterum
587 1399 670 1435 ciet,
705 1402 765 1430 vim
794 1401 955 1442 aliquam3
985 1400 1084 1431 veluti
1108 1401 1141 1430 in
1165 1399 1256 1430 acido
1281 1400 1347 1430 vim
1375 1398 1548 1441 arripiendi
1575 1399 1684 1436 alcali,
1714 1404 1772 1430 aut

294 1452 329 1482 in
367 1460 511 1495 magnete
546 1455 610 1484 vim
639 1456 792 1487 movendi
820 1456 954 1488 serrum.
1014 1456 1075 1488 Sed
1097 1467 1170 1488 cum
1198 1455 1313 1486 deinde
1338 1466 1454 1498 corpus
1480 1455 1616 1486 dicimus
1640 1465 1769 1489 movere

291 1513 345 1538 aut
386 1511 509 1539 moveri
547 1517 680 1552 propter
717 1514 785 1544 vim
828 1523 942 1549 suam,
979 1523 1087 1543 revera
1120 1511 1242 1543 nullam
1277 1522 1403 1542 causam
1432 1513 1601 1542 statuimus
1630 1523 1669 1542 ex
1706 1521 1774 1554 qua

292 1569 398 1594 motus
434 1565 595 1604 oriretur,
639 1567 694 1597 sed
729 1568 789 1598 alia
824 1567 978 1611 loquendi
1010 1567 1147 1599 formula
1178 1568 1264 1600 idem
1296 1578 1408 1598 rursus
1435 1568 1582 1599 dicimus.
1650 1567 1770 1607 Quod,

290 1619 349 1649 etsi
384 1621 594 1652 mathematici
636 1623 697 1654 sibi
732 1612 829 1666 plane
863 1623 999 1654 habeant
1033 1625 1225 1666 cognitum,
1266 1623 1323 1654 ubi
1356 1624 1397 1654 de
1430 1624 1552 1655 viribus
1584 1631 1705 1666 agunt,
1737 1634 1771 1655 se

293 1675 400 1704 omnia
434 1675 600 1707 absolvere
636 1689 730 1720 posse
762 1678 881 1722 absque
915 1679 980 1710 ulla
1008 1682 1171 1711 mentione
1199 1680 1295 1722 hujus
1322 1681 1433 1718 vocis,
1461 1691 1517 1722 per
1542 1679 1699 1710 calculum
1724 1680 1774 1710 in·

295 1730 500 1761 tervallorum
537 1741 569 1763 et
605 1733 823 1772 celeritatum‚
865 1745 946 1776 quae
978 1734 1044 1765 sola
1077 1746 1151 1766 vere
1184 1743 1366 1778 spectantur
1399 1736 1494 1774 (6),
1526 1742 1631 1766 tamen
1653 1736 1771 1778 cuique

295 1785 422 1827 probari
460 1794 576 1829 potest.
640 1791 765 1820 Etenim
803 1793 828 1820 si
863 1798 946 1821 recte
981 1791 1144 1822 notionem
1181 1793 1298 1822 virium
1331 1791 1589 1834 perpendamus,
1622 1791 1704 1822 nihil
1735 1792 1771 1822 in

293 1851 328 1870 ea
363 1841 524 1873 inclusum
559 1845 783 1882 inveniemus,
816 1846 903 1887 quod
929 1853 1007 1877 esset
1033 1854 1141 1887 aplum
1171 1848 1209 1879 ad
1235 1854 1358 1879 motum
1384 1847 1605 1889 gignendum:
1640 1858 1706 1879 non
1730 1857 1770 1878 ex

292 1903 383 1927 motu
414 1899 612 1931 ascendimus
645 1901 684 1931 ad
721 1902 785 1932 vim
819 1909 970 1944 tanquam
1006 1903 1044 1932 ad
1077 1914 1225 1942 causam,
1265 1904 1320 1935 sed
1356 1905 1422 1946 ipse
1455 1910 1585 1943 motus,
1615 1902 1702 1946 quud
1730 1903 1772 1934 sit

293 1951 426 1996 alicujus
465 1956 608 1998 corporis
646 1964 797 1988 constans
835 1965 867 1989 et
897 1959 1073 2003 proprius,
1106 1967 1271 2004 propterca
1297 1959 1336 1991 ad
1362 1966 1508 1995 naturam
1533 1960 1603 2002 ejus
1628 1959 1772 2002 corporis

1700 2025 1772 2058 Pes·
