1913 2417
239 178 626 212 COMMENTATIO
654 188 706 212 AD
735 177 1109 219 QUAESTIONEM
1134 175 1427 220 JUR1D1‘CAM.
1566 179 1591 220 j

71 264 241 296 vindicanda
267 264 429 299 habebant,
459 264 572 294 maximi
595 263 746 299 interfuit,
774 262 959 294 fundamenta
983 265 1056 293 strui
1083 264 1254 300 doctrinae,
1280 272 1352 300 quae
1370 264 1423 293 hac
1447 264 1476 293 in
1499 270 1581 300 parte

67 317 249 354 singulorum
271 316 335 353 J'ura
357 315 500 345 ordinaret
522 324 555 345 ac
579 321 724 351 tueretur-3
745 322 811 344 cum
833 314 968 351 profecto
987 316 1042 345 hoc
1065 323 1193 352 tempore
1217 323 1301 344 nemo
1317 314 1401 344 facile
1423 315 1579 345 affirmave-

63 367 121 403 rit,
148 368 218 396 tales
249 375 356 402 casus,
385 366 493 403 quippe
515 376 578 396 raro
607 366 734 396 accidere
761 366 884 402 soiitos,
916 366 1088 403 legislatoris
1117 369 1186 396 eura
1214 374 1242 396 et
1263 366 1423 396 attentione
1445 375 1508 396 esse
1532 366 1578 395 in-

60 419 186 455 dignos,
209 424 238 448 et
256 418 298 446 sic
322 417 436 454 legibus
459 418 602 447 contineri
629 426 687 446 non
715 425 814 454 posse.
855 417 952 453 Nam,
979 418 1120 453 quicquid
1150 418 1284 447 nonnulli
1317 418 1492 447 contendant
1518 417 1579 446 Ab·

63 469 187 499 sentium
220 476 317 497 curam
348 469 424 505 leges
454 477 513 498 non
545 468 692 505 suscipere
715 468 843 503 debere,
873 469 1010 504 quoniam
1044 469 1234 505 vigilantibus
1266 476 1377 498 tanturn
1409 476 1578 499 succurrere

61 521 175 555 solent,
197 527 249 549 nec
273 528 304 548 se
328 519 471 549 bonorum
494 519 738 548 administrationi
764 519 923 548 immiscere
948 519 977 548 in
1000 521 1116 556 gratiam
1134 530 1253 557 eorum,
1275 521 1325 557 qui
1349 520 1406 557 ipsi
1431 520 1578 557 negligen-

63 576 106 600 ter
127 571 158 600 in
179 570 216 600 iis
240 577 412 606 versentur,
434 571 501 600 haec
526 570 610 600 facile
625 570 852 606 subvertuntur,
874 571 898 600 si
912 571 1093 608 cogitemus,
1118 572 1193 601 illud
1214 579 1324 601 tantum
1342 571 1470 601 affirmari
1488 579 1576 608 posse

64 622 98 651 de
120 622 188 658 his,
218 621 291 657 qui,
321 629 387 650 curn
410 621 497 650 rebus
520 623 581 651 suis
603 622 662 659 ipsi
684 622 851 659 prospicere
872 629 1009 658 possent,
1039 631 1086 651 eas
1119 624 1202 659 plane
1232 623 1401 660 negligunt,
1429 631 1489 652 non
1513 631 1582 651 vero

62 673 97 702 de
119 672 176 708 iis,
203 671 256 708 qui
277 673 450 703 restrictior-e
479 682 569 703 sensu
594 673 739 703 Absentes
773 674 922 703 dicuntur.
966 675 1028 703 Imo
1051 682 1140 709 vero,
1166 682 1232 702 cum
1265 674 1394 703 homines
1429 674 1584 703 societates

61 724 162 753 civiles
183 724 317 753 ineuntes
339 724 447 761 jurium
471 725 647 754 naturalium
679 726 827 761 quamdam
850 726 987 760 jacturam
1015 724 1119 753 fecisse
1156 733 1215 753 non
1241 724 1327 753 facile
1346 725 1422 754 credi
1448 725 1582 760 possint,

62 775 120 804 nisi
142 774 292 811 proposita
317 775 373 803 sibi
397 775 573 805 defensionis
602 784 634 804 ac
658 776 820 804 securitatis
840 776 1065 810 communione,
1087 776 1175 804 tutela
1192 775 1334 804 bonorum
1358 775 1486 804 absentis
1508 775 1580 803 civi·

63 827 117 856 tati
135 826 201 862 ipso
221 826 283 863 jure
302 826 416 856 videtur
429 826 595 855 demandata
604 835 617 855 ε·
636 834 701 855 cum
725 827 857 863 profecto
875 835 959 855 nemo
977 825 1147 862 negaverit,
1169 826 1241 855 illud
1262 827 1372 855 civitati
1394 827 1580 861 incumbere,

64 882 99 906 ut
121 876 200 905 cives
222 885 238 905 a
258 876 429 912 fraudibus,
451 877 485 906 ab
511 877 644 915 injuriis,
665 877 775 913 furtis,
801 877 924 914 rapinis,
950 884 979 906 et
1004 877 1151 906 simiiibus
1171 877 1303 913 damnis,
1327 886 1399 913 quae
1423 878 1478 914 ipsi
1503 886 1581 907 aver-

67 934 124 956 tere
148 933 316 963 nequeunt,
336 928 485 964 vindicet3
508 929 589 964 quod
609 936 643 958 eo
665 929 756 965 magis
781 929 815 957 ad
839 928 984 957 civitatem
1010 928 1152 964 pertinere
1173 928 1306 964 videtur,
1337 937 1396 964 qno
1422 929 1527 966 majora
1554 935 1582 957 et

65 978 163 1015 gravia
186 978 220 1007 ab
246 979 283 1007 iis
311 980 475 1015 expostulet
506 980 617 1016 officia,
648 988 745 1016 quove
774 979 856 1016 plura
882 985 911 1008 et
933 979 1096 1016 periculosa
1118 979 1234 1016 negotia
1259 980 1288 1008 in
1313 980 1441 1008 civitatis
1472 980 1583 1008 emolu-

68 1036 196 1058 mentum
223 1029 302 1058 ultro
323 1029 353 1058 in
373 1037 404 1058 se
428 1031 601 1067 suscipiant.
643 1031 691 1059 Sic
718 1031 808 1067 igitur
829 1031 905 1059 satis
923 1036 1041 1059 constat
1065 1031 1164 1066 plures
1196 1038 1300 1065 easque
1321 1031 1390 1058 satis
1417 1039 1516 1066 graves
1542 1038 1585 1058 ra-

62 1079 157 1109 tiones
179 1088 270 1109 novas
293 1080 370 1116 leges
392 1081 502 1110 ratione
517 1081 690 1110 Absentium
709 1081 899 1115 desiderasse,
923 1081 992 1109 adeo
1016 1087 1048 1109 ut
1068 1081 1186 1109 omnino
1211 1089 1314 1117 operae
1329 1081 1454 1117 pretium
1479 1081 1584 1109 fecisse

63 1129 195 1159 videatur
218 1130 368 1167 legislator
391 1131 567 1169 Francicus,
597 1132 745 1162 communi
781 1132 846 1160 huic
879 1131 1009 1161 omnium
1036 1132 1320 1169 Jurisconsultorum
1353 1132 1494 1162 desiderio
1523 1140 1584 1161 mo·

16 1194 21 1198 -
58 1188 116 1210 mm
140 1189 250 1218 gerens.

99 1231 139 1261 11.
180 1232 221 1261 At
244 1238 400 1269 postquam
424 1241 511 1270 supra
535 1234 682 1270 vidimus,
713 1242 728 1263 e
748 1240 842 1263 vetere
867 1233 1090 1271 iurisprudentia
1122 1234 1201 1263 nulla
1232 1240 1308 1264 certa
1342 1233 1484 1271 principia
1508 1235 1580 1264 hau-

58 1282 109 1312 uiri
130 1282 282 1319 potuisse,
308 1284 437 1320 adeoque
463 1285 492 1314 in
517 1286 569 1314 hac
591 1286 707 1315 materia
729 1286 807 1314 nova
832 1285 1043 1321 procedendum
1068 1284 1161 1313 fuisse
1182 1285 1245 1321 via,
1275 1286 1404 1315 nondum
1428 1287 1515 1316 trita:
1539 1287 1582 1316 vi-

61 1333 177 1362 deamus
201 1335 287 1370 jam,
310 1343 367 1370 qua
399 1336 587 1371 potissimum
615 1337 727 1365 ratione
758 1344 829 1364 usus
853 1335 891 1364 sit
925 1335 1091 1373 legislator,
1119 1344 1176 1372 qua
1201 1337 1355 1373 sapientiae
1381 1344 1409 1366 et
1432 1337 1586 1374 aequitatis

59 1383 142 1414 hude
166 1385 402 1414 commendentur
426 1387 507 1424 leges
530 1387 565 1416 de
585 1387 754 1416 absentibus
784 1387 867 1415 latae.

99 1433 194 1472 Quam
218 1435 330 1464 difficile
359 1436 447 1467 fuerit
468 1438 498 1467 in
525 1439 684 1468 condendis
713 1438 802 1475 huJus
828 1438 975 1467 doctrinae
999 1436 1195 1466 fundamentis
1222 1438 1252 1466 in
1277 1438 1400 1475 Scyllam
1426 1447 1486 1467 non
1511 1439 1585 1468 inci-

63 1484 128 1515 dere
159 1485 338 1522 Charybdin·
354 1488 459 1517 evitare
483 1489 631 1525 cupienti,
652 1497 737 1518 nemo
762 1497 821 1517 non
844 1488 998 1525 intelligit,
1022 1488 1073 1524 qui
1097 1497 1194 1517 secum
1212 1489 1341 1526 cogitat,
1370 1496 1493 1525 quantae
1521 1490 1583 1519 siut

65 1535 218 1565 hominum
236 1538 428 1575 cupiditates,
459 1547 565 1576 quanta
588 1541 688 1569 alienis
714 1539 799 1568 rebus
829 1539 1021 1573 inhiantium,
1051 1546 1207 1575 earumque
1229 1540 1354 1568 rationes
1385 1540 1499 1569 curiose
1522 1549 1588 1576 per-

63 1588 252 1617 scrutantium
278 1589 448 1619 insolentia-2
479 1599 562 1619 nemo
584 1590 674 1627 igitur
696 1599 756 1620 non
781 1591 859 1618 videt
889 1597 999 1618 summa
1026 1589 1175 1625 prudentia
1204 1597 1279 1626 opus
1306 1589 1415 1626 fuisse,
1447 1597 1478 1618 ut
1504 1591 1579 1620 veris

59 1638 234 1668 Absentiam
259 1641 426 1670 commodis
453 1642 505 1671 hae
528 1642 604 1678 leges
626 1642 932 1675 accommodarentur,
954 1647 1048 1676 neque
1069 1640 1229 1676 periculum
1246 1640 1340 1677 foret,
1365 1650 1401 1670 ne
1424 1642 1454 1670 in
1481 1650 1582 1671 eorum

62 1688 260 1719 detrimentum
285 1692 377 1728 magis
403 1692 493 1722 abiret
524 1692 612 1722 nimia
638 1693 779 1722 bonorum
805 1700 889 1726 cura,
912 1698 939 1719 et
962 1691 1050 1719 citius
1075 1690 1202 1720 adhibita
1217 1692 1348 1721 remedia.
1390 1693 1466 1722 Cum
1490 1700 1584 1723 tamen

61 1746 97 1769 u
119 1741 206 1770 altera
222 1748 300 1777 parte
323 1750 417 1779 neque
432 1744 605 1774 Absentiam
618 1766 635 1780 ,.
650 1753 742 1780 neque
766 1742 938 1780 reipublicae
959 1742 1053 1778 ipsius
1073 1742 1225 1771 commoda
1241 1750 1424 1780 paterentur,
1448 1751 1479 1774 ut
1503 1745 1580 1774 bona

67 1790 116 1820 diu
145 1791 251 1821 intacta
270 1793 416 1831 jacerent,
442 1804 601 1832 omnesque
625 1796 794 1832 superstites
817 1794 853 1823 ab
875 1793 912 1822 iis
937 1795 1020 1830 plane
1042 1800 1221 1829 arcerentur,
1251 1795 1341 1824 media
1366 1797 1489 1831 quadam
1519 1799 1585 1833 via,

61 1849 151 1878 eaque
170 1844 314 1874 tutissima
341 1847 484 1882 processit
511 1848 678 1884 legislator,
707 1854 734 1876 et
759 1846 901 1883 principia
934 1846 1022 1882 hujus
1054 1853 1146 1874 novae
1180 1845 1328 1874 doctrinae
1358 1848 1579 1883 probabilitatiS

64 1890 175 1930 legibus
191 1897 403 1933 superstruxit3
426 1899 503 1934 quod
520 1898 668 1935 profecto,
690 1907 757 1927 cum
776 1898 871 1927 omnia
892 1898 925 1926 de
940 1896 1121 1926 Absentibus
1137 1896 1245 1925 incerta
1267 1904 1329 1926 esse
1349 1899 1481 1936 soleant,
1504 1898 1582 1935 opti·

65 1949 142 1973 mum
165 1951 224 1980 est,
245 1952 274 1974 et
295 1948 399 1976 rationi
423 1950 542 1978 maxime
566 1950 740 1979 conveniens
765 1950 844 1987 (4).
1539 1987 1561 2015 Ε

67 2001 72 2007 t
1566 1993 1586 2017 X

90 2043 141 2073 (4)
161 2045 249 2069 ldcllco
269 2050 448 2076 praesumtiones
468 2050 491 2072 in
516 2051 605 2075 Codice
624 2052 711 2075 ratione
734 2050 867 2074 Abu-mium
885 2050 994 2074 admissae
1015 2049 1084 2079 magis
1108 2055 1133 2072 se
1158 2051 1333 2078 commendant,
1359 2054 1382 2072 et
1402 2049 1481 2076 majori
1501 2050 1586 2073 verisi-

1539 2094 1589 2118 ml-
