1913 2417
286 167 323 191 η
548 154 1534 197 J.AN1GUILIEIJMlERMERIth

286 239 425 277 gavsformi
460 241 687 277 compositiones
716 249 784 269 suas
814 241 987 277 relinquant.
1044 240 1237 271 Barthollctus
1272 251 1352 271 suam
1387 243 1554 272 sententiam
1594 242 1811 272 observatione·

288 292 443 321 Kirwanni
465 292 666 327 confirmavit,
689 292 739 327 qui
763 292 928 328 gravitatem
956 291 1117 328 specificam
1149 294 1222 322 acidi
1254 295 1349 323 nitrici
1377 303 1443 322 cum
1477 295 1705 330 diversaaquae
1727 303 1793 330 pro·

288 343 424 380 portione
451 343 533 372 mixti
555 343 589 371 ad
616 351 731 371 examen
755 343 889 379 vocavit,
916 349 945 371 et
967 343 1040 372 vidit
1062 352 1095 372 ex
1126 345 1177 372 hac
1202 346 1408 382 conjunctione
1438 345 1570 382 majorem
1601 354 1660 374 non
1683 353 1809 374 tantum·

290 397 440 430 exsurgere
461 394 626 430 gravitatem
650 393 810 429 specificam
825 415 835 429 ,
861 403 944 429 quam
972 402 1044 430 quae
1066 395 1189 423 oriretur
1209 404 1242 424 ex
1260 398 1361 433 J‘uncta
1378 396 1516 432 gravitate
1539 396 1686 425 amborum
1709 396 1797 432 liqui-

291 446 392 474 dorum
417 445 502 474 simul
525 450 638 474 sumta:
660 445 710 473 sed
735 451 762 473 et
789 445 887 474 adesse
908 446 1125 481 proportionem
1150 446 1180 475 in
1198 456 1252 482 qua
1275 448 1340 476 haec
1365 447 1488 484 gravitas
1512 448 1602 484 major
1624 454 1682 476 erat
1708 456 1800 483 quam.

291 497 322 525 in
344 497 417 526 aliis.
460 496 589 525 Habetur
608 495 706 531 itaque
723 496 901 533 proportio,
924 496 988 524 ubil
998 497 1197 526 elementorum
1228 498 1303 540 actio
1336 499 1457 527 maxima
1479 505 1529 527 est-
1551 505 1578 527 et
1603 499 1791 527 condensatio

287 548 322 576 ad
348 555 491 576 summum
515 547 705 583 progreditur.

326 599 503 632 Confirmata
527 605 570 627 est
594 598 661 629 haec
685 597 848 627 observatio
868 598 924 627 alin
951 597 1123 636 Blagdanii‚
1153 599 1324 629 invenientis
1351 601 1385 629 in
1412 601 1528 629 miscela
1552 609 1641 636 aquae
1664 607 1691 629 et
1713 601 1792 637 alco-

287 650 366 679 holis
391 650 644 679 condensationem
667 658 804 678 summam
829 658 891 678 esse
913 649 963 677 ubi
989 659 1022 686 15
1043 651 1077 678 ad
1102 658 1139 679 20
1161 658 1253 686 partes
1286 652 1373 680 unius
1398 659 1425 681 et
1448 661 1501 681 100
1523 652 1639 680 alterius
1670 652 1794 687 liquoris

288 702 432 730 adessent.
474 702 519 729 Ex
541 701 593 729 hac
616 700 839 730 condensatione
869 708 935 728 mox
964 700 1123 730 intenditur
1145 702 1188 730 vis
1220 703 1422 738 cohaesionis‚
1453 703 1547 737 unde,
1574 702 1652 738 quod
1679 702 1799 731 Kelvius

285 759 314 782 et
334 752 515 783 Cavcndiscl»
533 752 686 787 viderunt,
714 752 875 787 composita
898 751 1034 780 facillime
1059 752 1087 780 in
1117 758 1222 782 statum
1262 754 1470 791 congelationis
1508 757 1665 782 transeunt.
1714 752 1812 781 Ha'nc‘

286 805 561 839 condensationem‚
588 812 659 840 quae
681 805 709 832 in
731 803 905 839 corporibus
928 803 1000 831 inter
1024 810 1095 839 quae
1109 812 1194 839 parva
1217 811 1260 833 est
1278 805 1417 840 affinitas,
1440 810 1575 840 apparet,
1597 803 1686 840 magis
1708 803 1799 832 mani-

288 855 390 885 festam
416 863 443 884 et
460 862 564 885 certam
590 863 652 884 csse
672 854 760 883 credit
786 854 816 882 in
840 854 875 883 iis
900 862 971 889 quae
993 854 1087 883 valida
1117 855 1144 882 vi
1172 856 1345 893 junguntur.
1383 856 1527 884 Nimirum
1553 855 1666 890 quando
1690 863 1706 883 a
1724 862 1796 883 con-

289 907 455 937 densatione
488 906 671 935 cohaesionis
703 904 824 936 efficacia
853 904 1008 940 increscit,
1039 914 1113 934 nova
1138 906 1181 933 vis
1203 912 1231 934 et
1255 915 1363 935 novum
1394 904 1687 941 obstaculumquasi
1716 912 1796 933 acce-

289 960 381 994 dunt,
403 958 510 994 quibus
533 958 708 993 impeditur,
733 956 890 991 quominus
911 956 987 985 actio
1013 956 1140 986 chemica
1163 956 1295 985 effectum
1326 965 1408 986 suum
1431 956 1516 992 edat;
1538 956 1810 992 hoeimpedimena„

289 1016 350 1038 tum
372 1017 405 1038 eo
428 1009 520 1046 majus
547 1008 710 1043 eritiprout
736 1007 780 1035 vis
807 1006 987 1035 cohaesionis
1015 1007 1156 1042 acquisita
1179 1007 1291 1036 auctior
1312 1007 1450 1043 evaseri13
1471 1007 1523 1035 hac
1545 1014 1615 1035 vero
1637 1007 1722 1034 semel
1747 1015 1798 1035 su-

291 1066 388 1098 perata
418 1061 493 1096 leges
519 1058 640 1088 actionis
664 1058 805 1087 chemicae
839 1058 917 1086 omni
937 1057 966 1086 vi
996 1064 1098 1094 agunt.
1135 1058 1258 1094 Egregie
1281 1058 1323 1087 sic
1349 1058 1528 1094 explicatur,
1556 1065 1643 1093 quare
1669 1057 1738 1086 salia
1766 1057 1806 1087 in.

289 1118 368 1141 statu
393 1110 578 1140 saturationis
601 1110 739 1138 omnium,
758 1109 895 1138 facillime
918 1108 947 1137 in
972 1109 1271 1146 crystallos-abeant,
1300 1117 1366 1138 cum
1390 1109 1469 1138 omni
1495 1116 1546 1136 sua
1573 1107 1684 1145 energia
1706 1109 1799 1137 actio-

290 1171 355 1194 nem
378 1163 461 1192 edant
485 1163 622 1192 elementa
643 1168 820 1197 corporum,
850 1159 874 1188 si
896 1159 1029 1188 nimirum
1052 1160 1184 1196 utrisque
1205 1160 1245 1189 sit
1272 1160 1399 1196 aequalis
1421 1160 1460 1189 ad
1479 1159 1650 1188 soliditatem
1674 1159 1804 1195 disposi-

291 1215 345 1243 tio.
386 1214 480 1242 Datur
509 1213 555 1241 hic
577 1213 778 1249 aequilibrium
803 1210 928 1246 virium,
952 1210 980 1239 in
1003 1220 1062 1247 quo
1078 1212 1173 1240 omnia
1198 1212 1317 1240 maxima
1332 1211 1361 1241 vi
1387 1220 1418 1240 se
1441 1210 1611 1245 attrahunt,
1630 1210 1706 1239 unde
1730 1218 1805 1240 con·.

293 1264 423 1295 densatio
447 1272 559 1294 summa
583 1263 633 1293 fir„
671 1264 701 1292 Si
725 1270 820 1292 autem
837 1270 938 1290 unum
968 1263 1125 1292 alterumve
1155 1263 1332 1299 principium
1370 1260 1723 1292 alterum-insolubilitate
1752 1269 1803 1290 an·

291 1316 416 1350 tecedit‚
444 1315 564 1344 effectus
589 1315 764 1344 mutabitur:
792 1314 830 1342 ita
855 1312 967 1341 acidum
993 1314 1159 1349 oxalicum,
1192 1320 1383 1349 tartarosum‚
1409 1319 1464 1342 etc.
1489 1311 1574 1340 facile
1596 1311 1666 1340 salia
1691 1311 1803 1340 consth

295 1373 384 1396 tuunt
413 1374 480 1395 cum
516 1374 637 1395 excessu
666 1365 756 1400 acidi,
784 1371 904 1400 propter
938 1372 1064 1400 magnam
1098 1363 1156 1393 vim
1187 1364 1368 1392 cohaesionis
1400 1369 1427 1391 et
1450 1362 1515 1391 inde
1529 1362 1632 1391 loxaias
1655 1368 1682 1390 et
1701 1362 1799 1391 tartris

290 1424 422 1455 potassae
443 1417 552 1447 acidula
575 1417 665 1453 magis
693 1424 776 1453 quam
803 1421 902 1443 neutra
925 1422 1093 1444 occurrunt.
1135 1415 1217 1444 lilius
1244 1423 1354 1450 semper
1376 1413 1505 1442 elementi
1524 1421 1657 1442 excessus
1683 1413 1805 1443 dabitat

294 1470 374 1505 quod
399 1468 539 1497 citissime
562 1474 666 1496 statum
691 1467 816 1496 solidum
841 1467 980 1501 assumit,
1011 1466 1034 1494 si
1058 1465 1192 1495 nimirum
1216 1465 1250 1494 de
1270 1464 1511 1502 crystallisatione
1534 1469 1693 1499 quaeratur.
1740 1463 1801 1492 Ha,

282 1521 399 1551 .bentur
421 1519 509 1556 igitur
534 1519 768 1554 murias.,.nitras
794 1523 926 1553 potassae
950 1523 977 1545 et
1002 1517 1088 1545 sodae
1110 1523 1228 1551 neutra,
1250 1524 1315 1544 cum
1338 1524 1426 1552 aeque
1449 1513 1586 1543 solubilia
1614 1514 1674 1542 sint
1695 1521 1723 1542 et
1745 1514 1806 1543 aci,

296 1573 364 1601 dum
392 1577 418 1599 et
445 1571 546 1599 alcali:
577 1571 814 1607 sulphasautem
838 1576 864 1599 et
887 1568 982 1598 tartris
1009 1568 1119 1597 acidula
1144 1574 1294 1603 potassae‚
1327 1575 1392 1595 cum
1419 1567 1497 1595 acida
1525 1564 1644 1593 maxime
1668 1565 1697 1594 in
1721 1565 1804 1596 illum

297 1630 403 1652 statum
437 1621 577 1658 proclivia
600 1621 669 1650 sint.
719 1621 793 1651 Idem
819 1621 848 1650 in
871 1627 958 1649 causa
983 1617 1084 1653 foret,
1113 1626 1165 1646 cur
1196 1626 1254 1646 non
1292 1626 1419 1646 omnium
1453 1618 1553 1645 salium
1585 1616 1689 1651 triplex
1711 1621 1806 1646 status

296 1674 484 1708 observetur,
505 1680 607 1708 nempe
627 1672 668 1700 sal
690 1673 856 1706 acidulum,
876 1671 987 1699 acidum
1006 1674 1032 1697 et
1053 1675 1184 1698 neutrum
1210 1670 1288 1706 (3).
1329 1669 1378 1698 Sic
1402 1669 1450 1697 ubi
1465 1668 1577 1696 acidum
1599 1666 1636 1695 sit
1660 1657 1802 1703 gazozuin

297 1725 421 1759 oxydum
443 1731 516 1758 aqua
539 1723 715 1758 insolubile,
737 1731 796 1751 non
819 1722 936 1751 liabetur
961 1720 1016 1748 nisi
1041 1721 1082 1748 sal
1107 1728 1171 1748 cum
1196 1728 1315 1748 excessu
1347 1720 1468 1749 baseosx
1497 1725 1524 1747 et
1545 1725 1616 1753 quae
1638 1717 1704 1745 alia,
1720 1724 1802 1747 sunt.

295 1773 339 1804 Ut
362 1774 494 1810 probaret
519 1774 710 1803 Bertsrollcms
736 1773 804 1811 (4)
834 1779 942 1808 praeter
973 1771 1220 1806 combinationes,
1250 1780 1321 1807 quae
1349 1772 1437 1808 vulgo
1469 1776 1624 1798 occurrunt
1657 1774 1683 1796 et
1710 1775 1803 1797 certae

298 1826 456 1860 habentur,
476 1825 546 1854 alias
570 1825 685 1860 adesse,
707 1826 790 1862 plura
812 1823 939 1853 instituit
963 1822 1170 1859 experimenta:
1194 1823 1268 1852 inter
1285 1823 1338 1852 alia
1359 1823 1393 1853 ad
1414 1828 1528 1853 examen
1552 1819 1665 1850 vocavit
1683 1819 1804 1860 sul-phas

1752 1878 1810 1900 aci·

324 1952 377 1980 (3)
399 1951 449 1974 Vid.
468 1952 582 1976 Taenara,
599 1951 674 1975 'ri-alte
695 1954 723 1975 de
743 1952 852 1979 Chemie,
874 1954 900 1975 T.
915 1953 948 1974 ll..
969 1958 993 1980 p·
1007 1952 1057 1975 281.

321 1989 372 2021 (⁴)
394 1994 446 2017 vta.
464 1993 535 2016 Mem.
554 1995 581 2016 ae
600 1993 669 2016 1'1nsx.
689 1994 742 2016 Nat.
762 1995 790 2017 T.
803 1995 830 2016 u.
851 1998 872 2015 et
892 1993 931 2016 111.
961 1994 1012 2016 sm.
1032 1992 1106 2018 chrm.
1128 1994 1158 2017 τ.
1175 1992 1193 2016 1.
1216 2000 1240 2021 ρ.
1259 1998 1311 2022 ³9³-
