1913 2417
576 157 1171 191 ANDREAEvBONN.
1579 166 1619 200 ις,

140 264 200 286 vos
225 253 350 297 appello
380 259 475 296 atque
506 251 647 284 obtestor
671 263 803 291 omnes,
833 253 904 284 Viri
927 251 1165 295 expertissimi,
1195 251 1253 294 qui
1279 251 1497 295 periculorum
1527 253 1612 294 pari.

142 317 188 342 ter
223 318 317 353 atque
355 309 528 341 utilitatum
564 310 669 351 socii,
703 310 939 341 institutionem
977 309 1111 351 hujusce
1142 307 1269 339 scholae
1306 307 1475 350 peculiaris
1508 319 1612 339 recor·

137 366 276 405 damini,
302 368 357 409 qni
381 378 506 399 mecum
532 378 651 397 nomen
676 366 756 397 illud
781 367 946 409 egregium
970 365 1144 408 reputatis,
1167 364 1257 408 quod
1279 364 1434 396 Consules
1460 364 1511 396 vel
1535 367 1612 397 Pro·

139 425 286 455 curisnles
327 425 420 467 liujus
457 424 593 455 civitatis
621 423 964 461 Amstelaedamensis,
988 423 1059 454 Viri
1089 421 1294 465 amplissimi,
1327 426 1481 464 tanquam
1511 420 1614 453 fauto-

140 491 190 511 res
213 492 318 511 rerum
341 481 487 511 omnium
516 480 645 510 utilium
674 486 705 511 et
733 479 913 511 defensores
932 503 941 517 ‚
968 479 1044 510 huic
1074 479 1222 509 instituto
1253 484 1360 509 vestro
1392 478 1549 510 dederunt
1570 479 1610 510 il·

108 574 114 576 Δ
141 536 284 580 ludque,
315 544 465 579 tanquam
491 539 702 575 Maecenates,
736 538 853 568 virtute
881 547 938 567 sua
968 542 999 566 et
1026 535 1213 566 auctoritate
1245 534 1413 567 fulserunt.
1467 535 1537 567 Imo
1565 536 1613 567 lo-

140 600 286 636 quuntur
312 594 416 624 adhuc
440 593 605 625 domestici
638 593 736 636 hujus
759 593 910 624 auditorii
933 593 1067 636 parietes
1087 614 1096 629 ‚
1129 591 1273 634 loquitur
1299 591 1376 623 haec
1403 593 1489 635 ipsa,
1513 604 1611 635 quarn

139 660 199 692 ego
222 650 390 688 adscendi,
426 649 587 682 Cathedra
602 673 611 688 ‚
642 660 706 692 qua
733 661 804 681 non
819 660 917 681 Nius
943 650 1085 692 primum
1106 647 1231 690 collegii
1257 647 1389 679 illustris
1416 656 1613 682 conventum

139 705 307 749 publicum
334 708 449 749 quinto
482 705 688 737 calendarum
708 705 942 749 septembrium
970 716 1057 736 anno
1083 704 1256 748 superioris
1282 704 1381 736 seculi
1402 708 1612 750 nonagesimo

141 762 223 805 egit,
243 769 275 793 et
301 763 367 805 ipse
391 773 515 805 praeses
541 763 767 805 inauguravit,
789 763 978 805 magnisque
997 761 1178 793 honoribus
1206 762 1366 794 mactavit.
1413 765 1504 794 Tunc
1524 765 1613 797 enim

141 816 204 849 fata
223 819 269 849 rei
292 819 490 861 chirurgicae
516 829 770 850 commemorans
786 842 797 858 ‚
829 818 973 850 liberales
1005 829 1118 850 omnes
1134 841 1144 857 ‚
1177 818 1234 861 qui
1262 829 1300 849 ex
1328 819 1447 862 insigni
1477 820 1539 851 hoc
1565 821 1616 853 in.

141 876 255 906 stituto
287 874 327 906 ad
356 882 456 906 artem
481 876 614 919 patriam
639 882 670 907 et
698 875 826 907 laudem
854 875 1100 914 redundarent,
1131 874 1254 906 fructus
1282 877 1444 919 aptissime
1470 878 1617 910 enuclea-

140 932 207 971 vit,
230 932 310 975 quin
331 938 363 963 et
389 932 422 962 in
452 931 598 963 futurum
625 939 693 963 tum
720 933 906 972 victoriam,
931 939 1000 964 tum
1025 932 1161 976 gloriam
1184 934 1370 976 praesagiit‚
1393 945 1490 976 quam
1518 935 1613 967 scho-

140 987 172 1020 la
211 989 317 1020 omnis
343 988 523 1031 chirurgica
557 989 590 1019 in
627 990 728 1032 patria
768 996 877 1021 nostra
903 1000 942 1020 ex
979 989 1054 1020 artis
1087 988 1289 1032 simplicitate
1319 992 1414 1022 etiam
1439 991 1525 1033 apud
1559 1001 1614 1023 exi

143 1052 269 1076 traneos
293 1051 488 1087 reportaret,
518 1051 633 1087 atque,
667 1052 744 1076 teste
772 1046 982 1088 experientia,
1014 1045 1358 1083 ex,ae,1nulatione„et
1385 1046 1541 1078 rivalitate
1564 1059 1615 1079 re·

144 1100 228 1132 tulit.
273 1101 320 1131 lta
345 1107 377 1131 et
401 1112 459 1131 vos
488 1101 567 1143 ipsi,
590 1101 646 1142 qui
671 1101 854 1132 adhucdum
881 1101 1008 1139 vivitis,
1031 1100 1154 1132 sodales
1177 1103 1349 1133 amicitiam
1372 1104 1515 1146 magistri
1531 1104 1615 1147 optiq

145 1158 189 1188 mi
204 1156 379 1188 officiosam
406 1163 474 1187 tuni
497 1158 621 1199 egregie
648 1157 852 1196 honorastis,
876 1168 949 1188 cum
977 1159 1128 1200 quintum
1148 1165 1180 1189 et
1197 1160 1385 1190 vicesimum
1404 1170 1526 1192 annum
1549 1172 1616 1193 me·

143 1213 306 1244 morialem
341 1211 559 1250 celebrantes,
592 1202 763 1244 nummum
799 1224 930 1244 aureum
950 1237 957 1251 ,
989 1214 1145 1245 amicitiae
1173 1221 1268 1258 atque
1301 1216 1434 1247 honoris
1458 1217 1613 1260 plenum,¹

141 1270 211 1300 seni
234 1267 416 1299 venerando
440 1267 522 1299 bene
544 1270 658 1300 merito
686 1276 716 1300 et
744 1271 925 1312 gratissimo
950 1269 1156 1302 condonastis
1179 1273 1265 1313 (2).

181 1328 294 1369 Neque
329 1324 390 1356 hoc
420 1325 525 1355 solum
558 1325 637 1364 fuit,
670 1326 759 1369 quod
795 1338 971 1359 nonnius
1006 1328 1041 1358 in
1075 1329 1195 1371 patriae
1229 1337 1287 1367 aut,
1317 1333 1398 1366 artis?
1419 1331 1624 1365 beneficium.

143 1381 310 1414 conferret.
367 1383 484 1412 Exacto
511 1382 564 1412 vix
591 1382 743 1421 biennio,
776 1394 860 1414 nova
889 1384 928 1415 ad
954 1394 1029 1415 eum
1057 1384 1159 1416 delata
1184 1394 1231 1418 est
1256 1389 1431 1430 provincia.
1480 1392 1614 1422 Munere

141 1439 325 1481 chirurgico
359 1437 393 1468 in
423 1437 482 1469 hac
512 1440 639 1470 civitate
667 1450 793 1470 summa
825 1451 899 1471 cnm
929 1440 1022 1472 laude
1044 1442 1232 1485 perfunctus
1265 1443 1365 1476 fuerat
1396 1455 1615 1477 Jonannns

142 1505 495 1533 uonruxnowus,
527 1496 585 1539 qui
622 1496 818 1538 singularem
853 1498 1002 1529 sanandis
1035 1499 1156 1531 herniis
1187 1501 1273 1531 dedit
1298 1513 1449 1544 operam,
1473 1513 1612 1544 quarum

141 1551 268 1582 incauta
286 1558 317 1581 et
347 1551 534 1593 imprudens
569 1555 714 1584 tractatio
749 1555 920 1585 exitiosum
951 1555 1077 1597 saepius
1106 1563 1160 1586 aut
1194 1557 1341 1588 lethalem
1374 1565 1525 1589 eventum
1556 1570 1611 1590 ex-

141 1607 299 1640 hibuerat.
345 1607 402 1638 Hie
429 1606 482 1638 ille
516 1608 564 1638 vir
595 1608 710 1640 ductus
735 1616 829 1652 atque
855 1612 950 1641 etiam
976 1621 1037 1641 usu
1062 1614 1182 1654 peritns
1209 1614 1369 1655 insignem
1394 1615 1511 1657 peculii
1540 1626 1614 1657 par-

143 1671 206 1695 tem
235 1669 423 1695 testa-uento
452 1663 594 1702 dicavit,
627 1676 694 1707 quo
727 1667 962 1700 tractandarum
989 1671 1215 1711 quaestionum
1242 1671 1493 1711 chirurgicarum
1523 1655 1631 1703 dare·³

142 1726 194 1751 tur
225 1720 373 1757 occasio,
408 1720 594 1763 victricique
627 1723 768 1753 veritatis
805 1723 1029 1767 disceptationi
1059 1730 1198 1768 praemia
1234 1727 1512 1769 persolverentur,
1544 1735 1614 1759 tum

140 1774 376 1818 exsequendam
405 1776 576 1808 voluntatis
601 1788 676 1809 suae
703 1789 812 1810 curam
846 1782 993 1825 inprimis
1024 1793 1186 1814 ΒυΝΝιυ
1213 1787 1397 1821 commisit,
1421 1796 1476 1827 qui
1513 1797 1613 1828 quain

143 1832 322 1863 industrius
354 1843 390 1863 ac
427 1832 563 1875 diligens
593 1846 627 1865 in
669 1835 732 1867 hoc
764 1848 860 1880 opere
898 1840 1083 1881 pei-:iginum
1118 1840 1239 1878 fuerit,
1270 1852 1326 1870 vus
1371 1842 1485 1872 iterum
1520 1850 1614 1874 testes

142 1888 271 1931 appello
288 1910 297 1927 ‚
339 1888 409 1919 Viri
455 1889 618 1922 lectissimi
659 1899 689 1922 et
739 1893 970 1935 praedictarum
1011 1908 1117 1926 ieiuni
1157 1897 1355 1928 mimininn!
1398 1909 1481 1940 qnos
1520 1900 1617 1930 etiam

142 1943 214 1978 heic
236 1944 298 1978 loci
323 1943 430 1979 adesse
456 1954 607 1989 autumo,
631 1951 688 1992 qui
713 1948 799 1983 hisce
826 1951 859 1982 in
881 1954 995 1982 studiis
1019 1963 1220 1995 potissimum
1247 1965 1321 1986 cnm
1343 1955 1400 1986 illo
1417 1955 1612 1988 elaborastis.

922 2010 944 2038 Β
969 2020 986 2050 3
1527 2012 1617 2044 Non.
