1913 2417
665 179 1058 214 ORATIO.
1556 180 1598 214 35

160 278 222 311 Sed
253 279 329 311 finis
360 277 576 323 imponendus
608 286 656 311 est
691 279 829 311 orationi
862 289 950 310 meae
969 302 979 317 ,
1011 282 1047 312 A.
1069 280 1106 312 A.
1138 290 1180 310 ne
1209 278 1331 311 diutius
1358 281 1425 311 Vos
1461 290 1591 320 morer,

115 339 290 380 Vestraque
327 336 478 368 audiendi
518 336 669 379 patientia
702 335 823 367 abutar.
879 338 1068 367 Persuasum
1098 336 1186 367 enim
1215 335 1336 376 habeo,
1369 347 1386 367 a
1414 336 1500 368 Viris
1523 342 1588 367 tam

115 393 261 430 eximiis,
285 392 395 436 quales
421 392 509 424 hunc
533 399 639 424 actum
663 403 720 424 sua
746 393 923 435 praesentia
956 403 1069 424 ornare
1097 392 1271 424 voluerunt
1288 416 1297 433 ‚
1327 393 1442 425 melius
1472 392 1525 423 illa
1558 399 1590 424 et

114 450 292 481 accuratius
317 449 409 488 sciri,
431 459 528 492 quam
553 460 613 491 ego
640 460 820 492 proponere
843 448 962 480 valeam
980 473 989 487 ,
1014 450 1160 488 tametsi,
1183 460 1224 480 ne
1246 449 1500 492 sapientissimus
1516 450 1591 491 qui·

111 505 187 537 dem
205 506 327 548 ,iniquo
354 506 462 537 animo
496 504 577 537 ferre
610 505 724 544 debet,
755 505 824 548 ejus
856 504 944 549 quod
972 506 1120 536 omnium
1143 506 1324 537 meminisse
1361 506 1510 544 interest,
1533 504 1588 536 de-

112 573 182 593 nuo
214 561 389 594 admoneri.
441 563 546 593 Vestri
580 562 781 604 potissimum
814 562 970 592 rationem
1004 561 1122 600 habui,
1156 568 1317 604 quotquot
1337 561 1469 601 adestis,
1497 562 1591 605 juve·

115 629 173 650 nes
195 617 482 661 praestantissimi!
513 618 779 661 Qualemcunque
802 618 890 648 enim
917 618 998 649 vitae
1034 628 1165 649 cursum
1194 618 1343 656 inieritis,
1370 617 1589 661 qualicunque

114 675 243 705 muneri
276 674 354 705 olim
381 674 522 717 gerendo
548 674 651 706 studia
684 677 795 707 Vestra
821 674 1021 711 dictaveritis,
1055 673 1094 704 ad
1121 674 1186 706 Vos
1211 684 1323 706 omnes
1352 676 1512 717 pertinet,
1537 673 1589 705 vel

113 732 236 762 discere
255 754 266 770 ‚
297 731 348 762 vel
380 742 624 774 recognoscere,
655 741 737 773 quae
775 731 815 761 sit
849 730 889 761 ad
921 740 1029 761 veram
1058 730 1245 771 sapientiam
1280 732 1332 762 via
1356 731 1531 762 certissima
1556 736 1588 761 et

117 787 319 825 brevissima,
341 794 373 819 et
406 794 564 830 quantum
597 787 633 818 in
663 786 838 818 levioribus
867 796 997 828 quoque
1031 786 1112 816 vitae
1138 786 1276 829 negotiis
1303 793 1439 829 praestet
1461 787 1504 824 is,
1529 787 1589 829 qui

115 845 150 876 in
175 844 369 887 gravissimis
395 843 526 875 feliciter
549 843 679 876 evaluit.
733 844 800 876 Vos
825 853 902 874 vero
930 842 980 873 vel
1011 842 1169 885 imprimis
1203 842 1285 873 mihi
1313 843 1390 874 haec
1419 842 1588 874 disserenti

117 900 396 938 obversabamini,
430 901 599 932 Seminarii
633 899 782 936 sodales,
813 898 1057 930 Commilitones
1087 899 1269 939 carissimi,
1307 899 1426 942 quibus
1458 899 1588 930 arctiori

112 958 244 989 vinculo
268 968 320 989 me
345 957 454 999 junxit
473 957 583 988 divina
612 956 824 1000 providentia.
880 954 981 986 Vobis
1013 966 1050 986 ea
1076 956 1268 987 nominatim
1299 955 1384 987 dicta
1406 962 1532 999 putate,
1555 961 1588 987 et

112 1015 268 1057 quoniam
290 1014 326 1044 in
344 1012 516 1056 proverbio
538 1019 606 1051 est,
629 1013 830 1055 Theologum
856 1012 943 1042 nasci
960 1012 994 1042 in
1025 1012 1187 1054 Scriptura
1214 1019 1246 1043 et
1269 1012 1304 1043 in
1328 1023 1364 1043 ea
1392 1023 1493 1054 prope
1519 1019 1588 1042 tan-

112 1080 211 1113 quam
245 1069 335 1101 domi
364 1079 440 1101 suae
474 1069 637 1108 hahitare,
667 1069 827 1100 decernite
864 1078 1013 1105 mecum,
1049 1074 1097 1115 ut,
1128 1067 1291 1100 literarum
1326 1078 1487 1100 sacrarum
1521 1074 1587 1100 stu-

113 1125 206 1158 dium
236 1136 406 1168 nunquam
449 1126 594 1169 iniquius
625 1125 839 1168 dijudicemus
856 1147 868 1164 ‚
900 1131 957 1155 aut
991 1123 1066 1155 ullis
1096 1123 1166 1156 aliis
1202 1125 1317 1157 studiis
1344 1130 1587 1168 postponamus.

109 1184 179 1225 Ego
210 1181 341 1226 quidem
373 1182 527 1226 polliceor
546 1206 556 1221 ‚
591 1182 673 1214 nihil
705 1181 785 1214 mihi
817 1192 963 1225 unquam
995 1182 1161 1224 antiquius
1178 1205 1186 1221 ,
1217 1181 1301 1213 nihil
1330 1182 1470 1213 sanctius
1496 1180 1588 1220 fore,

108 1250 208 1283 quam
242 1246 280 1270 ut
308 1249 420 1270 omnes
448 1240 531 1271 vires
561 1249 648 1271 meas
681 1238 782 1272 Vobis
811 1237 929 1269 dicatas
952 1236 1115 1277 indefessa
1146 1239 1353 1270 contentione
1372 1238 1408 1270 in
1434 1238 1585 1270 exercita-

109 1294 256 1328 tionibus
274 1297 395 1328 Vestris
420 1296 556 1328 consilio
582 1294 748 1338 regendis,
772 1295 974 1326 institutione
1004 1295 1208 1327 moderandis
1240 1301 1271 1327 et
1297 1295 1445 1338 exemplo
1467 1295 1587 1337 juvan-

110 1351 160 1385 dis
182 1363 300 1396 ponam
326 1359 421 1395 atque
446 1363 646 1385 consumam.
693 1351 847 1384 Polliceor
876 1351 960 1383 hanc
992 1363 1102 1384 curam
1130 1358 1162 1384 et
1193 1351 1393 1395 diligentiam
1420 1351 1482 1394 ipsi
1511 1361 1586 1382 mu-

109 1409 181 1441 neri
206 1420 278 1440 meo
301 1420 408 1443 coram
431 1412 560 1449 Vestra,
584 1412 623 1442 A.
639 1411 680 1442 A.
704 1420 756 1441 me
777 1409 925 1452 cingente
952 1419 1081 1442 corona.

152 1465 409 1497 Venerabundus
431 1468 518 1497 enim
549 1467 673 1505 sentio,
707 1476 805 1509 quam
830 1466 945 1497 eximia
970 1467 1065 1508 Regis
1088 1465 1287 1497 Serenissimi
1316 1464 1482 1496 clementia
1506 1474 1581 1506 erga

107 1531 160 1553 me
183 1520 297 1560 fuerit,
319 1529 356 1552 ut
379 1523 436 1564 qui
459 1522 646 1554 Prosessoris
667 1522 861 1565 Theologiae
877 1523 1040 1553 ordinarii
1062 1523 1281 1564 gravissimam
1301 1528 1397 1564 atque
1425 1520 1582 1551 honestis-

108 1578 222 1609 simam
250 1578 448 1620 provinciam
477 1578 560 1609 mihi
580 1578 865 1609 administrandam
896 1578 1037 1616 dederit,
1068 1584 1100 1609 et
1128 1578 1178 1608 his
1210 1588 1261 1608 me
1295 1577 1447 1608 dicaverit
1476 1576 1580 1607 litera-

109 1644 183 1665 rum
208 1633 348 1672 deliciis,
380 1644 519 1676 quarum
553 1634 646 1665 ardor
686 1634 748 1666 hoc
782 1641 892 1677 pectus
927 1633 1051 1664 dudum
1080 1639 1301 1676 occupaverat.
1354 1632 1580 1664 Sollicitabun·

108 1688 170 1720 dus
197 1689 334 1720 meditor
362 1697 394 1721 et
425 1701 549 1722 mecum
581 1697 695 1733 reputo
714 1714 723 1728 ‚
754 1702 852 1733 quam
882 1692 995 1733 ingens
1028 1690 1108 1721 illud
1132 1691 1166 1721 in
1198 1701 1249 1721 me
1278 1689 1430 1721 collatum
1459 1687 1581 1720 benefi-

107 1745 193 1776 cium
217 1746 279 1783 sit,
303 1756 401 1789 quam
423 1746 532 1778 arduis
551 1758 602 1778 me
625 1747 740 1779 officiis
764 1748 967 1790 obstringat,
993 1757 1091 1790 quam
1122 1758 1235 1778 omnes
1259 1747 1343 1779 vires
1367 1756 1452 1777 meas
1476 1755 1579 1776 novae

105 1803 229 1844 ,patriae
251 1813 441 1834 conservare
457 1803 583 1844 jubeat,
618 1809 649 1834 et
675 1803 715 1834 de
743 1814 896 1848 prospero
921 1811 1097 1835 conatuum
1121 1814 1266 1835 meorum
1296 1813 1443 1834 successu
1469 1801 1580 1845 despe-

112 1857 248 1888 randum
272 1858 371 1897 foret,
395 1860 457 1890 nisi
492 1861 724 1903 Angustissimi
757 1861 912 1901 Principis
938 1859 1088 1892 voluntas
1119 1860 1153 1891 iu
1177 1862 1236 1892 hoc
1268 1871 1402 1891 munere
1428 1858 1578 1902 gerendo.

109 1913 270 1957 collegam
293 1925 328 1946 ac
351 1915 491 1954 socium,
525 1918 634 1949 tirum
651 1917 850 1955 eruditione,
873 1916 1039 1955 facundia,
1061 1923 1092 1948 et
1109 1918 1230 1948 meritis
1257 1917 1492 1960 conspicuum,
1516 1915 1579 1946 cle·

108 1971 305 2002 meritissime
335 1971 556 2014 adjunxisset,
590 1981 622 2006 et
650 1976 734 2007 tertii
773 1974 918 2016 Collegae
957 1973 1051 2006 nobis
1086 1974 1282 2018 adjungendi
1318 1984 1407 2017 spem
1442 1972 1578 2004 fecisset.

859 2032 887 2064 E
914 2042 931 2064 2
1501 2030 1577 2058 Lae-
