1913 2417
293 189 331 220 64
633 184 1466 223 P.J;UYLENBROEK

335 267 413 297 Haec
435 268 530 304 itaque
550 269 766 303 demonstrant,
787 267 864 296 viros
882 267 949 296 illos
969 268 1072 297 doctos
1094 273 1232 305 negasse,
1253 268 1337 298 fluida
1353 269 1383 298 in
1399 268 1715 307 fluidisshomogeneis,
1735 271 1796 302 sive

295 320 426 349 in'locis
448 319 510 349 suis
536 319 733 354 naturalibus,
756 319 815 346 ullo
838 319 964 354 pondere
982 319 1103 347 relativo
1128 327 1208 356 agere
1230 320 1260 349 in
1286 320 1433 349 brachium
1457 320 1590 350 bilancis.

335 372 517 407 Inquiramus
540 371 615 407 jam,
637 377 786 405 quamnam
812 370 977 405 gravitatem
1003 369 1087 398 fluida
1104 371 1133 398 in
1153 370 1280 407 propriis
1305 371 1379 400 locis
1402 378 1530 400 exserere
1552 372 1704 402 statuerint
1725 373 1802 411 Boy-

292 423 373 459 leus,
402 431 454 451 van
469 422 605 456 Marum,
633 421 763 456 Aeneae,
791 421 942 457 ceterique.
984 420 1054 450 Illos
1079 430 1139 450 eam
1162 422 1282 450 omnino
1305 421 1479 451 intellexisse
1500 422 1687 459 gravitatem,
1716 432 1802 460 quam

293 482 347 502 nos
369 481 456 508 supra
478 472 682 508 definivimus,
712 473 756 501 vel
781 480 814 501 ex
837 481 870 501 eo
893 472 1027 508 colligere
1048 473 1136 508 licet,
1168 472 1248 508 quod
1273 471 1475 509 Hesselingius
1490 493 1501 509 ,
1531 474 1652 510 ejusque
1679 476 1802 504 asseclae

293 523 393 553 acriter
421 532 451 552 se
473 523 652 555 defenderint
685 530 786 552 contra
815 523 1001 559 opinionem,
1031 532 1088 558 qua
1123 523 1205 551 talem
1234 531 1284 551 eos
1314 523 1479 559 gravitatem
1507 532 1623 561 negare,
1651 526 1802 555 credebant

296 581 352 602 van
378 574 493 602 Marum
512 581 547 607 ,et
567 575 690 604 Aeneae.
729 575 785 603 Sed
807 575 940 612 majorem
966 575 996 603 in
1018 573 1100 602 fidem
1126 574 1172 602 hic
1198 573 1413 610 adscribimus,
1443 583 1515 610 quae
1536 576 1706 611 ostendant,
1726 576 1804 613 Boy-

293 625 369 654 lenm
398 634 464 656 cum
496 625 558 655 suis
580 625 632 654 hac
661 626 690 655 in
713 633 743 654 re
777 634 897 662 prorsus
926 625 1089 654 consentire
1116 633 1181 654 cum
1210 624 1418 661 Hesselingio,
1447 626 1606 662 ceterisque
1628 627 1688 663 ejus
1713 633 1804 657 secta-

290 677 413 706 toribus.
652 717 656 720 γ

332 729 443 767 Quoad
459 730 596 766 Boyleum
607 750 616 765 ,
631 729 762 758 ‘sufficiat
777 731 808 759 in
824 737 943 759 mentem
961 738 1110 759 revocasse
1133 729 1194 766 ejus
1211 729 1431 765 explicationem
1453 728 1642 765 phaenomeni
1665 729 1805 766 vulgatis.

297 780 382 817 simi,
411 782 515 810 situlae
543 781 654 810 scilicet
676 790 750 817 aqua
771 781 926 817 impletae,
952 781 1098 817 eidemque
1122 781 1288 815 immersae,
1310 780 1391 808 nullo
1414 779 1471 808 fere
1494 781 1617 815 pondere
1639 781 1749 817 agentis
1774 782 1805 810 in

294 840 409 860 manum
435 833 549 861 situlam
582 839 725 861 tenentem
749 833 830 870 (1).
880 832 924 861 lbi
952 833 1025 860 enim
1059 832 1156 860 multis
1183 831 1279 860 verbis
1307 831 1427 867 probat,
1460 838 1574 859 manum
1608 839 1667 859 non
1700 832 1806 861 sentire

296 884 414 919 pondus
444 891 534 918 aquae
558 883 587 912 in
615 883 701 912 situla
723 888 874 911 contentae
904 883 941 911 ob
970 884 1139 912 reactionern
1167 883 1310 918 aequalem
1333 889 1422 917 aquae
1445 882 1558 910 situlam
1579 882 1803 918 circumdantis,

295 934 425 969 etiarnsi,
461 942 493 963 ut
521 933 610 969 dicit,
639 940 732 962 revera
757 942 830 969 aqua
854 940 914 963 tum
936 935 966 963 in
987 934 1073 963 situla
1090 955 1100 970 ‚
1129 941 1189 962 tum
1213 942 1300 970 supra
1323 933 1435 968 ipsam,
1463 933 1575 969 integro
1599 941 1653 962 suo
1681 934 1806 970 pondere

293 985 425 1014 deorsum
448 984 553 1015 tendat.

329 1035 418 1065 Doct.
445 1043 500 1064 van
522 1035 659 1071 Marum,
682 1035 921 1070 quemadmodum
947 1036 1006 1073 jam
1030 1044 1115 1072 supra
1139 1036 1248 1065 dictum
1277 1036 1366 1073 (2),
1400 1034 1472 1064 nihil
1495 1035 1657 1064 accuratius
1679 1043 1736 1064 rem
1756 1044 1804 1065 ex-

294 1086 415 1123 primere
435 1085 526 1122 dicit,
548 1094 632 1121 quam
654 1086 860 1122 paragraphum
886 1094 953 1123 1411
979 1086 1003 1115 ’s
1017 1087 1227 1122 Gravesandii‚
1249 1086 1299 1115 ubi
1321 1087 1380 1122 ait,
1409 1087 1496 1115 fluida
1520 1092 1653 1115 constare
1679 1087 1807 1122 particu-

290 1137 332 1166 lis
357 1136 511 1175 gravibus,
539 1137 705 1174 gravitatem
731 1137 862 1167 materiae
886 1137 1042 1175 quantitati
1067 1138 1330 1175 proportionalem,
1359 1137 1524 1173 ubicunque
1554 1137 1665 1174 positae
1694 1137 1800 1167 haben-

291 1188 385 1219 tibus.

338 1241 429 1270 Doct.
450 1240 562 1271 Aeneae
583 1242 651 1280 (3)
675 1243 893 1279 animadvertit,
916 1242 1131 1280 Hesselingium
1150 1242 1292 1271 inutiliter
1314 1241 1437 1270 multum
1454 1248 1555 1277 operae
1571 1239 1762 1276 impendisse,
1783 1239 1809 1269 si

290 1292 385 1321 modo
405 1293 598 1321 demonstrare
619 1294 763 1329 voluerit,
784 1302 884 1329 aquam
903 1294 933 1323 in
956 1302 1029 1330 aqua
1046 1295 1129 1322 nullo
1155 1294 1280 1329 pondere
1301 1301 1380 1330 agere
1409 1293 1439 1321 in
1463 1292 1582 1327 funem,
1606 1292 1652 1320 vel
1675 1299 1808 1328 manum,

293 1350 398 1378 aquam
431 1343 616 1374 haurientem.
665 1343 731 1373 Hoc
762 1345 836 1374 enim
876 1345 982 1380 cuique
1020 1344 1161 1373 haurienti
1192 1343 1377 1373 notissimum
1409 1343 1485 1371 esse.
1531 1342 1661 1371 Affirmat
1696 1348 1809 1379 tamen,

296 1401 400 1428 aquam
423 1393 499 1422 illam
521 1394 660 1430 gravitate
680 1395 711 1423 in
739 1403 834 1431 aqua,
855 1395 905 1425 sed
927 1403 993 1424 cum
1019 1395 1075 1423 hoc
1101 1394 1129 1423 in
1152 1401 1229 1423 statu
1253 1395 1377 1431 pondere
1399 1402 1452 1422 suo
1475 1401 1534 1422 non
1555 1399 1618 1430 agat
1644 1393 1672 1421 in
1694 1402 1809 1423 manum

295 1444 340 1472 vel
363 1444 392 1472 in
416 1443 576 1481 bilancem,
608 1452 635 1474 et
658 1452 751 1474 tamen
780 1445 874 1482 gravis
898 1445 957 1481 sit,
982 1453 1047 1473 cum
1081 1452 1174 1473 tamen
1197 1445 1392 1479 sustineatur,
1421 1449 1506 1479 atque
1528 1443 1592 1472 inde
1613 1443 1718 1473 alicubi
1745 1453 1808 1482 gra·

304 1494 395 1524 vitare
417 1495 537 1531 debeat,
558 1496 666 1525 idcirco
692 1505 750 1525 eam
773 1496 912 1532 gravitate
931 1496 961 1524 in
981 1504 1081 1532 aquam
1104 1496 1319 1532 subjacentem,
1342 1496 1371 1524 in
1396 1496 1462 1524 loco
1486 1503 1540 1523 suo
1564 1494 1685 1523 naturali
1712 1496 1786 1532 (4).

338 1545 427 1574 Porro
447 1547 527 1576 doct.
552 1547 586 1575 de
611 1547 680 1575 Beer
704 1547 786 1576 etiam
809 1548 974 1583 gravitatem
998 1547 1043 1575 vel
1065 1547 1181 1582 pondus
1213 1546 1376 1574 absolutum
1410 1553 1498 1581 aquae
1523 1545 1552 1574 in
1578 1553 1651 1581 aqua
1676 1546 1812 1582 agnovis-

300 1604 351 1631 se,
380 1597 495 1625 evidens
523 1604 566 1626 est
590 1606 623 1627 ex
644 1599 705 1636 ejus
726 1607 813 1634 supra
838 1605 988 1627 memorata
1017 1598 1174 1633 sententia3
1204 1597 1271 1625 dum
1297 1597 1382 1624 siimil
1413 1605 1446 1625 ex
1468 1596 1563 1626 verbis
1587 1596 1722 1632 anonymi
1747 1605 1811 1626 sen·

302 1648 418 1676 tentiam
444 1647 640 1685 Hesselingii,
672 1649 751 1685 quod
771 1657 845 1684 aqua
869 1649 899 1677 in
925 1650 1021 1686 lagena
1049 1656 1144 1685 aperta
1169 1657 1228 1677 non
1252 1648 1286 1676 ad
1308 1647 1399 1683 ipsam
1423 1648 1546 1683 lagenam
1571 1646 1740 1682 pertineret,
1768 1655 1809 1676 re-

301 1697 441 1734 futantis,
464 1700 533 1728 satis
556 1706 690 1736 apparet,
711 1706 738 1728 et
755 1688 838 1729 ¹hunc
863 1700 960 1736 Boylei
983 1700 1113 1735 partibus
1138 1699 1345 1735 quammaxime
1365 1697 1456 1726 fuisse
1477 1698 1632 1726 addictum.

338 1749 413 1777 Hinc
434 1750 529 1786 itaque
547 1751 681 1787 colligere
702 1751 789 1786 licet,
817 1751 956 1787 Boyleum
977 1759 1043 1780 cum
1071 1751 1133 1779 suis
1166 1749 1285 1778 omnino
1314 1749 1411 1778 fluidis
1437 1748 1621 1784 gravitatem,
1651 1747 1668 1776 i.
1690 1755 1715 1776 e.
1739 1757 1811 1784 pon-

305 1800 360 1828 dus
385 1801 550 1829 absolutum
574 1802 604 1830 in
627 1802 752 1838 propriis
783 1802 856 1830 locis
882 1802 1081 1836 concessisse,
1109 1807 1195 1836 atque
1218 1800 1268 1828 hac
1297 1800 1324 1828 in
1351 1805 1428 1836 parte
1451 1806 1516 1826 cum
1541 1798 1708 1827 adversariis
1734 1807 1808 1828 eon-

303 1851 419 1880 sentire.
461 1853 536 1881 Cum
561 1859 654 1881 tamen
677 1853 707 1882 in
729 1853 862 1882 dissensu
888 1861 951 1881 esse
978 1852 1146 1887 videantur,
1173 1851 1241 1880 alibi
1266 1851 1352 1887 hujus
1380 1857 1464 1878 causa
1486 1848 1641 1884 quaerenda
1666 1850 1702 1877 sit
1727 1858 1810 1885 oper·-

1759 1906 1810 1930 tet.

325 1975 375 2002 (ι)
396 1976 442 1998 vid.
464 1984 513 2004 sup.
539 1986 560 2005 p.
573 1984 598 2003 33
617 1986 650 2007 sq.
925 1981 978 2010 (Ξ)
999 1989 1023 2009 Ρ·
1044 1987 1081 2007 ⁴¹·

321 2016 370 2044 (3)
390 2017 411 2039 ira
429 2024 472 2041 silo
493 2021 553 2046 leis,
574 2027 597 2047 p.
613 2021 649 2046 38·
921 2022 975 2051 (4)
998 2022 1046 2046 vid.
1068 2020 1133 2043 eiiam
1151 2026 1174 2047 p,
1189 2021 1227 2045 ⁵8.
