1913 2417
295 188 573 220 RESPONSIO
598 197 647 219 An
675 185 1046 226 QUAESTIONEM
1073 183 1501 216 PHILOSOPHICAM.
1608 193 1643 223 53

137 292 155 308 ,,
176 271 299 310 gnitioni
322 277 350 300 et
369 272 547 308 perceptioni
568 271 760 300 assensionem
782 270 1075 307 approbationemque
1100 277 1288 305 praecurrere.
1336 269 1412 297 Huic
1447 268 1549 297 rationi
1565 269 1644 304 quod

137 343 155 359 „
175 331 233 353 erat
263 329 506 359 consentaneum,
533 323 656 352 faciebat
684 329 715 350 ut
745 329 844 350 contra
868 321 995 349 omnium
1025 321 1177 349 sententias
1198 321 1258 350 dies
1283 321 1339 357 jam
1364 320 1517 355 plerosque
1555 320 1642 347 dedu-

136 393 155 409 „
175 379 268 403 ceret:
294 380 327 402 ut
355 382 420 402 cum
445 374 476 403 in
500 375 592 402 eadem
617 382 646 402 re
669 373 745 409 paria
778 372 930 401 contrariis
952 372 980 400 in
1002 372 1132 407 partibus
1158 379 1299 400 momenta
1322 370 1463 399 rationum
1486 370 1646 398 inveniren-

135 444 154 460 ,‚
174 430 240 460 tur,
268 423 383 453 facilius
402 425 436 453 ab
461 431 581 460 utraque
603 430 682 460 parte
703 423 832 452 assensio
860 423 1062 451 sustineretur.
1110 422 1191 451 Hanc
1212 422 1399 451 Academiam
1423 430 1524 450 novam
1547 421 1643 456 appel-

136 494 156 510 „
175 476 253 510 lant,
277 483 352 510 quae
373 475 444 503 mihi
464 481 548 504 vetus
571 475 703 509 videtur,
732 474 755 502 si
778 474 891 509 quidem
914 473 1061 502 Platonem
1089 482 1122 502 ex
1143 474 1190 501 illa
1215 480 1310 502 vetere
1332 480 1532 507 numeramusg,
1556 471 1643 507 cujus

135 544 154 561 ‚,
174 526 203 554 in
225 525 306 554 libris
330 525 405 554 nihil
428 526 598 563 affirmatur,
619 533 646 554 et
670 526 701 554 in
726 532 880 562 utramque
898 532 1005 562 partem
1033 525 1122 552 multa
1145 524 1339 559 disseruntur,
1361 524 1395 552 de
1410 522 1544 552 omnibus
1560 529 1645 558 quae-

136 594 155 611 „
175 575 268 611 ritur,
288 575 362 604 nihil
382 576 451 604 certi
472 577 578 606 dicitur
598 580 634 614 (1
649 576 698 614 ).”

172 627 300 656 Auctore
326 626 511 663 Plutarcho,
542 628 609 665 (ε’.)
635 627 786 657 Arcesilae
812 627 901 664 gloria
923 626 1037 656 videtur
1063 622 1193 664 Epicuro
1218 626 1294 656 haud
1317 626 1485 655 mediocrem
1514 623 1645 653 attulisse

133 677 356 714 aegritudinem,
378 679 428 714 qui
447 678 520 707 inter
546 679 607 714 ejus
635 678 771 714 temporis
797 679 993 715 philosophos
1020 677 1134 706 maximi
1158 677 1252 707 fiebat.
1292 677 1372 706 Dicit
1394 677 1467 705 enim
1494 676 1644 714 Epicurus

134 728 209 757 nihil
239 729 387 764 proprium
420 729 631 765 proferentem,
660 729 854 765 suspicionem
884 730 918 757 de
948 737 977 757 se
1010 729 1086 765 apud
1111 717 1281 765 illiteratos,
1312 735 1341 756 et
1370 728 1488 764 gloriam
1520 733 1644 763 parasse.

132 779 359 815 Scilicet,quod
380 780 441 816 ipse
461 787 534 808 esset
549 780 679 808 literatus
701 781 853 809 admodum
871 787 898 808 ct
919 780 1036 808 doctus.
1077 780 1149 808 Sane
1170 780 1235 817 (ita
1256 780 1347 816 pergit
1363 779 1566 814 Plutarchus)
1583 777 1647 804 Ar-

134 830 237 858 cesilas
261 837 370 858 tantum
390 830 484 859 abfuit
506 831 541 859 ab
558 831 636 859 omni
654 831 799 866 novandi,
820 836 869 858 aut
891 837 985 859 vetera
1008 830 1064 858 sibi
1080 831 1229 866 arrogandi
1248 831 1364 865 studio,
1388 837 1419 857 ut
1439 829 1512 857 vitio
1530 835 1647 863 quoque

132 881 157 908 ei
178 882 328 916 sophistae
349 882 410 917 ejus
437 883 536 909 aetatis
560 882 678 916 darent,
702 882 780 916 quod
801 880 958 909 sententias
980 881 1015 908 de
1038 881 1198 909 cohibenda
1221 881 1387 909 assensione
1410 887 1437 908 et
1459 879 1646 915 comprehen-

133 931 225 960 sionis
247 931 397 968 negatione
417 940 432 959 a
455 932 593 967 Socrate,
615 931 760 967 Platone,
779 931 977 966 pay-menide,
999 931 1152 960 Heracltto
1173 940 1202 960 se
1225 932 1371 967 accepisse
1391 931 1544 960 fateretur:
1569 930 1648 958 nulla

136 983 251 1018 quidem
281 982 468 1018 necessitate,
496 984 545 1011 sed
567 990 676 1010 tantum
699 991 745 1011 eas
769 982 838 1011 viris
862 982 1012 1010 nobilibus
1035 981 1219 1010 inscribendo
1245 982 1418 1010 confirmans
1440 991 1472 1010 ac
1500 989 1646 1010 commen-

134 1033 218 1061 dans.
258 1032 374 1061 Gratias
405 1041 473 1069 ergo
502 1035 622 1070 agendas
647 1042 710 1063 esse
738 1035 793 1062 hoc
817 1033 934 1061 nomine
955 1032 1134 1060 Plutarchus
1159 1039 1255 1061 censet
1278 1033 1414 1068 Colotae,
1436 1039 1463 1060 et
1488 1032 1644 1067 omnibus,

131 1084 184 1119 qui
205 1083 403 1112 Academicam
425 1085 559 1112 rationem
581 1085 617 1113 ab
636 1085 763 1121 antiquis
785 1085 819 1113 ad
841 1083 1003 1113 Arcesilam
1028 1083 1243 1119 promanavisse
1263 1084 1376 1112 dicunt.

172 1134 250 1163 Haec
273 1134 405 1163 universe
431 1136 644 1170 quodammodo
666 1143 780 1171 ortum,
812 1135 951 1170 formam,
980 1133 1116 1162 rationem
1143 1134 1351 1170 disputationis
1371 1134 1523 1164 Arcesilae
1544 1135 1644 1164 adum-

135 1183 240 1214 brant:
263 1193 335 1221 quae
357 1192 452 1214 tamen
476 1195 541 1215 cum
566 1188 749 1223 peculiariter
765 1194 904 1215 conversa
919 1185 1008 1214 fuerit
1029 1185 1064 1212 ad
1085 1185 1247 1220 Zenonem,
1265 1193 1299 1214 ex
1317 1185 1442 1214 Zenonis
1457 1186 1646 1223 philosophia

132 1234 319 1264 Academicae
343 1238 572 1274 oppugnationis
594 1245 694 1267 natura
719 1244 748 1266 et
769 1245 871 1266 causae
895 1235 1056 1265 accuratius
1081 1242 1164 1264 erunt
1189 1236 1401 1272 intelligendae.

171 1286 251 1314 Zeno
280 1294 375 1316 autem
398 1296 456 1317 erat
479 1289 668 1325 Empiricus,
697 1289 718 1317 i.
743 1297 768 1318 e.
793 1294 853 1316 tota
879 1289 942 1325 ejus
962 1287 1093 1315 doctrina
1116 1295 1251 1315 sensuum
1279 1287 1397 1316 veritate
1420 1293 1447 1316 et
1472 1289 1645 1324 experientia

131 1336 277 1366 nitebatur
310 1339 392 1374 (3).
448 1339 513 1376 Qua
540 1341 570 1368 in
599 1347 628 1367 re
655 1339 711 1367 dici
742 1339 792 1366 vix
820 1344 940 1372 potest,
971 1345 1054 1372 quam
1083 1337 1169 1372 longe
1198 1337 1297 1366 abierit
1327 1338 1445 1366 Stoicus
1471 1348 1486 1367 a
1507 1338 1645 1367 Platoni:

133 1388 285 1416 sententia.
324 1387 412 1416 Plato
436 1388 510 1417 enim
531 1398 546 1417 a
570 1397 707 1418 sensuum
729 1388 914 1425 perceptione
935 1389 1081 1415 veritatem
1106 1387 1241 1423 abduxit,
1264 1394 1290 1416 et
1317 1388 1347 1416 in
1372 1396 1465 1417 mente
1482 1397 1512 1418 ac
1531 1390 1640 1418 ratione

134 1438 303 1467 collocavit.
352 1438 401 1467 Ex
422 1439 572 1467 Heracliti
595 1440 784 1475 philosophia
809 1445 962 1474 postquam
998 1437 1161 1473 hausisset,
1189 1438 1284 1466 omnia
1307 1439 1449 1467 continuo
1469 1440 1593 1468 accidere
1614 1448 1646 1469 et

134 1488 214 1523 labi,
244 1496 297 1517 nec
319 1496 381 1517 esse
406 1497 497 1517 rerum
526 1490 707 1518 sensibilium
733 1495 912 1518 constantem
940 1489 1089 1524 quemdam
1117 1495 1145 1517 et
1171 1497 1259 1518 unum
1285 1495 1413 1524 statum,
1434 1491 1507 1518 duos
1531 1491 1644 1520 consti-

132 1538 190 1567 tuit
219 1539 373 1568 notionum
407 1539 524 1576 fontes,
551 1549 666 1570 sensum
698 1548 726 1570 et
756 1541 931 1570 intellectum
954 1539 1042 1578 <4);
1074 1539 1182 1575 quibus
1207 1540 1313 1576 duplex
1341 1540 1424 1569 etiam
1452 1549 1543 1570 rerum
1568 1542 1641 1571 ditio

1576 1594 1648 1622 sub-

161 1675 216 1704 (1)
231 1676 304 1700 Acnd·
324 1678 342 1700 Ι.
363 1684 397 1702 12-
426 1680 488 1707 Quae
509 1685 582 1703 autem
603 1686 656 1702 mox
673 1670 812 1708 sequuntur.
843 1694 860 1708 ‚,
873 1680 913 1702 sed
930 1685 1006 1702 umen
1028 1680 1080 1705 illa,
1102 1685 1168 1707 quam
1188 1679 1296 1706 exposui,
1317 1685 1395 1702 vernat
1415 1681 1472 1703 haec
1489 1686 1548 1702 nova
1568 1680 1646 1702 nomi-

125 1722 148 1744 '²³
164 1718 260 1742 munst·
277 1724 299 1740 ut
323 1725 371 1741 cum
393 1720 507 1747 prioribus
527 1727 550 1742 et
568 1722 712 1748 sequentibus
732 1721 887 1748 consentiant,
902 1721 1009 1743 videntur
1028 1722 1122 1748 legenda
1144 1726 1210 1742 esse:
1241 1735 1258 1747 ,‚
1270 1720 1307 1740 mi
1327 1725 1399 1740 tamen
1421 1721 1461 1741 illa
1476 1726 1554 1747 retus5
1570 1721 1641 1749 hate,

130 1771 149 1786 ς,
164 1763 227 1783 5⁷¹⁶*
249 1761 356 1788 exposui,
377 1766 431 1782 nora
459 1762 607 1784 nominetur?
631 1763 691 1785 cons.
716 1769 786 1790 porro
811 1762 896 1783 Numen
925 1763 984 1789 apud
1004 1762 1084 1783 Euscb.
1105 1763 1128 1783 Ρ.
1150 1762 1176 1782 E·
1199 1762 1255 1785 XlV.
1276 1769 1296 1785 c.
1309 1768 1328 1788 5-
1348 1769 1404 1785 extr.
1425 1770 1449 1790 p.
1465 1768 1515 1789 73⁰·
1533 1764 1562 1785 A.
1583 1769 1603 1784 c-
1619 1761 1642 1786 6.

130 1797 173 1820 ὶΰῗῐ
202 1806 224 1826 Ρ·
238 1805 288 1825 ⁷30·
416 1802 471 1830 (2)
489 1805 551 1825 Λᾶν.
572 1803 638 1826 Cum.
659 1810 680 1825 c.
694 1803 729 1826 26.
750 1811 774 1831 p.
791 1808 851 1827 ¹121.
869 1804 894 1825 E.
913 1804 938 1825 F.
957 1810 980 1830 p.
993 1809 1053 1825 un.
1075 1805 1103 1825 Δ.

155 1838 209 1866 (3)
223 1839 277 1862 Vid.
295 1840 414 1862 Plutarch.
438 1844 464 1864 de
484 1844 573 1871 placitis
592 1845 674 1872 philon.
693 1847 729 1867 lv.
751 1852 772 1867 c.
787 1850 820 1866 n.
842 1851 865 1872 p·
879 1849 926 1869 9¹0·
946 1843 970 1866 B.
989 1851 1009 1866 c.
1026 1849 1061 1866 2¹.
1080 1851 1095 1871 p
1119 1849 1169 1871 90³.
1192 1845 1218 1865 Δ.
1239 1844 1264 1865 B.
1287 1844 1314 1865 C.
1345 1843 1393 1867 Cic.
1414 1844 1484 1866 Λευεῖ.
1501 1845 1518 1867 1.
1535 1849 1569 1867 η.
1597 1843 1643 1865 Ln-

129 1879 198 1899 “11115
225 1882 296 1903 Acfld·
310 1882 331 1903 ΙΙ
361 1888 394 1906 10.
417 1890 445 1906 ex
465 1885 591 1906 stoicorum
614 1886 739 1908 semenna:
768 1900 786 1914 ‚‚
799 1885 1070 1912 mens-lpsn-sensuum
1095 1885 1146 1907 sons
1168 1890 1218 1910 est,
1243 1891 1309 1910 atque
1330 1885 1395 1908 etiam
1419 1886 1467 1913 ipsa
1487 1891 1566 1907 sensus
1584 1886 1645 1906 cerff*

158 1925 211 1952 (ι)
227 1924 252 1946 ln
275 1926 329 1949 hanc
348 1934 395 1950 rem
416 1929 473 1950 dixit
494 1930 594 1949 sterant
617 1930 640 1951 ln
662 1930 777 1951 'rhaetea
798 1936 820 1956 p.
836 1930 882 1954 ¹3⁵·
905 1928 931 1950 Ε.
954 1928 981 1949 Τ.
994 1928 1012 1950 1.
1033 1925 1069 1948 τὰ
1094 1927 1140 1953 μὲν
1163 1922 1244 1951 cela-izv
1267 1922 1299 1948 δι’
1317 1924 1399 1954 αὑτῗςς
1416 1928 1462 1954 τῆν
1478 1925 1565 1955 ψυχ-ἢν
1583 1924 1642 1948 ἐπι“

131 1965 253 1992 θ’ωπὲῖν,
278 1966 314 1990 τὶ
338 1964 366 1990 δὲ
389 1965 432 1991 διὰ
456 1969 507 1992 τῶν
530 1971 575 1992 τοῦ
603 1967 722 1998 σώματος
745 1966 889 1998 &nudaturi
907 1972 935 1993 ad
947 1969 1046 1998 priorem
1065 1969 1159 1993 classem
1179 1970 1281 1993 referens
1302 1970 1347 1999 (p.
1362 1971 1433 2000 186.)
1453 1971 1587 1996 essentiam,
1601 1969 1645 1991 bu-

134 2011 201 2034 um.
220 2008 315 2036 malum,
333 2010 405 2034 umlle
422 2016 444 2033 et
465 2011 591 2040 dissimile,
605 2017 649 2035 etc.

867 2051 932 2088 Gs
