1913 2417
422 162 698 196 RESPONsm
724 163 1159 209 AsQUAESTmNEM
1185 168 1515 210 LITERARtAM‚
1669 185 1713 219 τις

496 462 916 498 SECTIO
1024 464 1388 508 PRIMA.

808 586 858 610 ne
883 587 1083 617 Junrcus.

185 676 283 741 Res
306 713 455 750 judiciaria
479 716 657 747 Graecorum
683 719 720 748 ob
745 725 995 749 monumentorum
1020 719 1164 757 penuriam
1196 723 1294 751 multis
1324 723 1449 754 tenebris
1483 725 1612 754 involuta
1634 731 1695 763 estg

193 763 227 790 de
249 764 497 804 Atheniensibus,
519 771 598 805 quod
620 772 654 799 ad
677 772 748 800 hanc
771 780 827 800 rem
850 772 970 806 attinet,
993 780 1083 807 pauca
1105 780 1255 809 constant;
1285 775 1320 803 de
1344 775 1434 804 sociis
1459 784 1530 806 vero
1558 777 1698 813 paucissi-

184 822 242 844 ma.
282 816 437 848 Videamus
464 827 577 858 autem,
600 830 738 857 quaenam
765 829 896 851 veterum
923 823 995 851 locis
1022 824 1161 859 probare,
1190 832 1327 860 quaenam
1351 828 1515 865 conjectura
1545 827 1704 864 probabili-

182 872 231 894 ¹ter
253 868 396 904 suspicari
421 870 515 900 liceat.
1687 885 1690 887 ’

223 916 376 956 Populus,
396 921 481 957 qu'us
502 924 714 953 controversiae
737 924 771 952 ab
796 923 853 952 alio
878 924 991 960 populo
1014 924 1204 961 dirimuntur,
1232 928 1336 962 procui
1360 928 1449 957 dubio
1481 930 1565 965 plane
1588 929 1612 957 ei
1635 929 1701 957 sub-

181 967 277 1004 §ectus
298 976 352 999 est.
389 971 579 1009 ‘Quapropter
602 975 739 1003 credibile
768 983 827 1004 non
850 981 911 1010 est,
939 976 1128 1004 Athenienses
1152 977 1241 1005 sociis
1269 984 1326 1006 tam
1361 987 1446 1014 grave
1468 981 1569 1016 J'ugum
1602 980 1701 1009 subito

181 1018 333 1055 imponere
362 1030 449 1052 ausos
481 1023 600 1060 fuisse,
636 1025 787 1061 multoque
824 1025 883 1054 veri
917 1026 1040 1054 similius
1077 1027 1215 1062 paulatim
1251 1036 1311 1057 eam
1343 1031 1581 1059 consuetudinem
1611 1031 1702 1059 intro-

185 1069 303 1099 ductam
336 1071 440 1104 fuisse.
489 1074 622 1105 Vidimus
645 1085 732 1113 supra
763 1077 854 1114 (pag.
878 1077 934 1114 13)
974 1085 1034 1113 quo
1058 1083 1187 1114 tempore
1207 1087 1306 1108 omnes
1333 1080 1426 1109 adhue
1460 1081 1534 1110 socii
1562 1081 1702 1116 αὐτόνσμοι

180 1127 286 1157 -erant,
314 1123 339 1152 si
369 1133 426 1161 qua
456 1126 529 1155 inter
555 1127 713 1158 foederatas
746 1128 879 1157 civitates
910 1129 946 1156 lis
982 1128 1163 1165 exstitisset,
1189 1137 1249 1158 eam
1281 1131 1422 1161 interdum
1452 1132 1486 1161 ab
1519 1132 1704 1160 Atheniensi-

184 1171 243 1201 bus
274 1174 314 1203 ob
343 1178 541 1208 auctoritatem
578 1186 607 1208 et
643 1179 796 1215 aequitatis
831 1178 933 1207 famam
965 1180 1147 1216 dijudicatam
1175 1179 1279 1211 fuisse.
1327 1182 1416 1220 Quod
1445 1183 1567 1219 primurn
1596 1184 1702 1211 voiun-

179 1224 288 1253 ·tarium
318 1234 402 1264 erat,
433 1235 460 1258 et
492 1236 603 1259 tantum
643 1230 751 1268 iudicia
778 1230 928 1266 spectabat
957 1230 1030 1259 inter
1059 1231 1142 1266 ipsos
1168 1233 1297 1268 populos
1315 1254 1325 1269 ‚
1363 1241 1464 1270 postea
1493 1234 1618 1264 officium
1640 1233 1699 1262 fao=

178 1279 245 1304 tum
275 1283 304 1305 et
330 1279 368 1307 ad
393 1281 543 1317 plerasque
572 1281 640 1312 lites
669 1289 818 1311 extensum
847 1287 891 1309 est
902 1299 918 1316 ·‚
955 1289 1009 1317 qua
1040 1281 1071 1310 in
1100 1291 1128 1311 re
1154 1283 1344 1314 Athenienses
1376 1284 1500 1314 fortasse
1542 1285 1696 1313 Thebano·-

180 1332 266 1362 rum,
287 1329 461 1365 Argivorum
486 1332 669 1368 aliorumque
699 1333 859 1367 exemplum
890 1333 983 1360 secuti
1012 1339 1100 1366 sunt,
1128 1334 1182 1369 <qui
1211 1334 1310 1363 socios
1339 1342 1411 1364 suos
1439 1337 1591 1365 admodum
1612 1342 1697 1364 vexa-

182 1375 272 1411 bant,
293 1379 375 1406 etiam
397 1380 642 1416 Epfflauriorum,
666 1383 718 1416 qui
735 1382 804 1418 (ι)
829 1381 983 1417 Aeginetas
1007 1383 1157 1418 aliquands
1177 1387 1349 1420 coegerant,
1378 1391 1411 1413 ut
1434 1387 1469 1414 de
1488 1386 1605 1422 judiciis
1629 1386 1693 1414 suis

183 1426 219 1454 ad
242 1434 273 1455 se
297 1427 443 1458 referrent.
493 1429 537 1459 Ut
563 1437 656 1460 autem
679 1440 735 1460 rem
761 1432 860 1461 ordine
881 1437 910 1460 et
933 1432 979 1460 via
1000 1438 1174 1469 tractemus,
1202 1434 1349 1463 videamus
1372 1436 1516 1472 primum,
1540 1439 1574 1466 ad
1606 1445 1696 1473 quos-

178 1484 243 1506 nam
267 1479 365 1508 socios
389 1480 445 1509 hoc
468 1480 635 1511 institutum
661 1482 845 1518 pertinuerit3
877 1490 938 1511 tum
962 1484 997 1512 de
1020 1484 1193 1519 quibusnam
1215 1485 1335 1522 judiciis
1365 1487 1400 1514 ad
1420 1487 1610 1517 Athenienses
1632 1488 1695 1516 fue-

173 1528 215 1558 rit
237 1528 435 1568 referendum3
457 1532 580 1569 denique
604 1542 756 1570 quamnam
781 1534 849 1562 haee
870 1535 1055 1564 consuetudo
1087 1535 1146 1565 vim
1177 1536 1207 1565 in
1238 1536 1458 1566 Atheniensium
1485 1538 1690 1574 rempublicam

172 1578 317 1612 habuerit.

212 1630 254 1660 ιθ.
295 1632 429 1662 Fortasse
449 1642 483 1663 ex
507 1635 646 1665 Athenaei
670 1637 738 1665 loco
757 1637 830 1674 (2)
857 1637 922 1673 quis
943 1635 1109 1672 putaverit,
1138 1637 1193 1666 hoc
1223 1637 1390 1667 institutum
1417 1647 1477 1668 non
1510 1639 1566 1668 nisi
1589 1638 1624 1669 ad
1647 1640 1692 1670 in·

170 1681 299 1710 sularum
334 1684 444 1714 incolas
477 1687 667 1722 pertinuisse.
707 1687 805 1717 Nobis
832 1697 901 1717 vero
932 1688 1029 1724 potior
1056 1688 1168 1716 videtur
1190 1688 1395 1726 Xenophontis
1428 1691 1607 1727 auctoritas,
1635 1692 1688 1727 qui

171 1731 225 1760 hac
249 1733 282 1760 de
307 1742 336 1762 re
358 1743 392 1764 ex
420 1738 575 1774 proposito
600 1747 707 1775 agens,
737 1739 886 1768 universos
919 1739 1084 1775 ξυμμάχους
1120 1747 1259 1768 memorat
1282 1741 1370 1778 (3),
1400 1742 1563 1777 praesertim
1593 1751 1684 1778 quum

169 1783 252 1813 nulia
278 1793 448 1824 magnopere
480 1788 553 1819 ratio
582 1790 640 1826 sit,
667 1797 721 1818 cur
752 1790 843 1827 magis
872 1790 1031 1819 insularum
1064 1797 1149 1826 quam
1179 1791 1355 1821 continentis
1382 1792 1493 1821 incolae
1517 1792 1556 1821 ita
1588 1793 1682 1822 vex-ati

1622 1843 1684 1873 fue-

171 1936 175 1940 -
193 1918 247 1945 (¹)
264 1919 374 1945 mrum
394 1917 428 1949 V,
449 1922 485 1949 ⁸3·
680 1923 694 1954 <
701 1923 733 1949 2)
755 1925 882 1948 Athen-em
900 1919 940 1948 IX.
964 1924 985 1953 ς.
999 1927 1057 1953 407.
1074 1924 1099 1946 Β.
1122 1917 1180 1947 καθ’
1198 1918 1225 1946 ὃν
1246 1918 1275 1946 δὲ
1297 1920 1388 1953 χρόνον
1408 1918 1680 1953 ὄχ’λκσσοκρατοῧντες

161 1955 292 1989 Ἀἑηνκῖει
316 1963 407 1996 ἀνῆγον
424 1965 462 1995 εἷς
485 1965 536 1995 hieu
561 1968 611 1997 τᾶς
635 1970 789 1998 νησιωτικὰς
814 1968 898 1998 stum.

169 2021 174 2025 ·
197 2012 240 2039 (³)
263 2011 320 2040 Xon.
344 2015 371 2038 dc
390 2016 488 2046 nepum.
505 2017 636 2042 amentem.
658 2019 710 2043 c.1.
732 2018 755 2048 S.
769 2019 803 2043 16.
828 2016 896 2046 Τοῦς
913 2013 1071 2048 συμμάχους
1093 2011 1268 2047 ἀναγκάζουσι
1293 2013 1370 2041 πλεῖν
1391 2012 1434 2041 ἐπὶ
1452 2013 1527 2046 §cuke
1542 2013 1673 2049 Ἀθῆνοιξὶ

935 2072 998 2102 C2
