1913 2417
199 149 237 182 ³4
422 171 425 173 a
475 142 517 172 G.
574 140 794 176 onom«
850 149 961 171 vm
1018 141 1452 173 PRINSTERER

197 228 309 257 ciorum
342 224 432 261 igitur
456 225 575 260 pecunia
603 233 661 254 non
690 231 798 254 tantum
823 224 858 252 ad
890 223 1064 260 longinquas
1090 225 1283 260 expeditiones
1316 226 1515 262 suscipiendas
1541 226 1724 264 utebantur&

204 280 254 309 sed
281 279 310 307 in
336 276 436 314 primis
457 277 492 305 ai
520 276 689 306 exstruenda
713 276 815 303 artium
843 282 1045 311 monumenta,
1075 284 1149 311 quae
1170 282 1197 304 et
1223 278 1418 313 magnitudine
1445 277 1500 306 sibi
1528 285 1556 306 et
1578 278 1716 315 elegantia

201 330 416 360 admirationem
442 327 650 361 conciliarent,
680 334 810 361 quaeque
829 326 1047 354 Atheniensium
1073 335 1177 355 nomen
1201 334 1228 355 et
1250 328 1367 364 gloriam
1393 329 1428 357 ad
1454 329 1648 364 posteritatem
1673 336 1716 356 re·

202 382 320 411 ferrent.
363 378 558 417 Quamobrem
581 386 613 405 ex
637 377 716 405 omni
740 376 875 405 Graeciae
897 384 998 413 parte,
1021 378 1071 413 qui
1094 378 1124 406 in
1149 387 1206 407 sno
1229 379 1338 415 quique
1356 387 1455 416 genere
1477 379 1716 415 praestantissimi.

203 439 302 467 erant,
332 429 566 463 arcessebantur,
595 427 733 463 opifices,
760 428 933 464 architecti,
967 430 1113 465 pictores,
1138 431 1282 459 statuarii.
1329 431 1482 460 Crescente
1504 439 1599 459 autem
1626 430 1716 459 Athe-

198 491 298 513 narum
324 481 398 510 fama
424 481 503 509 aliud
533 488 650 515 qnoque
681 478 828 512 hominum
860 487 953 515 genus
978 488 1018 511 eov
1044 480 1186 508 confluere
1218 481 1347 517 coepit,
1371 490 1518 518 poetarum
1545 483 1610 510 dico
1628 500 1638 516 ,
1673 481 1718 509 hi·

201 533 399 566 storicorum,
428 531 692 567 philosophorum,
723 531 772 566 qui
799 538 882 565 opera
911 539 962 559 sua
984 531 1012 559 in
1037 531 1101 571 luce
1132 520 1479 567 oculisque-clarissimae
1505 533 1630 562 civitatis
1663 540 1717 568 po-

196 584 250 613 sita
276 592 337 611 esse
365 582 516 611 volebant:
546 582 629 619 cujus
653 581 691 609 rei
712 588 739 609 et
763 581 879 617 publice
903 582 932 610 in
964 583 1041 611 ludis
1070 589 1097 611 et
1128 583 1262 619 privatim
1294 584 1370 619 apud
1401 582 1716 619 optimates-plurimae

200 634 433 671 opportunitates
456 633 605 662 dabantur.
647 633 723 661 Hinc
743 633 934 662 Athenienses
954 641 981 662 et
999 635 1150 663 doctorum
1181 634 1368 663 admiratione
1397 641 1424 662 et
1448 634 1594 662 doctrinae
1621 640 1718 662 amore

195 686 416 715 adliciebantur.
444 699 481 707 —
508 684 775 720 Oramrinm-vero
804 683 934 720 studium
967 686 1072 720 quod,
1101 691 1133 713 ut
1161 685 1201 714 ait
1237 686 1336 715 Cicero
1363 685 1431 722 (ι)
1458 693 1518 712 non
1546 690 1604 712 erat
1634 691 1721 712 com·

196 745 282 765 mune
303 735 457 771 Graeciae,
486 736 534 764 sed
561 737 707 772 proprium
739 736 935 770 Athenarum,
964 736 992 764 in
1023 736 1123 771 primis
1156 745 1192 764 ex
1223 736 1388 771 principatu
1418 735 1639 764 Atheniensium
1668 734 1718 762 de·

196 787 346 815 rivandum
369 795 432 815 esse
457 786 523 822 quis
553 787 688 817 dubitet?
723 787 796 815 Nam
816 787 841 815 si
864 787 958 816 omnis
984 786 1169 816 Democratia
1188 786 1367 822 eloquentiae
1389 786 1490 815 merito
1512 794 1634 815 vocatur
1657 794 1719 814 ma-

198 845 241 866 ter
259 845 285 866 et
305 838 407 872 altrix,
429 844 497 866 tunc
521 838 640 867 maxime
658 839 835 868 dicendivis
860 845 946 875 atque
972 838 1057 874 eopia
1078 839 1198 868 exsistat
1228 847 1342 867 necesse
1367 844 1430 873 est,
1459 846 1525 866 cum
1550 838 1626 873 apud
1649 836 1718 864 libe·

201 896 265 918 rum
291 889 432 925 populum
457 889 491 917 de
521 890 607 918 rebus
638 890 732 926 agitur
763 890 876 918 maximi
908 891 1056 919 momenti.
1091 908 1125 914 -
1155 889 1286 927 Quantas
1308 889 1430 925 denique
1461 889 1544 917 vitea«
1567 886 1718 924 dignitatis

198 948 266 968 snae
289 939 464 968 conscientia
490 939 720 976 uniuscujusque
739 940 924 969 Atheniensis
947 941 1063 977 ingenio
1085 941 1184 969 addere
1206 940 1327 968 debuit?
1357 941 1560 969 Atheniensem
1580 947 1610 966 se
1633 945 1727 971 esse,⁴

194 990 226 1020 id
247 997 309 1025 est,
336 998 370 1018 ex
392 998 426 1017 eo
457 990 568 1025 populo
602 990 776 1025 oriundum,
805 991 855 1025 qui
886 993 1013 1018 caeteros
1034 990 1180 1025 potentia,
1210 990 1359 1025 doctrina,
1383 990 1526 1026 {elegantia
1548 991 1634 1023 longe
1655 989 1720 1016 lon·

197 1049 288 1078 geque
315 1039 478 1076 superaret!
514 1039 593 1077 Quid
615 1041 690 1068 enim
717 1041 795 1069 aliud
813 1049 914 1069 causae
936 1047 1091 1076 putemus,
1113 1048 1182 1075 cur,
1203 1048 1267 1068 cum
1291 1039 1393 1068 caeteri
1409 1038 1511 1067 Graeci
1531 1039 1627 1067 eodem
1654 1046 1730 1066 coe·-

196 1093 247 1127 }o‚
278 1092 371 1120 eadem
405 1090 580 1125 reipublicae
608 1090 701 1120 forma
716 1112 734 1126 ,t
754 1092 877 1120 meliore.
904 1092 985 1120 etiam
1020 1093 1085 1120 solo
1103 1096 1262 1120 ‚uterentur
1280 1111 1290 1126 ,
1325 1098 1419 1119 tamen
1446 1090 1476 1118 in
1507 1096 1566 1119 tota
1598 1089 1724 1122 Graecia.

198 1151 258 1172 non
276 1149 374 1177 tanta,
399 1148 509 1177 quanta
530 1141 559 1170 in
590 1150 648 1170 una
670 1143 848 1171 Athenarum
871 1142 958 1177 urbe,
981 1142 1232 1171 excellentiumin
1255 1142 1333 1170 omni
1356 1149 1456 1178 genere
1480 1141 1606 1170 virorum
1630 1139 1720 1168 fuerit

201 1193 381 1222 multitudo?
415 1193 559 1228 Equidem
585 1193 703 1222 omnino
734 1194 880 1222 adfirmare
907 1202 967 1222 non
993 1193 1121 1228 dubito,
1149 1193 1178 1222 in
1209 1192 1428 1222 Atheniensium
1465 1191 1630 1228 principatu
1660 1198 1729 1220 non*

203 1244 349 1273 minimam
372 1252 486 1272 causam
508 1246 630 1280 positam
656 1253 812 1280 esse,icur
833 1252 877 1273 tot
903 1251 1038 1280 tantaque
1069 1244 1176 1281 ingenii
1197 1251 1225 1273 et
1251 1244 1354 1272 artium
1381 1251 1466 1279 opera
1489 1243 1564 1279 apud
1594 1251 1644 1271 eos
1669 1251 1723 1271 ex*

199 1295 347 1330 stiterint;
376 1303 428 1323 cur
461 1295 605 1324 doctrinae
630 1297 787 1332 cupiditate
812 1297 850 1324 ita
870 1296 947 1325 cives
972 1294 1080 1324 fuerint
1111 1296 1240 1330 incensi,
1263 1302 1294 1323 ut
1320 1303 1356 1323 ne
1378 1294 1495 1323 infimus
1520 1293 1633 1330 quidem
1654 1293 1719 1322 cul·

197 1351 276 1374 turae
300 1346 382 1380 piane
404 1354 504 1380 expers
529 1347 701 1382 videretur,
716 1356 768 1375 cur
792 1348 914 1382 denique
938 1348 967 1375 in
991 1346 1168 1376 Graecorum
1194 1346 1400 1375 humanissima
1424 1351 1511 1382 gente
1529 1344 1729 1375 Athenienses

197 1394 306 1424 fuerint
331 1395 542 1423 humanissimi.

238 1446 383 1481 Reliquos
408 1453 499 1475 antem
532 1445 669 1474 Graeciae
696 1447 822 1482 populos
855 1446 934 1482 quod
958 1445 1082 1480 attinet,
1111 1451 1201 1480 quum
1234 1443 1337 1478 multi,
1368 1448 1400 1471 ut
1424 1442 1568 1478 vidimus,
1595 1444 1630 1472 ad
1656 1444 1727 1474 lites

202 1497 370 1526 dirimendas
393 1505 492 1533 magna
518 1505 582 1524 cum
608 1504 721 1525 caterva
747 1497 876 1526 Athenas
898 1497 1165 1533 proficiscerentur,
1195 1496 1346 1530 multoque
1371 1495 1461 1531 major
1483 1502 1638 1531 numerus,
1660 1496 1723 1525 sive

199 1554 233 1576 ut
256 1548 379 1584 publicis
410 1548 486 1577 ludis
511 1549 664 1583 adessent,
686 1546 758 1576 'sive
778 1555 810 1576 ut
837 1548 1044 1577 celeberrimam
1069 1547 1167 1575 urbem
1188 1546 1365 1580 inviserent,
1395 1553 1429 1574 eo
1456 1546 1640 1581 conveniret,
1670 1547 1723 1575 du.

201 1598 280 1627 binm
303 1607 360 1627 non
385 1605 449 1634 est,
471 1599 543 1634 quin
568 1599 677 1627 multos
707 1607 822 1634 mores,
852 1600 1001 1635 multaque
1025 1599 1157 1627 instituta
1182 1598 1211 1626 in
1237 1605 1303 1626 suas
1331 1597 1463 1625 civitates
1493 1597 1721 1633 reportaverint,

203 1658 276 1685 qnae
302 1649 341 1677 ibi
362 1650 470 1685 qnippe
493 1658 509 1678 a
530 1649 666 1679 Graeciae
690 1651 783 1686 capite
808 1650 958 1686 profecta,
981 1650 1124 1685 libenter,
1147 1656 1180 1677 ut
1203 1648 1257 1683 fit,
1287 1648 1532 1682 adsumebantur;
1551 1648 1588 1676 ita
1607 1655 1638 1676 ut
1657 1655 1719 1676 tan·

200 1700 261 1728 dem
287 1708 389 1736 magna
413 1699 549 1728 Graeciae
573 1709 637 1736 pars
654 1701 689 1728 ‘in
714 1700 843 1730 Athenas
863 1707 1007 1737 tamquam
1039 1700 1069 1729 in
1099 1700 1242 1736 exemplat
1272 1700 1416 1736 quoddam
1439 1698 1616 1734 intueretur,
1640 1698 1720 1736 quod

200 1751 258 1781 sibi
284 1751 318 1779 ad
337 1750 506 1779 imitandum
530 1758 712 1786 proponeret.

238 1801 278 1831 Et
303 1803 383 1837 quod
405 1803 440 1831 ad
473 1803 549 1831 bona
573 1802 687 1839 quidem
706 1823 716 1839 ,
748 1810 821 1839 quae
844 1803 976 1840 ἧγεμομία
999 1803 1116 1839 attulit,
1144 1802 1212 1831 haec
1234 1800 1309 1831 dicta
1331 1800 1486 1830 sufficiant.
1533 1799 1637 1829 Verum
1662 1807 1721 1828 ma·

1676 1850 1723 1880 lo·

228 1915 283 1943 (1)
308 1915 385 1937 Ciam
404 1915 427 1937 in
448 1916 536 1943 Bruto,
555 1922 576 1939 c.
594 1921 630 1943 ¹3·
