1913 2417
287 203 331 228 ἰο
742 194 769 225 J.
820 194 856 225 T.
914 193 1302 232 PLUSCHKE,

291 294 354 330 bus
382 290 525 337 judicare
555 292 684 336 possit,
715 299 822 323 tamen
850 293 955 335 ipsum
987 293 1125 325 neminis
1151 294 1274 336 judicio
1306 294 1465 329 submitti.
1516 294 1651 327 Proinde
1673 295 1760 338 judis

295 351 381 383 cium
404 349 444 381 de
472 349 568 381 rebus
592 349 710 380 divinis
745 352 885 392 primum
919 360 986 380 non
1018 356 1088 388 est,
1119 351 1207 393 quod
1240 352 1339 382 sancti
1367 352 1425 382 Dei
1457 351 1550 394 legati
1574 352 1757 395 postulant,

293 406 348 439 sed
372 416 479 438 rerum
505 406 686 437 divinarum
715 405 907 436 desiderium
936 408 1082 448 cupiunt.
1143 407 1240 447 Quod
1266 407 1323 439 ubi
1350 408 1506 444 sentitur,
1537 410 1590 450 (et
1614 407 1701 439 adest
1724 411 1761 440 in

292 473 491 505 unoquoque
520 461 706 503 homine‚)
730 461 852 492 aditum
877 461 939 492 sibi
965 462 1179 505 patefaciunt,
1217 463 1425 508 discendique
1455 463 1589 507 cupidos
1615 464 1761 496 doctrina

290 518 478 549 sublimiore
510 518 662 550 imbuunt
693 524 787 561 atque
822 518 1018 557 instituunt,
1050 526 1082 550 et
1115 519 1212 550 simul
1241 531 1331 564 spem
1362 520 1586 552 obedientibus
1616 520 1758 559 faciunt,

292 573 373 612 fore,
400 580 436 605 ut
465 581 496 605 et
523 575 584 617 ipsi
607 574 739 605 luminis
760 574 863 605 divini
884 573 1092 618 coelestisque
1119 576 1291 618 sapientiae
1313 584 1476 620 compotes
1499 576 1572 608 facti
1592 578 1658 608 suis
1686 586 1764 608 ocu·
1809 619 1813 623 ι

289 629 328 661 lis
350 629 496 670 videant,
519 637 551 662 et
568 630 721 674 Spiritum
741 637 902 670 sanctum,
927 631 1166 663 veracissimum
1188 631 1353 664 doctorem
1378 644 1551 677 rerumque
1575 633 1761 664 coelestium

289 685 394 717 solum
419 686 560 728 judicem
587 687 690 725 nacti,
714 686 815 718 aliena
839 687 1026 719 auctoritate
1054 694 1086 719 et
1113 687 1313 720 institutione
1340 699 1445 721 carere
1470 691 1602 732 possint.
1648 689 1764 720 Omnis

287 743 375 775 enim
403 742 617 774 humanarum
649 754 758 775 rerum
784 744 955 787 sapientia,
982 754 1064 786 quae
1090 754 1215 787 semper
1251 745 1285 775 in
1315 751 1484 788 utramque
1509 752 1632 788 partem
1664 744 1763 775 disse·

287 799 348 837 rit,
377 798 418 830 de
453 799 603 831 omnibus
635 800 779 843 quaerit,
810 799 893 831 nihil
924 800 1002 831 certi
1033 800 1150 843 ponit,
1180 811 1255 843 prae
1291 800 1345 832 illa
1382 800 1491 833 divina
1523 802 1700 838 evanescit,
1727 806 1764 831 ut

287 853 435 886 lucernae
464 855 575 887 lumen
603 867 621 887 a
646 856 722 887 solis
749 854 875 899 fulgore
902 857 1051 888 vincitur.

331 911 439 942 Talem
474 918 506 942 et
536 919 599 943 tam
628 923 757 955 gravem
786 923 854 944 esse
887 923 957 943 earn
988 924 1074 953 rem,
1105 916 1198 957 cujus
1223 914 1451 957 impertiendae
1485 920 1516 945 et
1538 913 1764 957 propagandae

291 968 389 1008 gratia
418 967 567 999 Codicem
593 978 719 1000 sacrum
745 968 855 1000 divina
877 969 1078 1012 providentia
1107 973 1362 1010 conservaverit,
1384 978 1416 1002 et
1440 972 1472 1002 in
1490 973 1550 1002 hoc
1571 971 1761 1013 primarium

290 1022 358 1062 ejus
388 1023 558 1054 consilium
583 1025 720 1063 versari,
755 1031 818 1055 tam
850 1032 973 1057 certum
996 1033 1061 1065 est,
1086 1039 1183 1071 quam
1213 1027 1302 1072 quod
1332 1034 1379 1059 est
1408 1028 1642 1064 certissimum,
1673 1026 1763 1069 agni·

290 1083 360 1108 tum
386 1077 466 1109 illud
489 1078 529 1110 ab
557 1079 727 1120 omnibus,
752 1081 871 1123 quibus
898 1082 932 1112 in
958 1093 993 1113 ea
1016 1093 1051 1113 re
1072 1091 1153 1115 esset
1177 1084 1284 1127 aliqua
1312 1084 1492 1115 auctoritas.

332 1136 635 1175 verumenimvero,
658 1147 698 1167 ne
728 1136 810 1179 quid
831 1136 1054 1177 dissimulem,
1079 1139 1134 1171 sed
1162 1139 1296 1171 candide
1324 1146 1356 1171 et
1383 1138 1559 1170 Vobiscum
1586 1145 1618 1170 et
1639 1146 1765 1169 mecum

290 1200 398 1232 agam,
431 1192 469 1223 A.
491 1192 552 1230 A.‚
583 1191 804 1224 confitendum
842 1194 1147 1239 concedendumque
1177 1197 1313 1227 omnino
1342 1202 1408 1235 est,
1441 1196 1575 1226 minime
1601 1195 1711 1226 omnia
1735 1198 1769 1224 et

292 1246 416 1289 singula
437 1258 581 1290 quaeque
606 1249 641 1279 in
667 1248 784 1280 Codice
815 1259 904 1281 sacro
934 1250 977 1281 ita
1010 1259 1192 1294 comparata
1218 1263 1303 1290 esse,
1335 1259 1371 1283 ut
1398 1253 1544 1295 proxime
1567 1250 1679 1282 eodem
1709 1259 1766 1280 va-

293 1298 395 1336 leam>
416 1310 447 1334 et
475 1303 597 1346 aequali
623 1305 726 1347 pretio
752 1304 948 1345 habeantur,
984 1314 1019 1338 ut
1043 1308 1154 1341 nullus
1177 1308 1227 1340 vel
1262 1309 1296 1339 in
1319 1308 1415 1340 rebus
1440 1307 1584 1338 minimis
1607 1316 1711 1343 error,
1734 1310 1768 1336 et

293 1364 333 1385 ne
359 1353 519 1385 leVleima
543 1360 673 1398 quidem
704 1363 915 1404 repugnantia
953 1363 987 1393 in
1023 1370 1070 1395 tot
1100 1364 1300 1396 diversorum
1337 1364 1494 1395 librorum
1529 1373 1682 1404 compage
1711 1361 1767 1392 de-

291 1410 516 1452 prehendatur.
561 1413 641 1443 Nam
664 1417 765 1448 divini
799 1419 895 1449 etiam
931 1418 1096 1459 homines,
1131 1421 1151 1452 i.
1171 1432 1200 1453 e.
1230 1421 1373 1452 coelestis
1401 1419 1574 1463 sapientiae
1599 1417 1765 1454 doctores,

291 1466 347 1496 Dei
376 1466 582 1509 interpretes,
608 1478 675 1499 non
703 1469 818 1501 desunt
843 1482 908 1502 esse
934 1474 1091 1507 homines.
1148 1477 1229 1516 Quis
1260 1483 1370 1520 neget,
1398 1487 1453 1508 eos
1484 1475 1583 1507 multa
1618 1473 1766 1505 humani-

296 1526 346 1551 tus
375 1532 480 1563 passos
504 1534 589 1562 esse,
611 1531 642 1555 et
669 1525 765 1556 aliurn
797 1527 858 1556 alio
890 1532 1148 1569 praestantiorem
1177 1533 1350 1574 apparere?
1393 1533 1474 1572 Quis
1503 1542 1571 1562 non
1596 1528 1768 1565 concedat,

295 1586 360 1606 esse
392 1577 546 1618 quaedam
579 1579 704 1620 divina,
736 1592 817 1623 quae
850 1584 876 1614 si
905 1582 946 1613 ab
971 1584 1030 1614 alia
1056 1593 1144 1627 parte
1176 1587 1434 1623 considerentur,
1460 1587 1600 1618 humana
1621 1585 1684 1616 dici
1710 1583 1766 1614 de-

297 1631 411 1670 beant,
433 1634 571 1677 itemque
598 1635 755 1674 humana,
778 1637 897 1679 quibus
921 1638 1023 1670 divini
1048 1640 1170 1683 aliquid
1196 1643 1300 1674 insit?
1346 1642 1505 1674 coelestin
1533 1648 1638 1672 autem
1658 1646 1688 1670 et
1717 1638 1766 1669 di·

298 1688 369 1716 vina
403 1699 470 1719 nou
501 1691 652 1721 amittunt
683 1699 827 1722 naturam
860 1704 949 1725 suam
972 1718 981 1732 ,
1012 1697 1107 1726 etiam
1145 1697 1200 1728 ubi
1233 1709 1306 1728 cum
1343 1698 1492 1729 humanis
1525 1697 1701 1738 composita
1733 1700 1766 1726 et

299 1743 469 1784 conjuncta
496 1752 591 1783 sunt,
613 1747 694 1776 sicut
717 1757 830 1777 aurum
866 1751 934 1778 auri
960 1753 1098 1790 pretium
1125 1755 1238 1785 retinet
1266 1755 1402 1785 mixtum
1429 1760 1460 1784 et
1489 1752 1663 1783 conflatum
1690 1759 1764 1780 cum

299 1797 545 1838 igi.ohilioribus
580 1802 727 1834 metallis.
782 1805 924 1845 Ergone,
957 1803 1064 1843 diceS,
1099 1809 1281 1838 auditorum
1307 1809 1357 1840 vel
1390 1809 1542 1839 lectorum
1573 1807 1693 1848 judicio
1718 1816 1767 1836 re·

302 1854 412 1884 lictum
437 1854 470 1885 id-
496 1862 560 1894 est,
598 1864 632 1887 ut
658 1857 799 1889 humana
825 1869 842 1889 a
874 1858 992 1891 divinis
1024 1861 1141 1905 ubique
1172 1863 1384 1894 discernant?
1426 1862 1474 1894 Ad
1504 1863 1586 1893 hanc
1610 1861 1770 1904 quaestio-

299 1919 372 1939 nem
403 1911 517 1950 partim
555 1914 754 1954 respondisse
789 1914 868 1945 mihi
903 1914 1030 1953 videor,
1067 1919 1183 1960 partim
1209 1919 1355 1962 exemplo
1387 1918 1578 1962 respondere
1605 1916 1766 1954 conabor,

298 1963 384 2008 quod
403 1972 509 2008 petere
530 1967 600 2000 licet
626 1971 665 2000 ab
695 1981 749 2008 ea,
775 1980 855 2012 quae
877 1976 924 2003 est
949 1972 1030 2004 iuter
1055 1974 1197 2015 probum
1220 1975 1383 2009 doctorem
1407 1982 1438 2007 et
1463 1975 1601 2019 probum
1628 1973 1768 2014 discipu-

1677 2029 1766 2068 lum,
