1913 2417
263 208 305 234 ξι
664 201 689 234 J.
778 199 1345 240 nzGELDER,

262 285 368 328 ‘major
386 272 481 318 nobis
507 293 554 319 est
583 287 768 327 auctoritas,
793 289 991 320 Geometriae
1018 287 1123 319 studia
1152 287 1316 329 juventuti
1349 298 1446 331 quam
1476 290 1613 321 maxime
1654 301 1739 323 eom-

260 342 456 381 mendandi,
479 354 552 374 cum
579 344 734 375 rationem
766 344 972 376 habuerimus
1003 350 1050 377 tot
1074 351 1108 376 et
1135 350 1298 376 tantorum
1324 343 1637 386 emolumentorum,
1663 358 1744 391 quae

262 399 337 430 inde
368 399 402 430 in
427 410 530 442 genus
557 400 736 432 humanum
764 401 985 444 profluxerint.

309 457 434 487 Acuere
466 456 652 498 ingenium,
682 457 878 500 percipiendi
904 457 1045 490 facultati
1075 457 1244 501 prodesse,
1277 459 1505 490 Litteratorum
1538 469 1742 503 summopere

262 511 408 549 interest3
440 523 535 550 cum,
568 518 598 543 et
634 512 801 556 ingenium
828 513 1011 552 excultum,
1035 520 1066 545 et
1089 514 1220 546 facultas
1245 514 1335 547 facile
1356 515 1569 559 percipiendi,
1594 516 1633 547 ad
1662 516 1743 548 bene

262 567 468 600 scribendum
493 568 673 612 diserteque
697 569 870 601 dicendum
898 570 984 602 haud
1016 570 1113 602 dubie
1143 572 1332 615 requiritur.
1376 572 1464 612 Quot
1498 571 1583 614 apud
1620 579 1741 605 veteres

261 626 386 661 poetas,
418 625 567 655 Oratores
598 631 629 656 et
660 624 874 669 Philosophos
908 634 1100 666 occurrunt,
1124 638 1206 670 quae
1232 629 1302 659 sine
1331 628 1554 670 Geographiae
1578 630 1740 661 Astrouo·

261 679 407 722 miaeque
431 679 639 718 notionibus,
662 692 746 724 quae
780 683 907 714 interim
932 684 1080 716 scientias
1109 695 1228 724 nemo,
1252 685 1321 715 sine
1351 684 1465 727 primis
1488 685 1688 716 Geometriae
1704 684 1742 716 li-

261 738 351 774 neis,
386 736 561 778 intelligere
597 744 720 779 potest,
753 739 887 770 minime
920 746 996 771 sunt
1021 740 1236 784 explicanda?
1257 751 1404 783 quaeque
1432 739 1501 772 loca
1527 747 1633 772 tamen
1656 746 1740 773 recte

265 791 442 835 intelligere
468 792 507 823 ad
536 800 734 824 venustatem
768 796 924 837 poeticam
963 796 1226 839 percipiendam,
1262 796 1302 828 ad
1336 806 1445 827 sanam
1476 796 1625 827 Criticam
1647 796 1740 828 adhi.

259 847 398 879 bendam
424 848 464 879 ad
488 849 700 880 Historiarum
723 849 803 882 facta
839 858 1005 896 ceteraque
1037 853 1243 893 illustranda,
1270 863 1368 895 quam
1402 854 1541 884 maxime
1567 851 1734 884 conducit:

260 904 350 946 quod
377 905 403 936 si
427 907 500 948 quis
526 905 585 936 hac
616 905 656 937 de
687 917 722 937 re
748 907 966 948 dubitaverit,
999 909 1107 953 legat,
1139 920 1278 953 quaeso,
1311 919 1540 941 MAxxzttJM
1575 908 1738 951 multaque

260 970 300 991 ex
325 971 547 1000 vnioimo,
578 961 779 1006 aliorumque
813 966 982 997 Poetarum
1016 966 1228 1010 fragmentis,
1255 967 1456 1010 experietur,
1483 976 1538 1006 ea,
1574 965 1644 997 sine
1677 975 1738 1008 ope

261 1018 487 1056 Astonomiae,
510 1019 696 1060 neutiquam
728 1030 796 1051 esse
824 1021 1072 1065 interpretanda.

305 1074 387 1113 QuIS
415 1073 499 1116 leges
531 1084 724 1117 nox-masque
756 1083 910 1116 naturae,
943 1079 1126 1111 Geometria
1161 1090 1229 1111 non
1259 1089 1355 1123 opem
1386 1077 1524 1118 ferente,
1553 1076 1735 1120 intelliget?

260 1130 385 1162 Videtis
407 1136 530 1161 motum
557 1131 700 1173 corporis
719 1142 759 1162 ex
781 1132 845 1164 alto
875 1133 1018 1166 cadentis
1051 1135 1299 1174 accelerantem,
1327 1141 1361 1166 et
1389 1134 1494 1178 qua-lis
1518 1135 1559 1166 sit
1583 1133 1736 1174 accelera-

261 1187 359 1218 tionis
386 1186 478 1217 istius
508 1185 604 1224 ratio,
630 1186 704 1228 quis
729 1187 896 1232 intelligit,
919 1191 976 1234 qui
1003 1193 1251 1235 proportionum
1281 1198 1430 1223 naturam
1458 1198 1491 1223 et
1521 1191 1662 1223 dirersas
1685 1201 1736 1222 ea·

260 1250 334 1274 'rum
365 1243 573 1286 proprietates
604 1242 640 1273 in
679 1251 830 1287 promptu
863 1257 931 1277 non
966 1247 1137 1280 habuerit?
1181 1250 1213 1279 Si
1243 1249 1318 1291 quis
1350 1247 1444 1279 vohis
1475 1247 1620 1286 dixerit,
1649 1248 1733 1279 inter

259 1309 393 1347 corpora
422 1298 570 1331 coelestia
599 1299 796 1331 attractionis
824 1301 909 1333 vires
933 1313 1001 1335 esse
1026 1305 1060 1336 in
1090 1306 1214 1337 ratione
1239 1306 1435 1348 composita,
1464 1315 1484 1335 e
1505 1310 1590 1335 recta
1617 1313 1734 1335 massa·

258 1366 332 1388 rum
363 1363 457 1399 atque
489 1355 616 1387 inverso
644 1355 867 1389 distantiarum
900 1358 1082 1403 duplicata,
1113 1362 1188 1404 quis
1217 1372 1346 1393 sensum
1382 1360 1479 1402 hujus
1511 1359 1597 1391 effati
1628 1360 1733 1403 perci-

260 1412 351 1455 piet?
370 1422 432 1456 qua
465 1414 588 1444 ratione
623 1412 764 1443 sentietis
792 1423 952 1447 summam
975 1418 1044 1459 ejus
1072 1418 1151 1461 legis
1184 1418 1419 1461 simplicitatem
1448 1415 1663 1458 ordinemque
1683 1415 1732 1447 di-

259 1468 392 1507 vinum,
419 1479 501 1512 quae
528 1468 596 1507 lex,
623 1469 733 1499 omnia
758 1470 792 1500 in
825 1471 976 1503 universo
997 1473 1198 1516 gubernans,
1221 1474 1346 1506 efficit?
1390 1474 1544 1517 Quisquis
1567 1479 1732 1512 naturam,

256 1524 446 1568 coelumque
474 1524 524 1556 vel
544 1524 655 1556 leviter
678 1526 929 1569 contemplatur,
951 1530 1090 1571 quadam
1117 1538 1283 1563 venustate
1316 1530 1478 1569 afficitur3
1506 1536 1538 1560 at
1571 1528 1654 1560 nihil
1680 1530 1730 1560 in-

257 1588 407 1623 expertus
437 1581 513 1612 haec
545 1580 800 1623 contemplatur!
834 1583 947 1616 similis
977 1593 1024 1617 est
1052 1587 1116 1626 illi,
1150 1589 1225 1631 qui,
1256 1598 1330 1619 cum
1365 1588 1523 1620 Graecum
1548 1595 1730 1616 sermonem

256 1636 403 1679 ignoret,
437 1637 515 1668 dum
549 1637 687 1681 aliquem
715 1648 931 1672 ΗοΜΕκυΜ
964 1644 1149 1675 recitantem
1184 1643 1342 1682 audierit,
1381 1641 1470 1673 nulla
1494 1641 1555 1672 alia
1581 1652 1635 1679 re,
1668 1641 1732 1673 nisi.

257 1701 407 1724 versuum
433 1692 599 1723 harmonia
622 1694 764 1736 capitur:
790 1702 826 1727 ut
846 1698 919 1740 quis
942 1701 1029 1730 enim
1061 1708 1194 1732 naturae
1222 1706 1419 1733 venustatem
1448 1704 1531 1729 recte
1557 1697 1730 1740 percipiat,

257 1754 353 1791 atque
389 1760 428 1781 ex
461 1750 530 1791 ejus
556 1749 824 1793 contemplatione
857 1754 1043 1797 sapientiam
1075 1768 1299 1801 summamque
1323 1756 1498 1800 potentiam
1523 1764 1558 1785 ac
1583 1754 1728 1796 majesta-

258 1810 321 1836 tem
352 1805 531 1837 Conditoris
557 1806 682 1849 penitus
718 1809 949 1849 persentiscat,
978 1813 1008 1843 ei
1030 1824 1113 1856 opus
1143 1822 1190 1845 est
1216 1814 1396 1845 Geometria
1412 1835 1421 1851 ,
1453 1821 1535 1854 quae
1562 1809 1728 1852 linguam,¹

256 1872 321 1903 qua
355 1868 464 1892 natura
493 1873 553 1892 nos
577 1861 767 1905 alloquitur,
790 1865 890 1898 docet.
936 1870 1051 1900 Merito
1075 1873 1298 1913 praestantiam
1325 1872 1533 1911 antiquorum
1559 1868 1727 1897 Poetarum

257 1917 469 1955 admiramur,
492 1918 671 1960 eloquentia
691 1926 722 1950 et
748 1920 902 1964 dignitate
932 1926 1115 1970 principum
1147 1930 1318 1959 Oratorum
1345 1935 1535 1960 movemur,
1568 1929 1727 1965 quatenus

256 1973 349 2006 nobis
375 1981 519 2006 naturam
546 1974 721 2018 explicent3
746 1983 778 2009 at
805 1977 902 2021 hujus
935 1983 1101 2015 scientiam
1125 1995 1143 2016 a
1165 1984 1276 2016 limine
1303 1990 1428 2015 tantum
1451 1980 1646 2018 salutarunt;
1670 1989 1726 2014 nef

1661 2044 1725 2077 que
