1913 2417
131 845 320 913 Insolitum
349 874 494 918 profecto
520 875 557 907 A.
582 875 628 908 A.
658 875 781 920 aliquid
812 874 876 907 hoc
918 880 1062 918 tempore
1087 873 1166 906 mihi
1191 873 1344 917 obtigisse
1366 876 1592 910 existimabitis
1602 901 1620 918 ,-

132 944 208 966 cum
230 932 476 965 adscendentem
499 933 615 964 iterum
648 933 683 964 in
713 933 795 964 hanc
821 931 1006 963 cathedram
1037 930 1187 971 videatis,
1212 942 1310 974 quem
1336 934 1523 977 auspicandi
1542 946 1613 966 mu·

131 990 220 1022 neris
254 988 425 1021 academici
458 1000 552 1021 causa
585 989 765 1029 dicentem,
796 989 1025 1032 benignissime
1055 999 1161 1031 nuper
1189 988 1301 1021 audire
1329 990 1499 1034 voluistis3
1530 998 1562 1023 et
1585 993 1612 1023 si

130 1057 252 1089 magno
286 1057 338 1078 me
369 1046 469 1077 animi
501 1052 592 1077 motu
617 1058 705 1078 nunc
731 1045 914 1089 perturbari
939 1055 1116 1087 negaver0‚
1146 1056 1221 1078 mox
1250 1048 1348 1078 tristis
1372 1047 1481 1078 vultus
1510 1048 1616 1079 vocis.

133 1114 198 1147 que
221 1113 320 1134 sonus
345 1101 547 1133 affectionem
578 1112 687 1133 meam¹
712 1101 902 1145 proderent.»
939 1103 1074 1132 Dicturo
1100 1101 1188 1132 enim
1214 1101 1254 1134 de
1279 1103 1378 1141 Viro,
1416 1104 1527 1135 multis
1553 1115 1613 1135 no-

134 1158 284 1192 minibus
308 1158 469 1202 praeclaro
490 1165 523 1190 et
536 1158 716 1190 honoribus
732 1159 937 1189 ornatissimo
950 1182 959 1197 ,
983 1158 1172 1197 literarum,
1196 1159 1356 1191 Athenaei
1374 1161 1495 1199 nostri,
1516 1161 1608 1194 Civiu-

133 1216 207 1247 ⁴mis
231 1215 334 1257 hujus
356 1221 389 1246 et
414 1216 542 1246 Patriae·
557 1215 664 1247 omnis
689 1215 813 1247 lumine
839 1221 936 1258 atque
961 1221 1152 1246 ornamento
1182 1217 1263 1258 quin
1291 1222 1322 1248 et
1346 1216 1468 1260 collega
1487 1218 1612 1249 amicis-

133 1274 236 1310 simo,
257 1270 360 1301 simul
379 1270 461 1302 mihi
487 1271 575 1303 velut
595 1278 668 1303 ante
693 1271 806 1303 oculos
830 1277 975 1303 versatur
999 1277 1102 1302 morte
1127 1271 1293 1315 inopinata
1310 1275 1495 1316 nuperrime
1517 1285 1608 1317 erep-

130 1333 183 1360 tus
209 1334 241 1358 et
263 1327 443 1370 sanguine,
467 1333 499 1359 et
520 1338 648 1366 amore,
674 1335 706 1360 et
736 1327 960 1361 benevolentia
988 1327 1069 1359 mihi
1089 1329 1389 1371 conjunctissimus,
1414 1337 1503 1374 pater
1532 1331 1622 1373 opti-⁷

132 1394 208 1415 mus
225 1406 236 1422 ‚
274 1394 370 1426 quem
388 1407 398 1424 ,
433 1384 493 1415 etsi
528 1384 709 1416 honoribus
746 1396 815 1417 non
846 1384 1074 1429 perfunctum,
1105 1392 1236 1429 propter
1267 1397 1455 1430 generosam
1483 1397 1614 1418 morum

129 1440 371 1484 simplicitatem
392 1442 502 1483 magni
530 1443 715 1481 aestimare,
738 1449 869 1486 propter
899 1442 1059 1473 virtutem>
1070 1444 1208 1474 revereri
1223 1466 1232 1481 ‚
1257 1450 1389 1486 propter
1417 1443 1614 1486 singularem

130 1507 197 1539 qua
229 1507 281 1528 me
313 1507 439 1540 semper
465 1497 654 1540 complexus
684 1506 733 1530 est
757 1502 922 1531 caritatem
951 1498 1073 1536 colere,
1099 1500 1256 1542 cujusque
1283 1507 1422 1532 mortem
1447 1501 1620 1532 exhaustis

130 1552 227 1583 etiam
251 1552 399 1593 lacrymis
425 1553 536 1595 lugere
559 1560 592 1585 et
615 1554 709 1586 dolor
737 1556 847 1586 animo
872 1554 993 1587 infixus
1021 1561 1054 1585 et
1078 1555 1198 1597 pietas:
1216 1562 1247 1587 et
1273 1555 1378 1597 *officii
1406 1560 1513 1589 omnis
1547 1557 1619 1589 vult

134 1608 258 1651 religio.
305 1611 366 1642 Ast
385 1611 425 1641 A.
451 1610 494 1640 A.
517 1609 560 1640 ita
583 1617 650 1641 erat
678 1611 712 1642 in
742 1610 834 1649 fatis,
856 1617 889 1642 et
917 1610 1028 1649 nobis,
1055 1611 1211 1652 quamdiu
1235 1614 1385 1645 mortales
1405 1624 1536 1653 sumus,
1568 1614 1619 1644 la-

133 1665 270 1696 mentari
293 1664 521 1696 tantummodo
549 1664 679 1706 licebit,
702 1668 761 1710 qui
788 1678 806 1699 e
830 1669 894 1698 vita
923 1667 1111 1699 excedentes
1141 1671 1175 1700 in
1193 1680 1264 1700 oras
1283 1669 1400 1701 alienas
1418 1672 1618 1713 migrarunt,

132 1727 165 1752 at
202 1731 345 1764 quorum
380 1721 534 1752 memoria
573 1728 605 1754 et
632 1722 733 1762 fama,
766 1731 897 1768 propter
919 1735 970 1755 res
1000 1724 1043 1755 ab
1065 1725 1104 1756 iis
1127 1726 1248 1768 optime
1283 1734 1386 1769 gestas
1398 1751 1415 1769 ‚r
1445 1739 1619 1771 nunquam

134 1778 284 1808 moritur.
328 1778 435 1819 Atque
469 1777 511 1808 ita
542 1785 574 1809 et
611 1790 670 1811 nos
696 1783 735 1814 A.
768 1784 808 1814 A.
832 1782 1004 1813 honestum
1031 1787 1062 1812 et
1090 1781 1282 1813 laudabilem
1308 1785 1469 1825 MaJ'orum
1493 1795 1619 1816 morem

134 1841 167 1864 et
196 1834 381 1864 institutum
421 1834 606 1874 imitemur,
646 1837 704 1879 qui
739 1845 875 1870 mortem
905 1839 1072 1877 virorum,
1114 1838 1154 1869 de
1183 1846 1284 1882 patria
1306 1846 1337 1870 et
1364 1841 1510 1872 doctriua
1534 1842 1619 1874 bene

135 1890 344 1926 meritorum,
376 1900 443 1920 uon
466 1891 646 1933 privatam,
673 1893 730 1925 sed
772 1894 982 1926 calamitatem
1011 1894 1172 1938 publicam
1209 1896 1381 1937 habentes,
1412 1909 1525 1929 eorum
1552 1910 1619 1929 me-

136 1947 275 1979 moriam
299 1945 418 1979 idcirco
440 1948 508 1979 ritu
533 1949 660 1982 solenni
681 1950 909 1984 celebrandam
934 1951 1114 1986 duxerunt.
1155 1953 1256 1997 Quod.
1273 1954 1352 1986 dum
1378 1961 1408 1987 et
1433 1966 1493 1998 ego
1517 1954 1619 1986 factu-

1568 2023 1583 2042 Υ
1588 2022 1632 2044 [28¹
