1913 2417
245 255 264 284 4
613 239 1402 281 J.R.THORBECKE

257 337 315 365 pus
349 326 507 365 conjungi,
539 331 565 353 et
588 326 694 362 'ingenii
714 334 769 362 ope
801 324 858 354 sibi
885 323 1169 360 adaptari„÷ffigique
1197 323 1310 353 debent.
1349 325 1492 361 Disiectas
1520 329 1612 360 partes
1644 323 1768 353 dicimus

261 387 362 416 sparsa
384 377 627 415 philosophorum
654 378 779 413 placita,
810 377 854 404 hic
877 374 936 403 illic
969 375 1118 404 memoriae
1147 376 1270 410 prodita.
1311 375 1363 403 Illa
1398 383 1463 403 vcro
1491 375 1594 410 placita
1623 377 1651 403 in
1677 381 1770 403 mente

261 429 432 467 philosophi
461 428 597 463 primitus
630 429 800 466 cohaerente
832 435 863 454 ac
893 426 1062 455 continuato
1090 427 1213 461 quodam
1246 427 1345 454 ordine
1379 432 1407 454 et
1434 425 1660 454 ratiocinationis
1691 425 1772 453 velut

263 480 391 510 vinculis
415 481 516 516 juncta
540 478 660 508 fuerunt
680 479 795 514 sibique
816 477 999 513 consociara3
1023 485 1095 512 quas
1114 477 1265 514 juncturas
1290 477 1461 512 vinculaque
1484 477 1634 512 indagare,
1663 475 1774 504 omnis-

266 540 322 568 que
348 531 505 560 sententiae
531 530 670 565 dissipata
692 537 833 564 tamquam
858 528 983 556 membra
1004 529 1098 556 denuo
1129 527 1284 563 colligere,
1314 528 1420 564 ingenii
1442 533 1501 563 est,
1530 527 1565 554 ad
1588 526 1773 562 philosophi-

268 592 317 615 cas
340 582 561 616 meditationes,
586 582 791 615 variorumque
820 579 1064 616 philosophorum
1099 578 1225 609 tationes
1252 578 1498 614 deprehendendas
1519 578 1638 613 suisque
1661 576 1776 606 indiciis

267 635 416 669 tenendas,
439 632 591 670 insigniter
612 631 766 661 exercitati.
808 633 849 661 lta
872 639 907 660 ex
931 631 1069 666 dispersis
1097 637 1124 658 et
1149 630 1221 659 male
1251 629 1359 658 affectis
1392 628 1539 658 elementis
1559 635 1683 665 systema
1702 629 1776 657 anti-

259 686 323 721 ssqui
347 685 518 721 philosophi
542 683 720 713 restituimus
750 689 778 711 et
808 683 978 717 condimus,
1007 682 1031 709 si
1056 681 1085 709 in
1110 682 1171 718 ejus
1198 689 1317 710 mentem
1343 686 1407 710 ante
1433 681 1549 717 penitus
1572 689 1626 709 nos
1649 679 1778 709 insinua-

271 737 414 771 verimus,
440 743 565 770 cumque
586 734 663 763 omni
689 734 750 772 ejus
782 734 890 763 ratione
917 734 1027 770 justam
1054 733 1270 761 familiaritatem
1299 733 1536 762 contraxerimus.
1573 730 1680 759 Verum
1702 731 1776 759 enim

268 796 336 817 vero
361 786 502 823 praeclare
521 785 675 814 nobiscum
701 790 795 812 actum
820 783 1013 819 arbitremur,
1043 784 1072 813 si·
1091 784 1206 820 singula
1232 785 1342 812 decreta
1364 783 1472 818 integta
1496 788 1524 810 et
1550 783 1625 810 salva
1648 788 1781 810 nostram

267 844 386 867 aetatem
408 838 595 873 attigissent,
623 844 674 864 nec
699 836 830 863 mutilata
854 843 884 864 ea
910 835 1025 871 saepius
1050 840 1077 863 et
1105 834 1295 870 supposititia
1322 840 1348 862 et
1373 833 1566 862 contaminata
1586 841 1618 861 ac
1641 839 1780 868 corrupta.

269 890 306 918 ad
325 895 452 918 nostram
475 887 587 924 prodita
613 894 707 915 essent
730 886 874 915 notitiam.
916 886 1008 923 Igitur
1026 885 1158 921 diligenti
1180 893 1272 914 rerum
1297 884 1481 921 cognitione,
1502 890 1530 913 et
1550 891 1654 919 magno
1679 883 1777 912 studio

273 946 302 969 et
328 948 442 968 summo
466 938 598 969 acumine
625 946 701 973 opus
723 946 786 975 esr,
806 944 840 966 ut
862 937 986 973 primum
1011 944 1088 965 mens
1104 936 1275 973 philosophi
1296 936 1427 964 universa
1437 955 1455 970 ,,
1469 935 1680 970 sententiaeque
1703 933 1784 962 ratio

270 997 416 1026 teneatur3
439 989 504 1018 dein
541 997 628 1017 sensu
654 988 840 1025 sagacissimo
873 994 901 1016 et
922 988 1076 1016 calliditate
1098 989 1218 1023 quadam
1249 987 1392 1022 ingenii,
1405 994 1521 1021 usuque
1546 986 1581 1015 ab
1606 984 1686 1013 otnni
1710 984 1777 1020 phi-

268 1041 404 1077 losophia
429 1040 498 1069 trito
521 1049 555 1072 ac
579 1040 720 1076 munito,
735 1047 768 1068 ut
790 1040 830 1068 ad
847 1039 966 1068 notitiae
985 1039 1043 1078 jam
1067 1043 1230 1066 contractae
1251 1045 1404 1072 normam,
1429 1044 1495 1065 vera
1517 1044 1533 1064 a
1553 1034 1658 1071 falsis,
1685 1033 1781 1071 legiti-

260 1086 316 1122 'ma
342 1102 358 1125 a
381 1090 602 1128 supposititiis,
624 1090 734 1120 sincera
759 1099 775 1119 a
798 1090 904 1120 fucatis
931 1098 1124 1120 secernamus.
1164 1088 1280 1118 Scilicet
1300 1088 1394 1118 variae
1417 1093 1505 1123 sunt,
1525 1095 1576 1116 nec
1599 1094 1646 1115 eae
1671 1086 1777 1115 obscu-

274 1152 339 1180 rae,
361 1143 574 1179 contorquendi
596 1142 841 1180 philosophorum
864 1141 991 1178 placita,
1019 1142 1096 1178 apud
1119 1146 1251 1169 auctores
1272 1147 1390 1169 causae..
1425 1139 1510 1168 Alius
1532 1137 1692 1177 ignorantia
1715 1135 1784 1174 pec·

269 1202 318 1225 cat
341 1202 390 1224 aut
414 1194 609 1232 negligentia3
632 1194 705 1222 alius
730 1193 872 1222 contraria
897 1199 1059 1229 occupatus
1086 1191 1243 1227 sententia,
1273 1190 1404 1227 iniquius
1435 1189 1586 1220 adversarii
1612 1188 1782 1226 philosophi

271 1248 381 1276 decreta
402 1245 562 1281 convellit3
590 1245 658 1280 hic,
688 1251 720 1273 ut
739 1243 856 1273 facilius
880 1243 1006 1280 rtfutet,
1035 1244 1093 1273 vim
1125 1243 1282 1273 sententiae
1312 1242 1439 1279 minuit,
1465 1248 1493 1270 et
1515 1241 1649 1270 tradendo
1682 1239 1785 1269 infrin-

272 1299 334 1335 git3
356 1297 405 1326 ille
427 1296 595 1326 defendendi
618 1296 717 1325 ardore
741 1295 888 1324 veritatem
912 1295 1026 1331 perdit3
1055 1294 1159 1323 tertius
1183 1295 1278 1331 magni
1307 1294 1457 1330 cujusdam
1486 1292 1663 1329 philosophi.
1683 1297 1784 1320 aucto-

272 1348 358 1377 ritate
378 1356 409 1377 se
432 1347 521 1376 tutari
549 1347 669 1382 volens,
692 1346 894 1374 sententiarum
919 1345 1044 1374 confinia
1068 1352 1204 1380 mutans,
1235 1345 1265 1373 in
1285 1352 1370 1374 suum
1402 1344 1473 1371 male
1501 1343 1639 1371 auxilium
1664 1338 1785 1370 advocat

272 1408 308 1429 ex
330 1399 420 1428 aliena
444 1398 552 1427 familia
579 1397 790 1435 patrocinium3
813 1397 889 1424 alius
914 1396 1081 1432 simpliciter
1102 1395 1238 1425 tradendo
1263 1403 1327 1423 non·
1348 1400 1521 1428 contentus,
1543 1394 1651 1421 alienae
1673 1399 1786 1422 senten-

272 1451 332 1479 tiae
356 1457 440 1479 suum
460 1449 500 1478 ita
524 1449 681 1485 interponit
705 1448 900 1483 admiscetque
925 1447 1086 1484 judiciuin,
1115 1453 1149 1475 ut
1172 1446 1212 1474 rei
1236 1445 1381 1474 veritatem
1408 1450 1484 1480 tegat
1506 1450 1533 1472 et
1562 1443 1704 1471 censendi.
1719 1443 1787 1471 libi·

277 1502 343 1532 dine
364 1501 507 1536 offuscet3
529 1500 602 1528 alius
624 1500 658 1527 ad
679 1499 776 1534 illam,
805 1499 839 1528 de
863 1507 920 1534 qua
946 1498 1032 1526 modo
1055 1498 1238 1532 dicebamus,
1271 1495 1378 1532 ingenii
1399 1496 1507 1523 laudem
1528 1494 1696 1530 adspirans,
1723 1493 1785 1522 sin-

279 1553 345 1589 gula
355 1573 367 1587 ‚¹
387 1560 437 1580 nec
460 1551 532 1580 inter
554 1559 584 1578 se
608 1558 676 1580 ncxa
694 1550 938 1587 philosophorum
962 1548 1067 1585 placita
1089 1557 1145 1577 sua
1166 1547 1383 1576 ratiocinatione
1407 1546 1446 1574 ita
1470 1545 1589 1581 copulat
1613 1545 1787 1582 alligatque‚

277 1610 312 1631 ut
329 1611 388 1631 non
411 1602 554 1637 discerpta
578 1601 720 1636 membra,
742 1601 794 1629 sed
816 1609 904 1629 unum
929 1601 1071 1636 quoddam
1107 1600 1264 1628 sententiae
1280 1605 1388 1635 corpus
1410 1596 1542 1625 inducere
1564 1596 1707 1625 videatur:
1729 1605 1791 1633 quo

278 1655 310 1683 in
335 1660 441 1682 conatu
469 1652 619 1688 multiplex
654 1653 766 1687 alteque
791 1660 993 1688 saepenumero
1023 1651 1188 1680 reconditus
1216 1650 1284 1678 latet
1310 1647 1378 1678 fons
1409 1655 1553 1676 errorum:
1587 1647 1659 1676 alius
1681 1648 1791 1676 scilicet

268 1706 396 1745 ingenio
420 1705 494 1734 valet
516 1711 575 1732 non
600 1702 669 1732 satis
689 1708 794 1738 acuto,
822 1703 894 1732 alius
915 1703 1003 1732 nimis
1031 1702 1123 1731 fertili
1144 1708 1171 1730 et
1193 1700 1375 1735 luxuriante3
1406 1699 1478 1727 alius
1504 1707 1563 1727 non
1593 1705 1716 1727 notatam
1740 1699 1790 1729 ha·

280 1757 328 1786 bet
352 1755 506 1792 multiplici
529 1763 585 1783 usu
609 1762 661 1783 nec
683 1760 867 1790 perspectam.
881 1754 952 1783 satis
980 1753 1153 1789 Philosophi
1175 1752 1333 1786 rationem,
1362 1758 1414 1779 nec
1438 1751 1506 1778 adeo
1530 1749 1560 1778 in
1590 1751 1651 1786 ejus
1676 1757 1789 1779 senten-

287 1808 354 1836 tiam
381 1806 624 1843 philosophatur;
646 1806 720 1834 alius
746 1806 900 1841 imparatus
924 1806 958 1833 ad
981 1813 1038 1833 rem
1056 1804 1182 1840 accedit,
1204 1812 1255 1832 nec
1279 1803 1441 1831 instructus
1462 1806 1527 1829 ante
1545 1799 1579 1828 ab
1596 1801 1672 1829 omni
1697 1801 1793 1837 philo-

285 1858 404 1894 sophiae
428 1858 638 1893 meditandique
663 1856 892 1892 consuetudine3
920 1857 994 1884 alius
1018 1864 1049 1884 se
1071 1864 1130 1884 non
1149 1855 1305 1892 reprimens
1324 1853 1397 1882 intra
1417 1851 1560 1886 officium,
1589 1859 1710 1889 cognata
1730 1854 1792 1890 pla.

287 1910 344 1938 cita
366 1908 445 1936 facili
473 1909 596 1943 quodam
619 1907 739 1936 vinculo
765 1907 920 1944 jungendi,
950 1906 1134 1943 philosophis
1163 1905 1385 1940 consequentias
1408 1903 1515 1939 affingit
1541 1911 1573 1931 ex
1599 1904 1704 1939 positis
1727 1913 1792 1934 sen-

288 1959 387 1989 tentiis
400 1979 410 1994 ,
430 1958 464 1986 de
484 1957 592 1994 quibus
618 1958 660 1985 illi
683 1958 900 1994 consequentiis
926 1966 962 1987 ne
978 1966 1029 1995 per
1043 1957 1187 1986 somnium
1214 1956 1327 1993 quidem
1347 1954 1530 1992 cogitarunt:
1551 1954 1600 1984 alii
1621 1955 1676 1984 alio
1697 1963 1790 1985 errore

282 2016 388 2040 errant.

323 2060 378 2090 His
403 2060 491 2099 igitur
515 2067 644 2090 errorum
669 2059 803 2097 laqueis,
820 2067 855 2089 ne
878 2058 1077 2097 implicemur,
1106 2059 1264 2089 cavendum
1280 2064 1333 2088 est.
1372 2058 1460 2097 Quod
1485 2065 1521 2087 ne
1541 2056 1609 2093 liat,
1640 2063 1790 2092 auctores,

1745 2116 1793 2137 ΕΟ-
