1913 2417
261 178 303 209 54
536 165 769 203 Jaconr
826 162 1506 204 HERMANr-PHILIPSE

270 249 523 281 tis'conditionem
537 271 548 286 ,
570 248 680 278 interim
702 247 844 282 Absenti,
867 247 982 283 iisque,
1002 246 1053 282 qui
1069 247 1295 283 repraesentandi
1317 246 1380 283 iure
1399 246 1542 282 gaudent,
1560 250 1718 275 reservatur
1731 244 1784 275 ite-

272 302 398 332 reditatis
419 302 543 338 petitio,
566 308 621 336 qua
643 299 762 334 experiri
786 298 901 334 possint
924 307 990 327 cum
1015 307 1069 335 eo,
1091 300 1141 336 qui
1167 300 1278 329 interim
1300 309 1354 336 pro
1379 300 1479 329 herede
1503 301 1651 336 possidet,
1676 301 1702 330 si
1727 301 1787 330 Ab·

276 362 341 383 sens
366 359 541 387 revertatur,
571 356 621 379 aut
647 349 732 378 certis
763 349 878 378 indiciis
905 350 1042 384 probetur
1067 357 1197 387 tempore
1229 352 1336 380 delatae
1362 351 1555 380 successionis
1584 351 1710 386 vixisse,
1738 357 1790 380 aut

275 404 351 432 diem
381 411 544 439 supremum
566 402 622 437 jam
646 400 771 435 obiisse,
797 406 858 430 art.
879 408 959 437 137.:
989 402 1048 430 imo
1069 402 1208 431 Absentis
1222 403 1384 431 creditores
1401 404 1474 441 (5)
1501 411 1558 431 non
1586 403 1723 432 amittunt
1740 403 1790 440 jus

277 463 308 484 se
331 461 364 483 ex
388 454 440 481 hac
465 452 615 481 hereditate
640 451 784 480 indemnes
806 452 962 487 servandi,
984 453 1034 481 ubi
1059 461 1160 490 postea
1182 454 1386 489 probaverint,
1406 453 1563 483 Absentem
1586 454 1678 483 adhuc
1699 453 1792 483 vixis-

279 514 329 540 se,
350 514 415 541 arg.
441 510 502 533 art.
518 504 585 539 788.
625 503 718 531 Hisce
742 509 834 532 autem
854 502 1018 532 actionibus
1041 509 1152 532 tantum
1173 505 1378 539 praescribitur
1394 505 1478 541 lapsu
1496 513 1531 542 30
1548 513 1706 541 annorum,
1727 509 1791 534 art.

281 558 356 593 789,
378 562 404 584 et
423 556 508 586 2262.
530 554 600 583 Cod.
620 555 701 590 Cim,
722 554 773 590 qui
791 560 911 583 currunt
931 562 948 583 a
968 554 1014 583 die
1035 554 1142 583 delatae
1165 554 1379 592 successionis,
1399 565 1466 594 arg.
1483 556 1607 592 ejusdem
1624 562 1686 586 art.
1701 557 1792 594 789.‚

283 608 402 636 durante
428 615 488 643 quo
513 612 640 642 tempore
667 612 759 634 tamen
780 605 875 634 omnia
890 605 938 634 illa
959 605 1170 641 adtenduntur,
1193 606 1300 642 quibus
1316 608 1406 643 vulgo
1431 607 1619 644 praescriptio
1640 607 1794 636 interrum-

282 657 362 693 pitur
380 663 429 685 aut
458 655 663 691 suspenditur,
688 656 851 685 secundum
875 662 937 685 art.
957 663 1176 694 2242—2259.
1204 657 1287 694 (6).
1340 658 1501 693 Antequam
1529 658 1618 695 igitur
1641 657 1794 694 probatum
1827 690 1831 692 ,

282 714 342 744 est,
367 708 519 737 Absentem
546 707 672 743 vixisse,
699 713 746 736 aut
770 707 827 745 jam
851 708 1023 744 decessisse,
1048 716 1105 744 -pro
1129 708 1229 738 herede
1250 709 1379 745 possidet
1401 711 1447 745 is,
1470 710 1518 739 cui
1542 709 1683 739 hereditas
1707 709 1796 738 obve-

284 759 347 796 nit:²
369 767 396 788 et
416 760 506 788 donec
528 759 666 795 petitione
691 759 855 788 hereditatis
881 759 907 787 ei
926 759 1001 789 bona
1022 759 1188 789 hereditaria
1215 760 1405 797 auferuntur,
1425 761 1498 790 nihil
1522 761 1640 797 obstat,
1662 769 1723 798 quo
1744 760 1800 790 mi-

284 819 341 843 nus
360 819 392 839 se
414 819 467 846 pro
490 818 556 839 vero
581 809 680 838 herede
700 816 795 845 gerat,
818 815 845 837 et
868 817 990 845 quoquo
1014 810 1100 839 modo
1121 811 1156 838 de
1181 811 1266 839 bonis
1292 818 1416 841 statuat:
1441 813 1549 848 optime
1570 814 1665 848 enim,
1686 813 1799 842 cautio-

284 872 323 892 ne
339 868 484 897 excepta,
515 869 586 896 quae
610 861 698 897 vulgo
724 861 758 889 ab
781 861 837 889 hoe
864 861 1009 896 exigitur,
1037 861 1188 889 assimilari
1210 868 1308 898 potest
1335 862 1428 891 heredi
1450 862 1619 898 fiduciario,
1647 864 1695 892 cui
1723 871 1800 892 onus
1829 852 1832 855 Δ

288 913 454 942 restituendi
478 911 620 940 incumbit
643 911 809 940 conditione
834 911 1049 940 fideicommissi
1073 911 1222 940 existente.
1269 913 1344 941 Nam
1367 913 1410 941 uti
1436 914 1482 942 hic
1506 915 1689 944 alienationes
1710 915 1803 943 factae

290 971 480 1000 revocantur,
503 964 575 992 idem
592 963 705 992 videtur
724 963 872 999 obtinere,
892 970 958 991 cum
979 962 1130 998 coheredi‚
1152 963 1200 990 cui
1225 969 1283 992 tota
1305 963 1443 992 hereditas
1461 965 1526 1001 jure
1549 965 1726 994 accrescendi
1750 965 1804 994 ob-

286 1015 384 1050 venit,
405 1015 435 1043 in
460 1014 622 1043 universam
643 1013 823 1042 hereditatem
848 1014 899 1050 jus
922 1021 982 1041 non
1004 1012 1189 1048 comperiisse
1211 1014 1376 1050 apparebit3
1395 1015 1469 1044 adeo
1494 1022 1526 1044 ut
1546 1017 1604 1053 Jam
1626 1024 1670 1045 res
1691 1016 1802 1045 heredi-

283 1066 372 1095 tarias
397 1065 530 1093 omnibus
551 1065 614 1101 J'ure
639 1063 749 1092 auferre
773 1063 878 1098 liceat,
901 1062 952 1098 qui
973 1070 1019 1090 eas
1042 1062 1210 1098 possident,
1232 1064 1299 1093 licet
1326 1064 1402 1094 bona
1424 1065 1495 1101 fide,
1515 1072 1543 1095 et
1567 1067 1655 1096 titulo
1675 1075 1801 1096 oneroso

293 1126 340 1146 eas
362 1115 587 1152 acquisiverint,
617 1123 684 1152 arg.
709 1120 770 1143 art.
789 1121 875 1151 1599.
914 1113 985 1142 Non
1007 1112 1080 1140 enim
1104 1112 1248 1143 discedere
1271 1115 1361 1143 audeo
1383 1115 1414 1144 in
1437 1117 1603 1145 sententiam
1626 1116 1805 1146 Delvincur-

293 1168 347 1203 tii,
367 1176 398 1204 p.
419 1167 484 1204 356.
506 1166 718 1201 existimantis,
747 1166 840 1195 bonae
861 1164 926 1194 fidei
949 1165 1132 1201 possessores
1156 1165 1240 1200 piane
1261 1173 1376 1195 securos
1397 1173 1460 1194 esse
1478 1166 1513 1196 ab
1533 1167 1614 1196 omni
1638 1167 1798 1196 evictione:

290 1218 377 1254 idque
407 1218 478 1246 mihi
509 1225 570 1247 non
603 1218 673 1246 satis
696 1217 837 1253 probatur
862 1215 1019 1251 articulis,
1052 1215 1159 1251 quibus
1184 1215 1251 1245 haec
1275 1216 1346 1254 JCti
1371 1218 1512 1247 sententia
1532 1217 1652 1249 fundata
1674 1220 1804 1251 videtur:

290 1277 356 1299 narn
380 1269 410 1298 in
434 1275 497 1298 art.
513 1277 578 1306 790.
593 1268 625 1305 j.
647 1274 710 1298 art.
727 1269 794 1306 4⁶2·
815 1268 889 1296 illud
913 1273 1024 1296 tantum
1052 1266 1205 1296 affirmatur
1232 1268 1265 1296 de
1285 1276 1337 1304 eo,
1360 1269 1411 1305 qui
1436 1269 1648 1300 successionem
1673 1271 1807 1309 repudia-

294 1321 358 1355 vit,
377 1327 406 1348 et
428 1328 512 1356 quem
538 1326 656 1356 postea,
685 1325 813 1354 tempore
829 1319 957 1355 legitimo
971 1319 1098 1347 nondum
1114 1320 1322 1355 praeter-lapso,
1347 1321 1553 1356 repudiationis
1570 1323 1715 1359 poenitet3
1737 1331 1804 1354 cum

292 1378 362 1400 vero
385 1371 410 1399 is
437 1371 552 1405 habeat,
581 1370 661 1406 quod
679 1369 739 1399 sibi
761 1369 902 1405 imputet,
930 1369 996 1398 aliis
1021 1368 1131 1398 interim
1157 1370 1205 1407 J'us
1226 1370 1400 1406 acquisitum
1427 1371 1521 1401 fuisse
1545 1372 1574 1401 in
1597 1381 1640 1402 res
1665 1374 1806 1404 heredita·

293 1420 371 1456 rias,
392 1429 477 1450 nemo
502 1430 569 1451 sane
589 1422 661 1451 idem
683 1420 862 1450 affirmaverit
885 1420 919 1448 de
943 1419 997 1455 iis,
1021 1421 1072 1455 qui
1097 1421 1259 1451 hereditatis
1281 1423 1426 1452 adeundae
1450 1424 1528 1452 nulla
1553 1425 1610 1454 hue
1638 1433 1731 1462 usque
1752 1434 1807 1463 po-

294 1479 396 1501 testate
431 1472 523 1509 gavisi
545 1473 678 1510 suerunt,
710 1480 738 1502 et
769 1473 876 1508 quibus
900 1472 935 1500 ab
967 1471 1051 1501 initio
1084 1472 1266 1502 hereditatem
1293 1474 1480 1509 comperiisse
1508 1483 1542 1504 ex
1568 1474 1676 1506 incerto
1700 1483 1808 1506 eventu

298 1523 363 1552 dein
387 1528 496 1552 tantum
523 1525 667 1560 apparuit.
708 1524 797 1562 Quod
821 1529 914 1552 autem
939 1529 1003 1552 art.
1021 1532 1103 1562 1240.
1127 1524 1253 1559 adtinet,
1277 1533 1336 1561 quo
1359 1525 1465 1554 dicitur
1488 1525 1605 1556 debitor
1621 1534 1686 1557 tuto
1704 1529 1819 1558 solvis-¹

297 1582 330 1612 se
355 1574 398 1610 ei,
426 1574 475 1609 qui
497 1575 547 1611 jus
574 1575 675 1604 crediti
700 1575 821 1604 habebat
846 1581 973 1610 tempore
997 1575 1172 1611 solutionis,
1203 1577 1290 1605 modo
1315 1577 1391 1605 bona
1413 1577 1467 1605 fide
1492 1577 1536 1606 illi
1565 1578 1709 1614 solverit,
1738 1578 1814 1608 illud

298 1633 358 1654 non
384 1627 418 1655 ad
442 1626 664 1662 consequentias
690 1633 735 1655 est
756 1626 948 1655 trahendum:
972 1634 1038 1655 cum
1062 1626 1091 1654 in
1114 1627 1166 1656 hac
1193 1636 1294 1656 caussa
1311 1627 1464 1664 peculiaris
1482 1628 1554 1657 ratio
1576 1628 1721 1665 singulare
1736 1628 1810 1658 illud

296 1677 343 1712 jus
372 1678 498 1707 suasisse
521 1678 678 1715 videatur3
709 1679 846 1715 quoniam
868 1687 980 1715 semper
1002 1678 1071 1707 utile
1093 1686 1160 1714 est,
1189 1678 1315 1707 debitum
1341 1678 1437 1714 solvi,
1464 1686 1499 1707 ne
1522 1678 1599 1707 forte
1629 1679 1654 1708 ei
1678 1679 1816 1715 praescri-

301 1727 401 1763 batur3
429 1729 486 1757 imo
520 1729 642 1757 creditor
670 1730 704 1758 ab
733 1738 787 1764 eo,
819 1730 868 1765 qui
892 1729 986 1766 ipsius
1008 1730 1124 1759 nomine
1152 1730 1279 1759 debitum
1305 1735 1453 1765 acceptum
1476 1729 1560 1764 tulit,
1592 1729 1663 1757 illud
1686 1736 1811 1766 repetere

303 1785 419 1814 potest:
439 1787 467 1808 at
488 1781 580 1808 eadem
608 1780 680 1809 ratio
701 1789 759 1809 non
785 1781 862 1809 valet
886 1780 915 1809 in
937 1782 1038 1817 quavis
1063 1781 1235 1810 alienatione
1256 1789 1347 1809 rerum
1372 1780 1407 1808 ad
1433 1781 1644 1809 successionem
1669 1781 1812 1817 pertinen-

308 1829 400 1865 tium3
429 1838 494 1858 cum
530 1832 643 1867 saepius
676 1832 790 1860 heredes
817 1832 896 1868 ipsas
921 1840 963 1860 res
986 1833 1164 1861 hereditarias
1183 1833 1284 1860 habere
1307 1833 1406 1861 malint
1426 1832 1463 1861 ob
1487 1833 1657 1869 singularem
1683 1832 1813 1861 defuncti

306 1879 459 1915 affectum,
481 1889 565 1916 quam
589 1883 738 1915 earundem
763 1883 910 1920 pretium,
936 1889 965 1913 et
986 1892 1125 1921 perquam
1151 1884 1285 1920 iniquum
1304 1883 1378 1912 foret
1402 1882 1519 1912 alterius
1540 1884 1625 1920 culpa
1649 1883 1762 1913 heredes
1778 1883 1816 1911 iis

1776 1941 1819 1964 re-

335 1992 390 2021 (32
406 1995 475 2018 Cous.
493 1994 627 2022 Maleum,
643 1998 672 2019 nd
692 2001 731 2020 art.
745 2002 794 2025 ¹³7-
908 1998 963 2028 (6)
979 2000 1049 2025 Confi
1070 1999 1239 2030 Debitum,
1251 1999 1276 2024 ¹⁸
1291 2005 1341 2024 Ιοι.
1359 2003 1443 2030 pan.
1462 1999 1486 2022 in
1503 1998 1523 2022 f.
