1913 2417
239 169 277 199 ιε
601 169 629 206 J.
706 165 1372 199 R.THORBECKE

246 270 264 286 ,,
284 257 371 286 posse
391 258 424 279 ex
450 258 563 285 aequo,
583 256 611 278 et
633 251 666 278 de
689 251 741 279 hac
760 250 841 286 ipsa,
871 258 906 278 an
932 251 1025 279 omnis
1047 258 1089 278 res
1116 251 1144 279 in
1180 257 1329 286 utramque
1364 257 1467 286 partem
1493 250 1678 287 disputabilis
1702 252 1746 283 fit.

245 321 264 337 ‚.‚
287 301 491 339 Nausiphanes
513 301 551 328 ait
574 308 607 329 ex
633 300 695 334 his⁷
718 308 789 335 quae
810 301 946 329 videntur
966 309 1050 336 esse,
1073 301 1144 330 nihil
1169 302 1259 338 magis
1275 309 1362 337 esse,
1380 310 1464 337 quam
1487 309 1546 330 non
1567 310 1648 331 esse:
1669 302 1748 331 Par-

242 370 262 387 „
283 351 405 380 menides
429 352 487 387 ait,
513 359 546 379 ex
569 351 634 385 his,
664 359 734 386 quae
758 351 909 386 videntur,
938 352 1009 380 nihil
1034 360 1096 381 esse
1124 352 1152 380 in
1187 354 1365 380 universnm.
1407 352 1485 380 Zeno
1509 353 1622 381 Eleates
1650 354 1745 382 omnia

241 421 261 437 ,‚
281 402 393 437 negotia
416 402 450 429 de
472 401 587 437 negotio
613 401 731 438 deJecit3
755 402 794 429 ait
819 402 892 430 nihil
916 410 990 430 esse.
1034 403 1120 431 Circa
1139 404 1231 431 eadem
1258 403 1314 431 fere
1342 403 1500 440 Pyrrhonis·
1522 409 1691 438 versantur,
1717 409 1747 432 et

241 471 260 487 ‚‚
281 451 446 488 Megarici,
468 457 494 479 et
520 450 673 487 Eretrici,
695 458 724 480 et
747 452 934 488 Academici,
964 453 1016 488 qui
1041 462 1144 482 novam
1169 454 1341 484 induxerunt
1366 454 1511 482 scientiam
1532 453 1607 481 >nihil
1632 452 1745 481 scire.’‘

238 501 396 530 Aristocles
423 502 491 538 (t)
511 502 689 538 Pyrrhonem
714 509 815 532 auctor
836 511 878 532 est
899 512 914 532 e
933 504 1098 532 Democriti
1127 503 1208 532 libris
1233 504 1446 540 philosophiam
1473 512 1553 533 suam
1586 505 1742 540 apprehen-

241 553 337 587 disse‚
366 558 393 580 et
416 552 520 581 suidas
547 554 609 590 (2)
632 553 793 590 Pyrrhonis
818 554 998 590 disciplinam
1033 563 1081 591 per
1108 554 1316 590 discipulorum
1349 555 1548 584 successiones
1579 555 1675 583 itidem
1699 555 1748 583 de-

240 603 313 631 rivat
336 611 350 630 a
375 602 553 632 Democrito⁴
598 603 736 641 Origenes
757 612 844 639 vero,
871 605 935 634 sive
955 614 1014 641 quo
1037 606 1093 634 alio
1118 605 1233 634 nomine
1256 605 1393 634 dicendus
1410 607 1473 641 sit,
1502 605 1651 634 Heracliti
1676 606 1742 643 (3)

240 653 404 682 sententiam
430 662 493 682 curu
520 654 745 689 Pyrrhoniorurn
771 656 902 684 doctrina
928 655 1093 685 confundit.

276 703 333 733 His
360 711 486 734 veterum
516 704 688 733 testimoniis
716 705 900 735 manifestum
929 713 992 742 est,
1015 707 1123 743 quibus
1146 707 1327 744 primordiis,
1349 714 1376 736 et
1396 715 1514 743 quarum
1541 707 1744 736 sententiarum

233 754 370 790 viciniis,
393 755 618 790 Scepticismus‚
638 755 818 791 antiquitatis
843 757 1004 793 opinione,
1026 764 1166 786 teneatur.
1208 758 1315 786 Verum
1334 759 1363 787 in
1386 759 1520 793 antiquae
1539 757 1744 793 philosophiae

234 805 354 834 historia
382 807 550 841 plerumque
574 814 633 834 non
664 807 754 843 magis
777 808 929 836 vetustatis
957 809 1207 844 auctoritatibus,
1239 818 1324 844 quam
1352 809 1460 837 nostris
1491 808 1585 837 oculis
1614 807 1742 845 Judicio-

239 864 294 891 que
317 857 460 885 fidendum
487 863 543 885 est.
585 857 677 892 Igitur
702 857 932 893 investigationis
956 859 1028 887 viam
1055 859 1258 896 ingrediamur.

282 906 386 936 Omnis
408 907 609 943 philosophiae
626 907 770 936 dissensio
790 914 855 936 nata
877 915 919 937 est
943 917 977 938 ex
1000 911 1201 939 sententiarum
1227 910 1391 939 diversitate
1412 911 1446 938 de
1472 908 1615 945 principio
1640 908 1743 944 cogni-

235 957 324 986 tionis
344 958 502 993 humanae,
524 959 645 994 eJ'usque
661 958 793 994 legibus,
813 959 945 995 ambitu,
968 967 996 988 et
1020 962 1174 990 limitibus.
1216 962 1311 998 Cujus
1339 961 1515 996 quaestionis
1538 960 1669 988 tractatio
1687 958 1782 995 pri-,-

233 1008 321 1036 mitus
343 1008 372 1036 in
386 1016 480 1036 caeco
504 1007 678 1043 Empitismo
701 1009 869 1038 abscondita
891 1010 947 1038 fuit
972 1007 1000 1039 et
1019 1013 1141 1047 sepulta.
1181 1013 1254 1041 Dein
1276 1011 1397 1040 excitata
1423 1011 1551 1044 ratione,
1577 1009 1744 1037 institutum

233 1064 277 1086 est
299 1058 333 1087 ab
359 1058 508 1087 effectibus
532 1059 567 1087 ad
596 1067 699 1088 causas
730 1060 925 1096 adscendere,
952 1069 980 1090 et
1005 1063 1101 1092 omnia
1126 1062 1281 1099 singularia
1310 1062 1398 1090 unius
1424 1061 1575 1097 cujusdam
1608 1058 1746 1095 principii

232 1107 354 1145 imperio
376 1108 535 1146 subjicere,
563 1115 592 1138 et
614 1110 761 1139 communi
796 1111 914 1141 vinculo
939 1112 1086 1150 colligere.
1128 1113 1220 1150 Igitur
1247 1113 1350 1150 Jom'ci
1378 1111 1546 1149 philosophi
1568 1119 1583 1138 a
1604 1117 1742 1139 sensuum

229 1157 286 1187 fide
308 1158 453 1196 profecti,
473 1161 508 1189 de
531 1168 562 1188 se
589 1167 639 1189 aut
663 1161 698 1189 de
717 1162 854 1191 scientiae
879 1163 1017 1192 humanae
1039 1164 1148 1194 finibus
1170 1173 1206 1193 ne
1230 1173 1278 1200 per
1301 1164 1444 1193 somnium
1469 1162 1584 1199 quidem
1610 1161 1743 1198 cogitan-

232 1215 296 1244 tes,
317 1211 368 1240 sed
389 1218 535 1241 sumentes
562 1220 676 1240 causam
703 1212 801 1240 mundi
822 1220 850 1242 et
874 1222 918 1243 res
942 1221 1071 1244 externas
1095 1224 1182 1252 posse
1202 1216 1361 1252 cognosci,
1389 1215 1474 1244 unice
1495 1214 1526 1243 in
1546 1213 1740 1249 systematum

232 1266 380 1290 structura
405 1262 684 1299 Cosmologicorum
708 1265 846 1301 occupati
869 1265 959 1296 fuere.
998 1267 1081 1305 Quae
1105 1267 1191 1303 primi
1222 1273 1344 1296 conatus
1381 1267 1503 1302 audacia.
1530 1264 1630 1293 faciles
1652 1262 1743 1300 expli-

230 1317 313 1339 catus
343 1311 441 1342 habet.
481 1313 599 1342 Scilicet
634 1314 715 1342 nisus
743 1315 861 1350 -quidam
894 1317 923 1345 in
956 1318 1074 1346 homine
1101 1324 1239 1354 apparet,
1266 1326 1380 1347 omnem
1414 1316 1617 1353 cogitationem
1638 1315 1676 1343 ad
1699 1321 1743 1342 res

231 1367 360 1390 externas
383 1363 541 1399 referendig,
564 1370 624 1392 tum
647 1365 758 1392 demum
786 1366 820 1394 ad
845 1374 877 1396 se
905 1367 1056 1396 revertitur
1071 1388 1082 1403 ,
1101 1376 1166 1396 cum
1191 1369 1222 1396 in
1247 1376 1337 1396 rerum
1364 1374 1538 1396 externarum
1565 1364 1745 1395 observatio-

233 1419 269 1441 ne
293 1413 475 1442 difficultates
498 1414 553 1450 ipsi
578 1422 758 1451 occurrunt,
780 1424 900 1452 quarum
916 1419 1025 1446 taudem
1049 1426 1162 1446 causam
1187 1419 1216 1447 in
1239 1427 1269 1447 se
1289 1427 1352 1446 esse
1375 1418 1549 1452 suspicetur.
1592 1416 1650 1444 Res
1664 1415 1739 1443 enim

236 1470 364 1492 externae
396 1464 493 1493 divina
522 1466 606 1500 quasi
634 1466 805 1495 auctoritate
828 1468 961 1496 videntur
983 1468 1055 1503 niti,
1084 1476 1177 1503 neque
1204 1477 1237 1497 ex
1266 1468 1360 1496 animo
1386 1467 1513 1494 humano
1544 1473 1606 1493 esse
1628 1465 1737 1493 deriva-

234 1520 297 1549 tae,
318 1515 368 1543 sed
391 1515 524 1552 majorem
549 1523 630 1544 ortus
653 1518 853 1552 praestantiam
874 1527 1005 1555 arguere.
1045 1517 1142 1547 Homo
1165 1520 1268 1555 pendet
1288 1518 1407 1554 proinde
1428 1523 1508 1545 totus
1531 1524 1564 1544 ex
1587 1516 1671 1544 rebus
1693 1523 1740 1544 ex·

230 1564 345 1601 ternis3
382 1567 509 1602 adeoque
542 1568 580 1596 rei
605 1574 721 1596 naturae
754 1576 976 1598 consentaneum
996 1572 1066 1605 est,
1101 1575 1133 1598 ut
1166 1569 1246 1605 prius
1281 1569 1387 1598 virium
1420 1576 1533 1596 suarum
1559 1568 1739 1603 periculum,

233 1623 318 1650 quam
349 1623 463 1646 examen
488 1617 585 1646 faciat.
623 1619 698 1647 Cum
721 1626 814 1648 autem
847 1621 1004 1649 cavendum
1037 1621 1100 1655 sit,
1131 1629 1167 1649 ne
1194 1621 1388 1657 cognitionem
1422 1625 1548 1647 nostram
1584 1627 1649 1646 cum
1680 1619 1742 1654 ejus

228 1665 367 1701 objectis,
389 1675 440 1694 nec
466 1668 535 1695 adeo
557 1669 732 1705 principium
756 1670 841 1699 istius
865 1671 1042 1706 cognitionis
1068 1679 1137 1699 cum
1173 1671 1324 1706 principiis
1355 1671 1556 1707 obiectorum,
1586 1677 1658 1705 quae
1681 1677 1739 1698 non

227 1716 283 1744 nisi
307 1724 374 1745 sunt
399 1718 548 1752 conditio,
577 1719 637 1746 sine
662 1729 718 1755 qua
747 1722 826 1749 nulla
851 1728 925 1749 esset
952 1721 1103 1757 cognitio,
1134 1721 1370 1756 confundamus,
1402 1722 1453 1748 hae
1480 1721 1508 1748 in
1533 1728 1560 1748 re
1587 1720 1738 1754 multiplex

227 1773 289 1793 esse
313 1767 410 1795 debuit
434 1769 702 1803 antiquissimorum
733 1771 976 1807 philosophorum
1002 1780 1090 1800 error.
1142 1773 1258 1800 Scilicet
1286 1779 1420 1800 notiones
1454 1777 1567 1799 nostras
1594 1778 1660 1798 cum
1684 1770 1737 1798 ob-

225 1815 308 1852 jectis
331 1819 532 1856 conjungimus
560 1829 647 1850 sensu
674 1823 818 1857 quodam,
840 1830 899 1858 quo
926 1823 1050 1851 dicimus
1075 1831 1129 1852 nos
1151 1823 1264 1860 objecta
1291 1823 1462 1856 observare,
1493 1821 1566 1849 unde
1587 1820 1736 1857 persuasio

1695 1877 1743 1899 na-

250 1953 304 1982 (¹)
326 1956 383 1981 apud
403 1955 482 1976 Eun-h.
503 1957 526 1976 1¹-
542 1956 567 1976 Ε·
585 1961 644 1979 xm,
667 1967 687 1983 c.
705 1963 737 1983 ιε.
759 1968 783 1988 p.
802 1964 850 1987 7⁶³-
868 1963 894 1985 n.
1023 1961 1082 1991 (2)
1101 1964 1128 1986 v.
1151 1957 1248 1990 Πῦῥὲων
1264 1963 1293 1984 Τ.
1305 1962 1344 1984 111.
1364 1968 1387 1989 p.
1400 1968 1450 1988 24⁵·
1467 1961 1515 1988 2⁴⁶·

251 1995 306 2023 (3)
327 1995 349 2018 iu
371 1994 572 2025 ΦιλοσᾶΦουμέν.
589 1999 658 2021 Thes.
674 1999 777 2021 Gronov.
799 2006 828 2021 τ.
843 2006 862 2021 x
891 2012 914 2027 ῃ,
927 2006 976 2032 ²⁸7·
