1913 2417
249 188 295 233 ‘14
560 188 597 223 G.
642 190 668 223 s.
742 196 840 222 viu
886 199 979 222 nnn
1022 188 1181 223 Booti*
1222 193 1419 225 MEscu

246 283 444 328 plantarum,
481 293 548 314 rem
586 283 704 314 summi
735 284 908 322 momenti,
939 285 1077 327 aggressi
1118 290 1195 316 sunt
1226 284 1415 328 Phytologi‚
1445 295 1504 316 nec
1534 284 1631 316 modo
1656 285 1725 319 lau.-

249 341 372 380 dandi,
411 351 521 372 verum
561 340 706 383 protinus
739 339 772 370 in
805 350 900 372 usum
924 341 1069 374 vocandi.
1114 343 1156 373 At
1183 341 1274 384 plura
1302 341 1516 372 desideramus
1550 352 1587 372 ac
1618 353 1725 385 spera*

250 409 324 429 mus
361 398 401 429 ab
429 397 641 428 Oeconomiae
666 395 779 427 ruralis
799 407 874 427 cum
906 396 1037 440 Physica
1075 397 1259 441 plantarum
1295 397 1470 430 connubio.
1518 399 1655 430 Utamur
1674 401 1726 431 in.-

252 460 334 484 terea
363 452 580 495 Physiologiae
602 452 781 495 plantarum
815 454 989 496 praeceptis
1015 453 1055 485 ad
1086 454 1270 486 avertendas
1297 456 1440 498 cognitas
1473 454 1567 486 uobis
1597 463 1722 498 vegeta*

250 510 364 541 Lilium
392 509 576 540 morborum
604 518 727 539 caussas
749 519 784 539 ac
804 508 973 551 fugiendos
1008 510 1248 553 intempestivos
1281 510 1352 542 illos
1385 511 1534 542 medendi
1569 519 1722 551 conatus,

249 565 368 607 quibus
392 565 464 607 plus
488 564 597 595 damni
623 575 719 606 quam
746 565 955 597 emolumenti
983 566 1112 609 jamjam
1144 566 1309 610 languenti
1336 569 1527 610 vegetationi
1550 567 1718 601 inferatur.

248 622 365 651 Cautus
402 631 460 650 nos
491 619 601 650 reddat
635 620 765 652 illorum
796 621 949 654 olitorum
980 623 1186 665 exemplum,
1219 625 1276 666 qui
1306 623 1472 655 fructuum
1504 626 1721 656 maturitatem

248 683 285 707 ut
309 676 499 714 accelerent,
537 676 612 707 folia
636 676 675 708 de
707 677 874 709 arboribus
898 679 1087 721 decerpant,
1119 686 1213 723 atque
1235 681 1278 711 ita
1302 679 1428 711 deleant
1455 681 1591 723 optimas
1618 682 1722 711 vario-

248 743 319 764 rum
345 733 519 764 humorum
548 731 707 772 officinas,
739 735 774 765 in
798 734 917 778 quibus
940 742 972 767 et
1000 735 1165 768 fructuum
1193 738 1280 768 succi
1304 743 1336 769 et
1364 737 1518 768 arborum
1540 737 1721 768 nutrimen·

245 792 278 820 {a
304 797 463 831 parentur.

288 846 448 889 Imprimis
477 854 582 879 autem
607 857 715 877 curam
742 858 904 890 geramus,
928 855 964 880 ut
991 849 1085 881 nobis
1113 849 1255 881 colamus
1287 849 1426 890 fructus,
1458 856 1494 881 ut
1518 848 1572 880 illa
1612 858 1717 879 arcea-

242 910 317 933 mus
351 903 537 934 animalium
577 903 763 934 nocentium
797 906 947 946 agmina,
980 917 1061 949 quae
1106 908 1246 938 maximo
1279 907 1351 950 jure
1389 905 1577 938 homiuibus
1603 904 1717 937 infesta

244 965 434 1001 perpetuum
464 959 584 991 bellum
613 961 757 992 culturae
781 961 929 994 inferant.
973 964 1088 994 Nonne
1114 963 1175 994 hoc
1198 964 1268 1006 ipso
1296 974 1384 995 anno
1411 963 1534 1006 experti
1579 972 1713 1000 sumus,

247 1025 344 1056 quam
376 1026 491 1058 parum
526 1016 674 1058 praesidii
707 1019 740 1048 in
769 1016 923 1048 hodierna
957 1019 1033 1049 artis
1069 1019 1204 1051 rusticae
1231 1031 1293 1051 usu
1322 1021 1362 1051 sit
1390 1021 1531 1062 positum
1560 1018 1715 1050 adversus

245 1069 352 1101 hostes
378 1082 543 1114 nunquam
563 1071 729 1103 devictos?
758 1072 877 1104 Nonne
895 1079 981 1104 tanta
999 1075 1078 1106 solet
1095 1087 1162 1107 esse
1184 1077 1401 1108 subsidiorum
1420 1076 1528 1118 inopia
1541 1097 1552 1112 ‚
1576 1081 1614 1105 ut
1631 1074 1714 1105 desi·

247 1125 302 1157 des
317 1126 504 1169 plerumque
533 1134 715 1159 nostrarum
742 1127 947 1160 fortunarum
974 1132 1086 1163 ruinae
1106 1139 1298 1175 spectatores
1321 1132 1478 1174 agamus?
1503 1137 1589 1162 tanta
1611 1132 1714 1161 Oeco-

248 1185 376 1214 nomiae
396 1190 526 1214 naturae
549 1184 746 1226 ignorantia,
768 1191 804 1215 ut
825 1195 917 1228 saepe
936 1194 1023 1218 metu
1046 1189 1142 1220 soluti
1162 1189 1203 1220 ad
1222 1189 1304 1220 vires
1329 1188 1469 1219 occultas
1492 1187 1601 1218 salutis
1622 1196 1714 1218 caus·

251 1248 318 1269 sam
343 1238 534 1270 reseramus?
556 1239 624 1270 Vile
646 1240 789 1282 quotidie
815 1252 874 1272 nos
897 1248 1007 1274 monet
1031 1244 1204 1283 insectum‚
1227 1252 1364 1288 quantae
1386 1247 1451 1275 sint
1467 1245 1551 1274 vires
1568 1251 1716 1281 naturae,

244 1305 340 1336 quam
368 1294 465 1325 dubia
491 1298 567 1326 artis
592 1296 757 1338 praesidia.
805 1299 868 1329 Nec
893 1305 998 1330 tamen
1026 1300 1185 1332 imbellem
1215 1308 1346 1332 naturae
1364 1300 1531 1331 reluctanti
1548 1298 1714 1330 hominem

249 1350 368 1391 objecit
389 1352 537 1390 Creator,
562 1354 776 1396 Summusque
797 1356 944 1386 omnium
969 1367 1077 1388 rerum
1103 1357 1303 1395 Moderat0r‚
1327 1363 1358 1388 at
1387 1356 1434 1387 illi
1455 1357 1610 1386 rationem
1637 1365 1715 1386 cou-

246 1409 351 1444 cessit,
376 1407 471 1448 cujus
496 1419 556 1450 ope
581 1408 661 1439 mala
689 1410 868 1442 vincantur.
916 1414 1115 1455 Cognoscere
1142 1414 1297 1445 debemus
1321 1414 1429 1444 hostes
1455 1411 1661 1443 debellandos
1677 1421 1713 1442 ao

245 1463 349 1493 varios
373 1463 574 1505 singulorum
604 1475 728 1502 mores,
752 1468 913 1499 crescendi
938 1476 969 1500 et
984 1470 1171 1513 procreandi
1190 1472 1363 1509 rationem,
1385 1480 1467 1512 quae
1483 1474 1633 1511 appetant
1656 1473 1712 1498 aut

243 1516 386 1560 fugiant,
410 1519 576 1562 quomodo
603 1521 712 1552 vivant
732 1532 767 1553 ac
790 1525 979 1558 moriantur.
1026 1528 1101 1558 Uno
1128 1526 1228 1559 verbo
1255 1525 1480 1570 perscrutanda
1495 1532 1542 1556 est
1561 1525 1711 1554 universa

243 1574 427 1605 animalium
459 1575 642 1606 nocentium
667 1577 807 1610 historia.
853 1581 961 1624 Atque
985 1583 1027 1613 ita
1051 1590 1201 1626 apparet,
1239 1583 1424 1625 Zoologiam
1450 1591 1517 1612 non
1544 1580 1622 1613 laxis
1635 1590 1713 1623 quo·

244 1639 307 1671 que
331 1631 466 1661 vinculis
492 1642 565 1661 cuin
593 1639 700 1663 nostra
723 1633 890 1678 disciplina
915 1639 1120 1680 conjunctam
1135 1650 1213 1671 esse.

287 1686 445 1717 Assiduos
477 1686 643 1718 laudamus
678 1689 834 1722 Historiae
869 1694 1021 1725 naturalis
1056 1706 1251 1738 progressus.
1311 1694 1394 1727 illud
1431 1699 1537 1725 autem
1565 1696 1711 1734 superest

246 1741 457 1783 sperandum,
494 1749 531 1773 ut
562 1743 715 1787 Zoologi,
756 1747 914 1790 imprimis
947 1760 1023 1781 vero
1057 1752 1261 1793 Entomologi
1291 1759 1493 1793 praecipuam
1526 1748 1710 1777 studiorum

247 1804 365 1839 partem
389 1797 444 1828 Rei
469 1799 602 1830 rusticae
628 1800 829 1841 impendant,
856 1816 914 1837 nec
941 1813 1064 1838 tautum
1086 1807 1273 1838 animalium
1291 1806 1475 1838 nocentium
1492 1802 1609 1834 formas
1627 1802 1706 1833 deli·

247 1859 341 1882 neem
352 1875 359 1889 ‚
383 1853 435 1883 sed
454 1865 563 1885 omnes
579 1867 709 1898 quoque
725 1858 792 1889 illas
809 1871 858 1892 res
875 1862 1034 1902 indicent,
1052 1862 1172 1906 quibus
1187 1863 1266 1894 male
1284 1861 1481 1899 afficiantur,
1501 1866 1538 1891 ut
1556 1860 1601 1890 sic
1617 1862 1704 1901 ipso·

247 1917 320 1938 rum
348 1908 534 1939 animalium
554 1912 728 1945 inimicitiis
747 1914 786 1947 ad
805 1926 842 1948 ea
862 1939 872 1958 ,
901 1929 984 1963 quae
1007 1926 1141 1961 nocent,
1164 1919 1299 1953 delenda
1323 1926 1469 1955 utamur,
1494 1926 1530 1948 ac
1556 1927 1623 1948 nou
1645 1915 1708 1946 nisi

1633 1979 1710 2012 pru·
