1913 2417
319 171 598 205 RESPONSIO
625 179 673 201 An
698 172 1072 211 QUAESTIONEM
1095 174 1522 215 PHILOSOPHICAM.
1640 196 1675 226 57

161 260 224 295 iis,
253 266 325 295 quae
355 257 464 285 ratione
497 256 660 286 labefactari
682 257 864 292 convellique
885 265 944 286 non
967 264 1067 293 posset
1089 257 1176 294 (1):
1207 259 1251 288 sin
1273 268 1367 291 autem
1390 265 1443 294 ista
1466 275 1672 305 καταληπτικῆς

158 313 321 351 ,φαντασίας
343 310 561 344 συγκατάθεσις,
583 308 645 337 sive
667 310 846 345 κατάληψις,
870 315 913 336 est
937 308 1078 337 imbecilla
1099 316 1126 337 et
1148 308 1220 339 falsa
1243 314 1392 350 assensio,
1417 324 1547 354 quaeque
1563 322 1672 351 ratione

163 368 327 396 evertatur,
349 360 434 395 δόξαι,
456 359 476 388 i.
501 367 527 388 e.
553 359 653 395 opinio
675 366 795 388 vocatur
816 359 894 396 (ε).
934 359 1027 397 Igitur
1047 360 1098 396 qui
1120 366 1331 398 καταληπτικὴν
1350 369 1509 404 φαιντκσίαν
1529 373 1672 401 assensio-

161 422 199 444 ne
222 411 392 448 comprobat
420 410 517 439 stabili
541 418 573 439 ac
595 410 695 446 firma,
723 411 869 440 scientiam
898 411 1108 447 consequitur,
1140 414 1189 448 qui
1213 413 1320 443 incerti
1345 423 1373 445 et
1398 418 1491 456 falsa,
1522 423 1669 457 opinionis

160 463 284 493 fallaciis
307 462 484 497 implicatur.
530 461 646 497 Atqui,
678 462 775 498 inquit
796 464 963 499 Arcesilas,
992 463 1016 491 si
1040 463 1093 491 ulli
1116 464 1156 491 rei
1181 465 1294 500 sapiens
1325 469 1498 499 assentietur
1523 480 1671 509 unquam,

157 515 315 550 aliquando
346 513 428 541 etiam
461 512 636 548 opinabitur.
683 513 772 552 Quod
802 514 897 542 tuitus
924 519 968 542 est
989 513 1136 543 Arcesilas
1168 518 1324 554 καταλήψει
1348 520 1535 557 profliganda.
1581 524 1675 553 Stoici

159 572 254 594 autem
277 565 437 602 κατάληψιν
459 563 570 600 duplici
593 573 682 594 sensu
706 572 902 603 usurparunt:
928 567 1014 594 modo
1037 574 1090 602 pro
1104 569 1263 602 Φκνταισίας
1280 577 1510 609 καταληπτικὴ,
1529 574 1584 603 visi
1598 585 1672 604 com-

154 616 358 656 prehensibilis
375 616 459 653 (3),
481 616 648 652 acceptione
671 623 700 644 et
719 618 927 653 approbatione
949 617 1038 654 (4),
1059 617 1120 646 sive
1142 619 1225 648 etiam
1248 629 1302 656 pro
1327 621 1462 653 facultate
1488 625 1535 653 vel
1562 627 1673 655 actione

158 667 437 704 comprehendendi,
466 668 551 696 modo
574 675 627 704 pto
655 667 720 702 ipsa
741 670 884 706 φαντασίᾳ
908 673 1124 705 καταληπτικῇ,
1145 669 1206 700 sive
1232 671 1306 708 illo,
1328 674 1405 709 quod
1431 677 1670 712 comprehensum

159 725 204 747 est
227 719 307 755 (5).
348 718 506 747 Enimvero
536 719 693 756 κατάληψιν
715 718 776 748 sive
802 721 1010 754 καταληπτικὴν
1035 723 1193 757 Omma-lav
1219 722 1352 753 dicebant
1376 733 1440 754 esse
1458 729 1583 765 κριτήριον
1603 731 1672 764 imq-

153 771 232 803 delae,-
257 770 345 807 (6);
377 769 445 805 quia
476 769 611 798 nimirum
638 770 668 799 in
694 770 749 799 ista
779 777 972 808 καταληπτικῇ
997 775 1143 810 maurae-144
1172 774 1330 809 ¹'ePOSifflm
1363 782 1407 804 est
1432 785 1517 806 omne
1542 779 1669 809 veritatis

157 821 354 858 praesidium,
374 828 449 856 quae
467 821 523 848 nisi
550 821 644 856 adsit,
673 822 767 850 omnis
791 821 862 850 fides
886 823 1064 857 scientiaque
1085 824 1235 852 concidit:
1267 826 1384 855 tollitur
1406 828 1477 857 adeo
1503 832 1599 859 omnis
1623 843 1673 862 ux·

153 873 306 908 ηλῆφεως
329 870 425 905 actio,
447 879 503 906 qua
527 874 670 909 Φαντασίᾳ
694 878 889 910 ‚caranum-maj
912 873 1094 902 assentimur.
1136 873 1238 910 Itaque
1264 876 1413 906 Arcesilas
1430 880 1555 915 primum
1576 881 1670 917 dixit,

155 925 336 959 κατάληψιν,
366 929 452 957 quam
484 921 564 950 Zeno
590 922 695 951 diceret
724 924 840 952 mediam
866 931 928 953 esse
957 932 1199 961 communemque
1225 932 1254 954 et
1277 927 1413 957 scientiae
1446 936 1474 959 et
1505 931 1673 968 opinionis,

155 974 264 1003 nullam
288 980 369 1001 esse:
391 981 464 1007 quae
487 973 560 1002 enim
585 974 742 1010 κατάληψις
768 975 830 1003 sive
852 978 1047 1009 namma-mh
1064 978 1210 1014 φαντασίαι
1232 977 1262 1005 in
1282 978 1412 1013 sapiente
1428 981 1483 1017 sit,
1504 990 1563 1011 eam
1582 983 1673 1012 scien-

154 1025 224 1053 tiam
247 1031 330 1058 esse,
346 1023 467 1058 quaein
485 1024 578 1052 stulto
599 1024 729 1059 haereat,
754 1025 919 1060 opinionem
938 1027 1054 1062 vocari3
1078 1033 1187 1062 praeter
1212 1027 1279 1055 haec
1305 1029 1363 1058 duo
1386 1033 1568 1070 καταλήψεως
1590 1042 1673 1070 gene-

153 1084 204 1110 ra,
226 1075 362 1109 tertium,
384 1073 441 1102 nisi
459 1074 585 1103 nominis
602 1074 765 1103 inanitatem
777 1096 788 1111 ,
808 1077 925 1112 concipi
939 1084 998 1105 non
1014 1085 1102 1113 posse
1117 1078 1132 1113 ζ
1144 1079 1200 1115 7).
1241 1078 1315 1108 Dein
1331 1084 1510 1119 κατάληψις,
1528 1090 1671 1120 tamquam

150 1127 311 1165 φαντασίας
337 1129 548 1160 uarum-rcum·
571 1128 790 1162 συγκατάθεσις,
824 1128 945 1156 existere
968 1136 1027 1156 non
1052 1137 1139 1164 posse
1164 1129 1287 1160 videtur.
1330 1134 1425 1172 Cujus
1441 1135 1480 1163 rei
1503 1135 1609 1172 duplex
1631 1145 1674 1165 ar-

151 1184 320 1215 gumentum
347 1177 458 1206 attulit.
505 1177 631 1205 Primum
658 1186 718 1206 non
749 1187 811 1207 esse
834 1179 891 1207 nisi
913 1179 1182 1215 comprehensibilis
1205 1184 1385 1222 κατάληψιν,
1418 1187 1485 1222 quia
1515 1187 1588 1216 visis
1612 1196 1671 1217 non

149 1228 344 1262 assentimur,
373 1228 424 1256 sed
445 1227 565 1257 rationi:
595 1229 759 1265 diciturque
784 1238 920 1260 assensus
944 1232 977 1260 de
1001 1232 1087 1261 rebus
1112 1233 1223 1273 ratione
1243 1242 1271 1264 et
1292 1236 1439 1266 intellectu
1462 1239 1610 1274 conceptis
1638 1247 1668 1268 ac

151 1279 373 1318 pronunciatis,
399 1279 434 1307 de
455 1280 529 1309 visis
548 1280 605 1309 dici
629 1289 689 1310 non
714 1287 811 1317 potest
832 1282 910 1318 (8).
957 1281 1034 1312 Haec
1061 1290 1204 1319 tamquam
1232 1286 1260 1315 in
1288 1287 1358 1315 levis
1391 1294 1549 1317 armaturae
1576 1286 1672 1318 incisi·-

152 1330 236 1360 sione
260 1331 415 1365 velitatus,
441 1332 561 1359 alterum
586 1338 787 1368 argumentum
821 1332 941 1367 eduxit,
969 1333 998 1361 in
1023 1336 1104 1370 quod
1127 1344 1227 1366 omnes
1252 1338 1471 1373 ,disputationis
1495 1348 1598 1368 nervos
1623 1341 1668 1369 in-

151 1382 306 1417 tenderet,
334 1389 453 1417 quoque
487 1390 571 1411 omne
600 1383 813 1412 controversiae
837 1391 1013 1413 momentum
1042 1394 1169 1422 vergeret
1198 1396 1230 1416 ac
1255 1389 1413 1425 niteretur,
1445 1392 1523 1426 quod
1546 1391 1669 1420 sentiens

151 1433 255 1463 cicero
270 1432 305 1460 ad
322 1431 502 1467 Lucullum,
534 1452 553 1466 ‚‚
573 1432 598 1460 si
613 1432 781 1468 omnino'’,
805 1434 901 1469 inquit
923 1436 1003 1472 (9),
1035 1455 1055 1471 ,‚
1075 1437 1148 1466 nihil
1171 1447 1254 1473 esse,
1279 1441 1358 1475 quod
1381 1441 1489 1477 percipi
1513 1442 1629 1477 possit,
1655 1451 1671 1471 a

156 1504 177 1521 „
196 1492 241 1512 me
263 1490 417 1517 sumsero,
437 1489 488 1517 et,
511 1484 590 1518 quod
605 1490 638 1512 tu
653 1484 724 1512 mihi
747 1485 816 1519 das,
837 1493 995 1521 accepero,
1016 1487 1172 1522 sapientem
1197 1490 1270 1518 nihil
1290 1491 1422 1527 opinari,
1443 1491 1574 1520 effectum
1597 1493 1670 1522 illud

154 1552 178 1572 ,‚
197 1535 273 1569 erit,
301 1533 456 1570 sapientem
479 1542 614 1563 assensus
639 1543 738 1563 omnes
760 1535 957 1565 cohibiturum
980 1538 1099 1576 (10).'’
1140 1540 1258 1570 Scilicet
1283 1541 1396 1570 obsedit
1427 1543 1576 1573 Arcesilas
1599 1552 1671 1573 con-

151 1585 323 1614 celebratam
347 1584 423 1613 illam
440 1586 599 1622 φαντασΙας
622 1591 834 1621 uam-amarescat,-
857 1587 1073 1625 definitionem,
1094 1591 1141 1619 cui
1157 1592 1230 1620 nihil
1249 1594 1419 1628 respondere
1434 1594 1560 1623 defendit
1579 1595 1667 1632 (102

154 1637 233 1666 unde
267 1636 419 1671 sequitur,
447 1637 556 1664 nullam
583 1645 646 1665 esse
673 1640 848 1676 κατάληψιν,
877 1639 927 1668 cui
955 1640 1012 1677 jam
1046 1641 1124 1670 nulla
1153 1646 1346 1679 καταληπτικὴ
1368 1648 1514 1682 <paui-aclas
1540 1647 1671 1683 subJ‘ecta

139 1676 197 1718 *sit
221 1687 322 1725 (12).
363 1686 437 1715 Tale
462 1687 552 1724 igitur
575 1687 673 1718 visum
699 1690 982 1728 comprehensibile,
1005 1693 1089 1728 quale
1107 1693 1258 1723 definiebat
1273 1694 1370 1732 Zeno,
1391 1697 1514 1727 inveniri
1533 1698 1667 1734 nullum,

1623 1757 1673 1779 va·

182 1801 237 1830 (ι)
258 1801 319 1822 sm.
342 1802 360 1823 1.
381 1802 397 1823 ι.
419 1799 438 1827 s.
455 1806 502 1829 ¹5¹·
524 1801 572 1824 cte.
592 1803 608 1825 ι.
627 1805 643 1826 ι.
759 1805 815 1836 (2)
837 1806 897 1829 sm.
918 1813 940 1830 et
961 1807 1007 1831 cte.
1022 1809 1037 1831 ι.
1057 1809 1072 1832 1.
1088 1815 1110 1832 c.
1125 1816 1146 1833 c.
1261 1810 1317 1839 (a)
1339 1811 1408 1835 ΑΜ·
1429 1811 1447 1834 1·
1472 1817 1506 1836 ¹2·

181 1842 237 1871 (4)
257 1843 319 1865 sext.
336 1844 353 1866 ι.
372 1844 387 1866 1.
410 1841 430 1869 ς.
445 1848 499 1869 ¹51,
516 1849 571 1870 ¹⁵4.
588 1849 638 1872 155.
770 1847 824 1876 (⁵)
846 1849 908 1872 Sext.
928 1851 943 1871 1-
964 1851 980 1871 1·
1001 1850 1021 1875 §.
1038 1856 1093 1878 ¹52,
1109 1855 1159 1877 153-

181 1883 237 1912 (6)
259 1884 322 1905 Sext.
342 1885 357 1906 1.
382 1885 397 1907 1.
417 1885 437 1913 ς.
454 1890 508 1911 152,
525 1891 579 1912 227,
595 1891 653 1913 252,
669 1891 718 1913 253·
835 1890 888 1916 (7)
908 1890 971 1913 Sext.
991 1893 1006 1914 ι,
1031 1893 1046 1913 1.
1066 1893 1084 1918 ς.
1101 1896 1148 1918 ¹53·
1263 1891 1315 1921 (8)
1331 1892 1393 1916 Sext.
1413 1891 1471 1915 ibid.
1491 1891 1511 1920 s.
1531 1898 1579 1921 ¹5⁴·

180 1924 235 1953 (9)
250 1924 322 1948 Asai,
341 1925 370 1948 ll.
391 1931 426 1946 αι·
571 1927 635 1954 (ιο)
657 1929 726 1951 conf.
748 1928 853 1952 Lactane.
877 1931 902 1952 D.
925 1932 942 1954 l.
969 1933 1007 1954 111.
1029 1940 1049 1954 c.
1066 1939 1087 1959 4.
1111 1933 1145 1955 κιο.
1163 1939 1185 1956 2·

181 1966 249 1994 (ιι)
265 1967 316 1989 Vid.
339 1966 460 1992 augnutn.
483 1973 560 1990 contr·
579 1967 651 1993 Acaa,
670 1969 710 1992 Ill.
732 1975 753 1992 c·
769 1976 792 1998 9·
810 1971 830 1996 f.
844 1977 877 1995 21.
896 1980 918 2001 p.
933 1979 982 1995 ιιι.
1004 1974 1031 1997 D.
1052 1975 1080 1998 ιι.
1100 1980 1120 1998 c.
1135 1974 1158 1997 6.
1182 1975 1251 2004 §.14
1279 1982 1304 2004 p.
1321 1981 1373 2000 που.
1391 1975 1416 1999 Ρ.
1433 1981 1457 2004 p.
1469 1981 1519 1999 ποι.
1541 1978 1574 2000 Α.

183 2006 250 2035 (12)
264 2007 326 2028 Sext.
345 2008 361 2032 ι,
384 2008 398 2029 Ι.
417 2008 436 2037 ς.
451 2013 505 2037 15⁴,
522 2013 572 2036 155.

928 2054 957 2084 H
