1913 2417
315 179 355 209 40
545 169 564 174 ”
654 171 689 200 P.
763 168 1486 207 J.UYLENBROEK

323 252 402 281 sicos
427 259 461 280 ex
488 252 608 282 veritate
630 253 757 287 dixisse,
787 252 875 282 fluida
902 253 931 282 in
956 253 1080 290 propriis
1113 253 1186 282 locis
1219 262 1277 283 non
1310 253 1458 290 gravitare.
1501 254 1576 283 Hui:
1601 254 1693 283 edicto
1709 275 1719 290 ,
1747 255 1826 291 quod

320 303 535 339 quodammodo
561 304 617 340 ipsi
648 303 768 331 dubium
807 303 940 339 videtur,
971 304 1101 340 sequenti
1134 305 1220 333 modo
1253 305 1401 333 clariorem
1439 304 1581 333 affunderc
1616 306 1707 333 lucem
1742 314 1827 334 cona-

322 360 381 383 tur.
424 375 441 392 ,‚
461 355 568 383 Omnes
597 354 752 390 particulae
774 354 856 383 fluidi
883 355 911 384 vi
942 355 1088 391 gravitatis
1110 363 1201 391 suae,
1231 356 1326 384 nisum
1356 356 1463 384 habent
1497 356 1592 384 locum
1622 355 1825 392 particularum

317 404 486 434 inferiorum
510 405 691 441 occupandi,
722 406 742 435 i.
769 414 795 433 e.
819 406 1025 442 descendendi,
1055 407 1104 435 sed
1128 407 1263 442 quoniam
1297 415 1396 436 omnes
1428 407 1584 442 particulae
1619 406 1670 434 hac
1693 405 1827 434 facultate

322 456 467 491 gaudent,
490 456 649 492 superiores
675 455 824 485 inferiores
848 458 914 485 loco
940 465 995 485 suo
1021 458 1125 499 pellere
1150 465 1208 486 non
1230 464 1365 493 possunt.
1406 458 1481 486 Hinc
1508 465 1606 486 omnes
1628 456 1658 484 in
1683 456 1778 491 quiete
1799 462 1826 484 et

317 506 491 541 aequilibrio
518 512 647 541 manent,
669 513 696 534 et
716 507 784 535 haec
810 516 896 536 causa
918 514 980 542 est,
1007 516 1063 535 cur
1081 507 1203 543 fluidum
1235 509 1267 536 in
1284 508 1375 542 fluido
1408 509 1574 546 homogeneo
1594 507 1758 546 ponderari
1780 514 1827 534 nc:-

320 562 420 592 queat.
461 557 613 595 Quidquid
636 557 756 586 bilancis
786 567 841 594 ope
864 559 1057 594 ponderatur,
1085 558 1158 586 iilud
1183 558 1349 587 descendere
1369 560 1459 596 possit
1484 567 1599 587 necesse
1624 565 1687 587 est:
1721 557 1827 586 idcirco

317 606 392 636 lanei
430 607 585 637 bilancium
620 616 727 645 corpus
760 609 909 645 affigitur,
942 616 972 637 ut
1008 609 1170 644 inquiratur
1189 629 1200 645 ,
1237 618 1358 645 quanam
1389 609 1418 638 vi
1442 609 1471 637 in
1496 618 1585 638 vacuo
1616 610 1661 637 vel
1686 609 1715 637 in
1737 607 1831 645 fluida

322 658 447 693 quodam
482 659 650 688 descendere
687 659 822 694 nitatur,
857 660 905 689 vel
937 668 1022 695 quam
1055 668 1140 696 grave
1165 660 1217 689 sit.
1266 660 1342 688 I-Iinc
1371 668 1500 696 corpus,
1531 659 1611 695 quod
1640 659 1830 695 ponderatur,

316 716 428 744 semper
454 709 569 745 gravius
593 718 656 740 esse
680 710 762 739 debet
783 711 890 747 fluido,
911 711 941 740 in
963 719 1021 748 quo
1043 711 1226 747 ponderatur.
1266 711 1351 740 Unde
1378 718 1428 746 per
1452 718 1482 738 se
1507 715 1604 745 patet,
1634 708 1745 737 nullum
1762 708 1831 744 stui-

314 758 382 788 dum
412 760 444 788 in
465 760 556 795 fluido
586 762 750 798 homogeneo
779 762 829 798 (i.
855 770 880 791 e.
912 762 1038 799 ejusdem
1064 762 1214 790 densitatis
1231 782 1242 797 ‚
1271 762 1318 790 vel
1346 760 1520 798 gravitatis)
1551 759 1715 798 ponderari
1738 766 1830 798 posse.

315 810 402 848 Quod
423 811 448 838 si
469 817 576 840 veteres
598 815 750 841 enunciare
773 813 951 848 voluerunt,
974 813 1009 841 iis
1032 813 1085 840 erit
1106 812 1364 842 concedendum.’'

357 861 466 890 Eodem
493 863 579 890 modo
604 862 746 899 improbat
769 863 968 900 Hesselingius
983 864 1171 898 methodum,
1193 872 1249 899 qua
1265 866 1314 892 aer
1336 864 1366 892 in
1386 865 1449 893 aere
1474 863 1553 900 globi
1572 863 1655 891 vitrei
1677 871 1732 897 ope
1754 870 1832 899 pon·

317 913 447 948 deratur3
478 913 612 948 quoniam
643 915 760 951 proprie
783 922 842 943 non
866 916 914 943 aet
939 915 1132 951 ponderatur,
1161 915 1210 942 sed
1237 920 1345 943 tantum
1374 915 1539 951 exploratur
1571 913 1729 942 differentia
1754 914 1829 942 inter

318 963 389 991 duas
420 963 544 1000 jacturas
567 971 628 994 tum
651 966 751 1002 globi,
781 974 837 1001 qua
860 965 944 1000 talis,
973 966 1035 993 aere
1054 965 1158 1000 vacui,
1189 971 1250 994 tum
1282 965 1350 994 vitri
1374 965 1493 1002 globum
1524 964 1731 993 constituentis
1762 969 1832 1000 post

316 1014 404 1042 aerem
433 1015 599 1044 admissum.
643 1015 706 1052 Jam
741 1023 808 1044 vero
835 1015 968 1050 quaerit,
997 1020 1093 1043 utrum
1125 1016 1239 1050 pondus
1277 1024 1366 1051 aquae
1394 1016 1520 1051 lagenam
1548 1015 1715 1051 implentis,
1741 1021 1768 1042 et
1800 1014 1832 1043 in

316 1072 389 1099 aqua
411 1065 599 1099 ponderatae,
631 1072 658 1093 et
682 1066 799 1100 pondus
825 1065 899 1095 aeris
928 1065 1045 1101 globum
1071 1066 1239 1102 implentis,
1265 1072 1293 1094 et
1314 1066 1344 1094 in
1373 1068 1437 1094 a'ere
1458 1066 1627 1101 ponderati,
1656 1066 1715 1094 sint
1737 1073 1833 1093 revera

315 1115 434 1150 pondus
455 1115 533 1144 illius
560 1125 667 1145 massae
690 1124 780 1152 aquae
805 1122 831 1144 et
857 1115 947 1151 aeds,
977 1124 1029 1144 nec
1052 1125 1099 1146 ne.
1139 1117 1252 1146 Asserit
1273 1117 1403 1152 equidem
1428 1116 1630 1154 I-Iesselingius
1652 1116 1770 1153 pondus
1789 1115 1834 1144 in·

319 1172 436 1194 ventum
459 1174 522 1194 esse
543 1175 636 1196 revera
662 1167 776 1203 pondus
801 1175 891 1203 aquae
913 1173 940 1195 et
963 1167 1056 1203 aeris,
1077 1167 1166 1197 solito
1191 1169 1277 1197 modo
1302 1169 1460 1205 explorati,
1482 1170 1531 1197 sed
1552 1173 1635 1205 negat
1657 1168 1734 1197 illam
1759 1174 1830 1196 con-

317 1217 496 1253 clusionem,
518 1218 593 1246 unde
613 1219 728 1254 pondus
751 1218 824 1246 illud
847 1218 1055 1255 cognoscitur,
1075 1219 1186 1248 scilicet
1207 1228 1241 1249 ex
1265 1229 1317 1256 eo,
1340 1221 1420 1255 quod
1441 1228 1513 1255 aqua
1535 1221 1685 1257 lagenam,
1707 1218 1752 1247 vel
1783 1219 1832 1246 a'et

317 1269 437 1308 globum
469 1269 670 1304 impleverint,
692 1277 754 1298 esse
771 1269 937 1306 legitimam.
977 1269 1047 1298 Non
1070 1270 1182 1299 dubitat
1205 1271 1239 1300 de
1263 1271 1383 1300 veritate
1400 1271 1622 1306 conclusionis,
1650 1270 1699 1299 sed
1721 1274 1835 1297 tantum

316 1320 351 1347 de
375 1320 482 1355 modo,
512 1327 571 1355 quo
594 1320 628 1348 ad
645 1319 722 1348 illam
747 1320 964 1349 conclusionem
989 1321 1078 1357 vulgo
1102 1322 1271 1357 perveniunt
1289 1322 1406 1358 physici
1425 1324 1503 1358 (1).
1545 1322 1630 1351 Unde
1649 1326 1742 1348 autem
1766 1319 1835 1354 fiat,

317 1370 397 1405 quod
421 1371 476 1398 boc
509 1370 594 1398 modo
620 1370 737 1406 pondus
768 1370 847 1399 illius
873 1379 963 1406 aquae
994 1371 1040 1400 vel
1073 1371 1147 1400 aeris
1179 1379 1275 1400 exacte
1306 1373 1486 1408 inveniatur,
1511 1373 1689 1400 demonstrat
1713 1378 1776 1398 esse
1799 1377 1836 1398 ex

315 1428 370 1455 eo,
404 1421 484 1456 quod
516 1420 673 1449 differentia
697 1421 771 1450 inter
801 1422 872 1450 duas
908 1423 971 1451 illas
1005 1424 1131 1460 jacturas
1162 1424 1248 1452 modo
1281 1429 1478 1458 memorataS,
1513 1422 1554 1451 sit
1584 1422 1711 1458 praecise
1742 1428 1837 1450 massa

315 1470 457 1506 ejusmodi
482 1476 591 1506 aquae,
611 1479 639 1500 et
665 1471 758 1506 aeris,
779 1473 904 1508 lagenam
928 1474 974 1501 vel
996 1474 1114 1510 globum
1140 1474 1295 1509 implentis.
1338 1474 1450 1502 Etenim
1468 1494 1478 1509 ,
1501 1475 1558 1510 (ut
1583 1475 1617 1502 de
1641 1474 1701 1502 acre
1721 1478 1834 1501 tantum

315 1522 488 1556 loquamur,
516 1529 582 1550 nam
608 1522 642 1550 de
664 1530 737 1557 aqua
762 1523 859 1551 eodem
885 1523 1010 1559 recidit)
1031 1525 1135 1561 globus
1158 1527 1222 1554 aere
1244 1533 1377 1561 vacuus,
1406 1526 1436 1554 in
1455 1528 1519 1554 ae're
1544 1525 1740 1560 ponderatus,
1761 1531 1837 1559 pon-

317 1572 391 1600 deris
420 1573 560 1608 jacturam
595 1574 723 1609 patitur,
762 1580 898 1609 quantum
924 1575 1059 1604 volumen
1088 1576 1161 1605 acris
1179 1597 1189 1611 ,
1226 1577 1343 1612 aequale
1370 1577 1480 1613 globo,
1510 1577 1671 1612 ponderat.⁴
1705 1574 1761 1603 Sed
1785 1573 1837 1602 ubi

317 1625 365 1651 a‘dr
391 1623 470 1651 intus
499 1623 684 1660 admittatur,
713 1626 824 1654 vitrum
849 1633 906 1654 eam
931 1632 1043 1655 tantum
1068 1627 1204 1662 ponderis
1226 1628 1366 1664 jacturam
1392 1627 1518 1663 patitur,
1551 1635 1623 1662 quac
1647 1632 1690 1655 est
1707 1623 1834 1661 aequalis

316 1674 436 1710 ponderi
458 1674 533 1703 aeriS
554 1676 755 1712 comprehensi
780 1676 834 1704 sub
863 1677 1011 1706 volumine
1037 1677 1162 1714 ejusdem
1191 1676 1268 1705 vitri.
1315 1678 1391 1705 Hinc
1413 1676 1561 1706 volumine
1585 1677 1653 1704 vitri
1672 1684 1692 1717 ‚³
1714 1673 1837 1703 volumi-

317 1734 353 1754 ne
375 1726 467 1754 totius
492 1725 571 1761 globi
596 1726 758 1762 abstracto,
789 1734 912 1756 remanet
943 1728 1086 1763 capacitas
1121 1728 1239 1756 interior
1264 1727 1364 1764 globi,
1393 1727 1414 1756 i.
1439 1735 1464 1756 e.
1482 1726 1587 1763 globus
1607 1726 1721 1759 aereus,
1749 1725 1837 1761 qu'us

320 1777 434 1810 pondus
461 1776 558 1811 itaque
583 1777 750 1812 iuvenitur,
777 1787 835 1808 non
859 1779 966 1807 directe
988 1779 1069 1807 illum
1089 1779 1293 1816 ponderando,
1323 1785 1356 1807 ut
1378 1784 1484 1815 putant
1509 1776 1594 1804 ceteri
1622 1776 1757 1812 Physici,
1785 1776 1837 1805 sed

320 1826 446 1861 jacturae
471 1827 625 1862 utriusque
651 1828 835 1858 differentiam
864 1829 1013 1858 sumendo.

359 1876 455 1904 Finem
489 1877 602 1906 tandem
633 1878 699 1907 huic
729 1888 797 1909 suae
826 1880 1019 1911 dissertationi
1047 1879 1249 1918 Hesseiingius
1273 1880 1426 1918 imponit,
1454 1879 1723 1915 animadvertendo,
1752 1878 1838 1906 etiam

1725 1928 1754 1966 J·
1775 1928 1842 1957 Bel·-

351 1993 402 2020 (t)
423 1993 493 2016 Conf.
517 2000 540 2020 p.
559 1993 591 2015 Μ.
614 1994 662 2019 ι’,ῑιις
684 1993 773 2018 dissert.
