1913 2417
325 195 367 231 34
773 196 1340 232 ANNOTATIONES.

323 301 420 332 quam
453 292 553 324 multa
585 293 727 336 experire
755 291 804 323 vel
831 290 965 334 probare
1002 297 1130 333 possent
1161 290 1246 334 apud
1275 290 1428 332 artifices,
1466 291 1585 337 quibus
1612 293 1720 327 eadem
1740 305 1794 329 ex·

323 346 408 379 culta
437 359 454 379 a
480 359 512 380 se
543 356 574 380 et
598 351 665 380 suis
687 349 825 379 inventis
851 346 980 378 adaucta
1013 353 1085 390 post
1110 354 1317 390 reportarent.

1191 419 1204 437 (

366 461 434 499 (4)
460 462 489 491 Ρ.
520 470 568 504 19.
614 461 764 501 Quaestio
788 461 827 492 de
850 461 1073 493 convenientia
1092 461 1264 494 Affinitatis
1292 473 1365 494 cum
1401 462 1543 495 motibus
1574 463 1795 498 Electricitatis

322 521 354 546 et
382 515 420 547 de
449 518 616 560 utriusque
639 528 712 549 cum
739 517 864 557 calore,
896 517 991 549 habet
1022 518 1104 549 hanc
1129 518 1367 559 difficultatem,
1404 527 1442 550 ut
1468 531 1541 551 cum
1572 523 1635 551 sint
1660 528 1722 552 tam
1745 523 1796 554 ine

318 572 395 602 time
444 574 613 614 conjuncta
633 596 642 613 ‚
688 584 756 606 non
805 575 1033 617 perspiciamus
1081 585 1239 618 quaenam
1281 586 1391 607 eorum
1434 576 1620 607 anievedant
1638 601 1647 615 ,
1696 589 1794 620 quae-

317 638 394 658 nam
426 637 672 672 consequantur.
727 632 907 662 Commune
935 641 1048 662 eorum
1074 631 1241 663 vinculum
1277 643 1351 663 cum
1394 632 1542 675 Hisinger
1572 639 1603 663 et
1638 633 1797 666 Berzelius

316 683 431 724 (Arm.
458 685 500 717 de
534 686 665 719 Clu'mz'c.
695 693 786 727 t.15.
822 699 856 731 p.
878 687 975 731 167.)
1009 686 1249 730 patefecerunt,
1284 687 1482 720 ostendendo
1518 689 1793 731 quemadmodum

315 749 516 782 oxygeneum
553 749 585 773 et
609 743 698 774 acida
729 743 768 775 ad
793 743 909 786 polum
941 744 1141 787 positivum,
1177 751 1287 776 contra
1321 744 1584 788 hydrogeneum,
1616 751 1647 775 et
1684 745 1794 776 alcalia

314 807 389 827 cum
424 798 515 830 terris
549 805 579 830 et
605 798 740 831 metallis
766 799 806 832 ad
831 799 948 843 polum
977 803 1155 843 negativum
1188 808 1413 840 moverentur,
1437 809 1506 832 tum
1534 803 1625 843 Davy
1651 802 1685 832 in
1713 807 1796 833 noto

313 851 370 883 illo
408 854 648 887 Commentario
683 867 769 887 anno
809 856 888 899 1807
912 856 1000 888 edito
1040 857 1106 898 (in
1136 856 1252 888 Philos.
1293 859 1429 895 Trans.)
1462 858 1552 889 omni
1593 857 1794 890 dubitatione

313 911 440 942 exemit.
496 911 651 942 Berzelius
687 912 752 943 vim
785 913 1078 955 experimentorum
1110 913 1208 944 nimis
1239 914 1306 956 ipse
1341 920 1496 957 cognorat
1531 925 1628 957 quam
1655 920 1692 944 ut
1721 924 1794 957 ope-

312 975 379 995 ram
421 977 511 997 suam
557 968 590 998 iu
633 967 792 1010 fingendis
826 969 1092 1012 explicationibus
1121 976 1352 1008 consumeret,
1391 977 1445 1001 aut
1476 973 1540 1002 suis
1576 971 1793 1012 conjecturis,

310 1032 390 1064 quas
426 1022 584 1065 protulit,
617 1034 771 1065 magnum
804 1032 1004 1057 momentum
1041 1025 1206 1058 tribueret.
1259 1026 1298 1058 In
1329 1027 1560 1058 commentario
1588 1026 1714 1068 anglico
1735 1037 1797 1059 au·

312 1082 376 1108 tem
400 1078 561 1121 specimen
583 1078 679 1110 fuisse
704 1081 950 1122 argumentandi
974 1080 1014 1113 de
1035 1081 1130 1113 rebus
1158 1088 1223 1112 tam
1249 1081 1410 1122 obscuris,
1441 1093 1554 1113 omnes
1575 1076 1797 1116 consentiunt.

309 1132 382 1175 lpse
419 1141 530 1166 auctor
557 1135 590 1167 id
621 1135 768 1178 probavit
800 1147 874 1168 cum
904 1148 1005 1180 paene
1032 1138 1142 1169 animo
1166 1137 1348 1180 provideret
1371 1148 1408 1169 ea
1437 1149 1519 1181 quae
1547 1144 1677 1181 postero
1704 1148 1796 1170 anno

309 1189 567 1232 splendidissima
593 1193 735 1236 reperit:
768 1193 794 1224 si
822 1193 933 1225 eadem
971 1194 1059 1226 acida
1088 1200 1120 1225 et
1150 1193 1258 1225 alealia
1274 1217 1285 1232 ,
1316 1205 1399 1237 quae
1431 1194 1632 1226 electricitate
1654 1195 1720 1237 jam
1743 1205 1793 1226 se·

310 1254 495 1288 paraverat,
520 1248 636 1279 iterum
665 1248 720 1280 sed
744 1250 858 1292 majori
878 1251 912 1282 vi
940 1249 1084 1281 electrica
1112 1256 1270 1288 tentaret,
1295 1250 1363 1293 ipsa
1388 1250 1551 1294 disjungi,
1574 1261 1686 1282 eorum
1709 1261 1791 1293 oxy-

312 1313 450 1345 geneum
485 1303 525 1335 ad
556 1304 667 1348 polum
695 1306 869 1348 positivum
887 1329 896 1346 ,
925 1304 1015 1337 bases
1039 1316 1117 1338 vero
1152 1311 1255 1349 (quas
1279 1318 1317 1338 ex
1343 1306 1495 1338 alcalibus
1518 1308 1564 1338 sic
1583 1307 1724 1350 primum
1741 1306 1793 1338 eli-

309 1361 399 1400 cuit)
425 1359 464 1391 ad
484 1362 669 1402 negativum
689 1361 824 1401 attrahi3
847 1362 953 1406 itaque
968 1358 1093 1394 nullam
1107 1373 1175 1394 esse
1194 1365 1262 1394 vim
1287 1362 1456 1395 affinitatis
1474 1369 1592 1394 tantam
1611 1373 1707 1406 quam
1724 1372 1795 1395 non

309 1425 459 1458 superare
484 1423 590 1459 posset
618 1417 666 1448 vis
688 1418 789 1459 major
807 1417 953 1450 electrica
976 1419 1147 1462 impressa;
1167 1430 1241 1450 cum
1270 1426 1375 1451 autem
1396 1426 1566 1463 apparatus
1591 1419 1701 1461 gignat
1719 1418 1791 1449 duo

308 1482 424 1513 genera
458 1471 671 1504 electricitatis
704 1475 881 1516 contraria,
911 1486 1016 1517 neque
1043 1476 1105 1507 nisi
1136 1464 1280 1507 electrica
1305 1476 1448 1519 ejusdem
1479 1476 1603 1519 generis
1628 1474 1792 1506 discedere

309 1528 454 1566 soleant,
487 1530 577 1571 sequi
602 1536 638 1560 ut
662 1530 834 1572 particulae
861 1532 1052 1573 conjunctae
1087 1533 1152 1574 jam
1181 1538 1286 1563 essent
1314 1532 1476 1563 electricae
1508 1533 1634 1575 generis
1661 1537 1791 1562 contra·

309 1585 368 1621 rii,
392 1585 458 1615 imo
487 1592 617 1628 propter
641 1586 782 1629 idipsum
805 1587 995 1628 conjunctae
1021 1594 1145 1626 essent3
1167 1588 1311 1630 utrisque
1340 1599 1416 1619 vero
1438 1587 1546 1620 addito
1570 1598 1685 1631 genere
1710 1597 1789 1619 con-

310 1640 423 1677 trario,
458 1642 502 1672 sic
535 1641 606 1672 fieri
627 1641 786 1673 electrinas
811 1643 953 1684 ejusdem
975 1646 1100 1686 generis
1119 1668 1128 1682 ,
1154 1645 1290 1686 ideoque
1302 1645 1459 1687 separari.
1505 1646 1624 1686 Estque
1642 1643 1717 1674 haec
1732 1643 1787 1675 illa

310 1694 494 1729 electricitas
525 1700 652 1741 propria
671 1698 897 1739 particularum
922 1699 960 1731 de
979 1711 1041 1742 qua
1067 1707 1131 1731 tam
1155 1700 1255 1730 multa
1275 1700 1467 1733 audivimus.
1515 1700 1553 1730 In
1578 1710 1641 1742 qua
1665 1699 1784 1730 doctri-

308 1761 350 1782 na
381 1759 488 1784 tamen
521 1755 714 1797 requirimus
747 1761 782 1785 ut
816 1762 897 1786 esset
934 1757 1035 1798 magis
1071 1763 1282 1787 consentanea
1317 1757 1356 1787 iis
1389 1766 1470 1799 quae
1503 1755 1543 1787 de
1581 1755 1784 1786 electricitate

309 1817 482 1840 massarum
507 1812 744 1853 cognovimu33
774 1822 911 1854 quarum
946 1823 1033 1842 nunc
1059 1810 1145 1843 t'auta
1171 1823 1240 1843 esse
1273 1812 1398 1843 videtur
1421 1812 1651 1854 repugnantia,
1672 1817 1708 1842 ut
1725 1821 1782 1842 ne-

308 1874 392 1895 cesse
418 1866 459 1896 sit
487 1873 541 1897 aut
571 1866 652 1897 hauc
678 1866 856 1898 doctrinam
886 1867 995 1899 falsam
1018 1879 1107 1906 esse,
1140 1875 1194 1899 aut
1223 1875 1360 1899 veterem
1384 1869 1574 1899 senteutiam
1598 1878 1664 1898 esse
1685 1866 1783 1909 longe

309 1920 505 1953 mutandam.
559 1924 633 1953 Duo
664 1934 730 1954 esse
756 1923 899 1955 eleon-ica
929 1925 1054 1966 generis
1075 1925 1247 1964 contrarii,
1281 1924 1357 1955 haec
1384 1930 1490 1955 autem
1516 1923 1679 1963 accedere,
1703 1933 1780 1954 con-

308 1980 354 2005 tra
379 1975 522 2007 electrica
544 1977 686 2020 ejusdem
713 1981 836 2023 generis
858 1980 1020 2023 recedere,
1047 1981 1086 2014 de
1117 1982 1156 2014 iis
1186 1983 1269 2014 iuter
1293 1980 1401 2014 ambas
1431 1982 1592 2013 convenit.
1638 1979 1699 2012 Sed
1731 1979 1783 2009 in·

1719 2040 1782 2073 ter·
