1913 2417
614 169 1178 204 ANNOTATIONES.
1596 160 1640 206 39

163 277 231 298 non
264 264 390 297 numeri
423 262 648 307 particularum
683 263 928 305 conjunctarum
962 263 1130 306 utriusque
1161 264 1305 306 corporis
1335 260 1474 293 habeant
1497 257 1632 290 eandem

163 323 342 360 rationem3
372 331 481 352 annon
513 331 578 350 lma
615 318 767 362 particula
795 321 877 350 azoti
908 320 1079 362 conjuncta
1110 319 1150 350 *it
1180 330 1254 350 cum
1283 330 1348 350 una
1376 316 1530 362 particula
1553 323 1631 356 oxy-

163 380 256 422 genei
292 381 326 410 in
361 379 466 421 primo
483 400 492 414 ,
522 388 588 407 una
619 376 772 420 particula
801 377 881 407 azoti
906 387 979 407 cum
1005 375 1131 407 duabus
1153 376 1316 419 particulis
1340 374 1497 418 oxygenei
1525 372 1559 402 in
1583 381 1632 402 se-

162 435 294 473 cundo,
332 441 391 466 etc.
457 432 553 472 Quod
582 432 609 463 si
640 433 669 463 ei
702 433 915 469 concedatur,
948 434 1093 474 sequitur
1122 439 1158 464 ut
1186 433 1314 475 pondus
1341 430 1518 476 particulae⁴
1550 426 1633 459 azoti

159 490 273 522 haheat
306 500 378 520 cum
409 489 550 532 pondere
577 489 748 531 particulae
776 489 932 532 oxygenei
958 490 1115 520 rationem
1147 498 1206 532 175
1232 500 1240 521 ε
1270 500 1328 522 ιοο
1352 489 1404 520 vel
1431 498 1459 520 1.
1485 496 1524 530 75
1549 496 1557 517 t
1586 495 1598 517 1
1618 494 1634 523 ς.

158 548 234 578 item
266 545 392 590 pondus
427 545 599 588 particulae
628 546 771 577 carbonii
801 557 874 577 cum
909 546 1049 588 pondere
1084 546 1257 589 particulae
1290 545 1449 588 oxygenio
1474 543 1634 575 rationem

157 613 201 647 75
227 613 236 634 ε
264 614 324 636 100
348 602 399 634 vel
427 613 458 634 o.
480 612 521 646 75
547 614 556 634 ε
585 612 595 634 1
620 614 629 641 ;
660 601 796 645 ideoque
830 602 972 645 pondera
1003 603 1232 645 particularum
1254 603 1336 632 azoti
1361 608 1392 632 et
1413 600 1557 632 carbonii
1582 599 1633 629 in·

159 667 207 691 ter
230 670 262 691 se
293 670 317 692 1.
345 669 384 702 75
409 671 417 690 z
441 670 473 690 o.
499 669 550 702 75.
612 661 730 701 Estque
760 658 820 690 hoc
849 659 1044 702 principium
1075 670 1141 702 quo
1162 660 1221 690 ista
1256 658 1396 696 Theoria
1421 657 1561 688 atomica
1589 655 1636 686 ni·

157 717 258 754 titur,
299 727 396 759 quam
435 727 523 746 nunc
563 715 709 758 plerique
750 715 913 747 adhibent.
979 715 1040 746 Sed
1072 715 1125 746 bic
1159 716 1321 758 imprimis
1343 713 1523 757 perieulum
1551 710 1635 743 illud

156 779 228 811 est,
265 783 307 804 ne
342 771 488 802 facilitate
522 782 732 802 numerorum
767 771 963 802 adducamur
988 778 1024 802 ut
1053 772 1320 814 compositionem
1350 771 1492 813 aliquam
1520 779 1635 812 perpe-

159 840 227 861 ram
271 835 500 866 statueremus3
531 828 629 870 idque
660 827 822 859 interdum
852 826 970 859 factum
1000 838 1068 859 esse
1097 838 1155 870 pro
1184 827 1374 871 corporibus
1402 825 1635 870 vegetabilibus

157 891 189 917 et
223 877 437 923 animalibus‚‘
469 883 526 915 ubi
560 883 637 915 haec
666 883 848 915 difficiliora
881 890 982 922 sunt,
1014 885 1077 927 ipsi
1110 883 1274 924 fatentur,
1306 884 1363 928 qui
1393 894 1534 915 errorem
1566 882 1636 913 suis

155 943 382 986 experimentis
416 947 636 972 correxerunt.
701 940 909 984 computatio
943 941 1071 984 itaque,
1102 948 1139 972 ut
1166 943 1286 982 statui,
1318 940 1455 971 maxime
1483 939 1536 970 hic
1559 938 1636 969 usui

157 1005 206 1031 est
237 998 277 1029 ad
308 1008 438 1041 operam
471 1000 765 1041 experimentorum
796 996 1018 1040 dirigendam3
1047 998 1082 1029 in
1111 998 1189 1041 ipsis
1216 1004 1323 1029 autem
1352 996 1510 1028 conducet
1538 995 1634 1025 ratio-

157 1066 233 1087 nem
269 1056 358 1098 sequi
388 1063 669 1092 astronomorum,
702 1053 860 1085 sumendo
888 1064 1040 1085 numeros
1072 1053 1221 1094 medios,
1250 1064 1364 1087 eorum
1392 1063 1474 1096 quos
1496 1050 1633 1095 singuli-s

158 1111 385 1155 experimentis
417 1111 633 1150 invenerunt,
664 1120 723 1153 pro
753 1110 973 1153 experimento
1006 1111 1173 1144 universo.
