1913 2417
258 182 300 216 fil
531 178 765 220 JACOBI
820 176 1139 210 HERMANI
1190 176 1502 208 PHJLH‘sE
1583 178 1599 200 ’ὅ

263 265 323 296 ·ubi
348 265 480 296 ultimum
513 266 691 294 domicilium
719 262 855 293 habuerat
877 262 1012 298 Absens3
1039 270 1104 291 cum
1131 261 1177 291 hie
1202 261 1347 297 'profecto
1371 260 1480 298 optime
1504 260 1566 297 ejus
1600 258 1714 289 vivendi
1737 265 1784 290 τι·

260 317 336 352 tio,
356 323 383 347 et
406 316 520 351 omnia,
544 325 615 352 quae
639 316 674 345 ad
699 315 793 350 ipsius
814 320 918 343 statum
943 313 1104 350 pertinent,
1133 314 1265 350 cognatis
1290 320 1318 342 et
1342 313 1444 343 amicis
1471 312 1666 344 innotuerint.
1705 313 1781 342 Haec

268 375 364 399 autem
389 368 459 397 satis
485 368 642 404 probabilis
665 367 777 395 videtur
806 375 926 401 caussa,
948 374 1005 394 -cur
1032 365 1106 393 illud
1134 364 1275 402 judicium
1308 365 1478 401 permissum
1510 363 1598 392 fuerit
1630 363 1784 395 Tvrihunaii

260 419 366 451 &ultimi
389 419 537 449 domicilii.
577 417 687 453 Neque
707 426 775 447 vero
788 417 865 446 ·huic
894 418 1048 446 sententiae
1071 426 1105 446 ex
1126 425 1159 446 eo
1184 420 1295 447 tantum
1327 418 1441 454 quidem
1466 424 1642 447 momentum
1658 417 1780 446 -videtur

268 472 402 502 accedere
436 471 538 508 (quae
561 470 701 499 sententia
722 477 767 499 est
788 470 956 499 Proudbom'
979 470 1021 499 ad
1036 471 1067 501 h.
1094 469 1167 505 1.),
1196 470 1276 505 quod
1304 469 1452 499 successio
1477 477 1511 498 eo
1545 469 1612 497 loco
1635 468 1782 503 defertur,

263 523 320 553 vbi
346 522 480 552 ultimum
512 521 689 551 domicilium
713 522 849 551 habuerat
865 521 1020 553 defunctus
1037 530 1100 553 att.
1123 531 1206 559 110.;
1230 523 1377 558 adeoque,
1398 530 1464 550 cum
1486 521 1520 551 tie
1535 520 1671 550 omnibus
1698 528 1784 557 quae-

268 574 420 604 stionibus
451 582 483 603 ac
515 573 707 609 petitionibus
734 574 770 602 ad
799 575 1011 603 successionem
1040 574 1254 612 pertinentibus
1287 565 1409 612 iudicari
1435 573 1535 602 debeat
1562 581 1596 601 eo
1617 573 1706 606 loco,
1735 572 1786 600 ubi

269 625 420 655 successio
444 625 593 661 defertur,
617 631 680 654 art.
705 626 797 660 822„
819 625 971 655 declaratio
996 626 1053 656 alio
1078 627 1114 655 in.
1128 626 1195 656 loeo
1215 626 1275 655 fieri
1297 634 1357 655 non·
1380 632 1497 662 potest:
1516 633 1582 654 uam
1602 625 1669 653 licet
1686 624 1785 653 eedem

259 682 401 712 'ternpore
421 676 556 705 declarari
579 676 674 712 possit
698 676 857 712 Absentia,
879 684 907 707 et
931 677 1019 706 simul
1043 679 1139 708 eadem
1167 678 1307 707 sententia
1332 677 1434 706 missio
1449 677 1479 705 in
1501 676 1716 713 possessionem
1733 674 1788 703 bo-

269 735 377 758 norum
391 728 536 762 concedi,
559 734 591 756 ut
619 728 684 756 dein
707 727 890 764 videbimus,
917 737 979 759 non
1004 736 1099 759 tamen
1130 731 1198 758 haee
1230 737 1343 766 semper
1371 729 1513 765 petitione
1544 728 1784 765 conjunguntur,

266 785 301 808 et
325 780 419 816 primo
443 786 555 808 tantum
581 786 714 809 movetur
737 781 867 815 quaestio
885 787 1002 818 status,
1024 782 1043 811 i.
1066 790 1092 811 e.
1118 780 1294 817 inquiritur,
1315 789 1350 809 an
1374 788 1468 808 revera
1485 779 1670 808 de'Absente
1692 778 1787 807 omnia

272 836 332 860 tam
358 831 465 860 incerta
485 831 562 866 sint,
584 838 615 859 ut
640 832 750 867 reliqua
773 831 879 860 auxilia
901 832 1028 861 adhiberi
1048 840 1164 861 necesse
1188 832 1227 860 sit
1252 840 1286 860 eo
1310 840 1422 867 scopo,
1449 837 1484 858 -ut
1507 831 1619 859 tandem
1641 830 1677 859 ad
1695 829 1785 866 legiti-

266 889 348 911 mam
377 882 532 911 Absentiae
554 882 772 910 declarationem
796 884 949 918 procedere
966 885 1075 920 liceat,
1098 890 1161 913 art.
1187 892 1273 921 ‘¹¹52’
1294 892 1353 921 sqq.
1373 883 1404 919 j.
1431 888 1492 912 afit.
1515 890 1577 911 120.
1621 881 1697 910 Cum
1719 888 1787 909 vero

269 933 432 962 absurdum
456 933 530 962 foret
556 933 708 962 Tribunali
728 933 880 970 utriusque
903 936 984 970 loci,
1006 941 1034 963 et
1059 934 1152 964 ultimi
1178 934 1335 969 domicilii,
1361 939 1389 962 et
1411 934 1527 962 ultimae
1554 924 1788 961 commorationis

278 984 366 1014 simul
398 984 563 1013 facultatem
587 986 706 1013 concedi
734 987 906 1015 sententiam
935 987 1043 1015 ferendi
1059 1007 1069 1022 ,
1098 994 1164 1015 cum
1193 985 1317 1014 fort-asse
1342 986 1498 1020 utriusque
1525 985 1598 1012 idem
1627 984 1661 1012 de
1685 984 1737 1011 hac
1761 991 1790 1012 re

276 1036 417 1074 judicium
438 1043 497 1064 non
521 1037 579 1071 sit,
609 1036 719 1070 optime
742 1043 852 1065 tantum
874 1038 903 1065 in
928 1043 1052 1073 utroque
1070 1037 1138 1065 loco
1172 1042 1260 1064 testes
1285 1035 1376 1063 audiri
1406 1034 1537 1070 placuit,
1566 1041 1594 1063 et
1617 1034 1789 1064 sententiam

273 1095 294 1116 a
320 1088 385 1116 solo
407 1087 561 1117 Tribunali
582 1087 722 1116 domicilii
744 1088 832 1124 ferri,
859 1088 999 1125 quoniam
1027 1089 1074 1117 hic
1100 1087 1269 1124 pierumque
1289 1085 1406 1122 cognati
1430 1086 1552 1114 certiora
1574 1085 1609 1114 de
1634 1094 1670 1114 eo
1690 1084 1794 1114 indicia.

275 1138 391 1168 afferre
409 1144 558 1175 possunt,
587 1147 672 1175 quam
700 1139 730 1168 in
750 1140 847 1175 loco,
858 1140 917 1168 ubi
940 1148 1148 1176 nonnunquam
1176 1145 1289 1168 tantum
1310 1137 1566 1166 commorabatur.
1592 1135 1692 1166 Haec
1723 1139 1791 1166 vero

264 1187 538 1225 disceptationibus
561 1189 590 1217 in
613 1189 750 1219 Concilio
774 1190 915 1227 supremo
938 1192 1044 1220 habitis
1066 1192 1105 1221 ita
1132 1191 1336 1225 illustrantur,
1357 1196 1389 1218 ut
1410 1189 1456 1217 hic
1477 1189 1560 1217 locus
1580 1187 1652 1217 nihil
1675 1187 1788 1216 dubita·

265 1239 368 1269 ‚tlonis
396 1239 499 1268 habere
531 1239 680 1277 videatur3
702 1240 795 1271 conf.
825 1242 941 1279 Locre,
970 1251 1002 1279 p.
1026 1252 1092 1281 344.
1124 1248 1152 1271 et
1181 1242 1356 1278 Conferenoe
1384 1240 1426 1271 du
1456 1240 1525 1271 Cod.
1559 1239 1623 1271 Civ.
1651 1238 1742 1270 Tom.
1764 1239 1790 1269 1.

277 1299 308 1328 p.
332 1299 396 1328 301.
1400 1305 1403 1309 ·

320 1342 368 1370 Sic
395 1341 483 1378 igitur
510 1347 644 1377 constat,
674 1342 792 1378 quinam
814 1343 1031 1377 declarationem
1052 1344 1207 1374 Absentiae
1229 1350 1324 1381 petere
1344 1343 1480 1380 possint,
1508 1349 1536 1372 et
1559 1351 1575 1371 a
1601 1351 1660 1379 quo
1678 1342 1792 1380 judice:

280 1400 340 1428 qua
366 1399 459 1422 autem
491 1393 537 1421 via
565 1399 592 1421 et
616 1393 724 1421 ratione
753 1395 924 1430 procedendi
958 1395 1000 1424 uti
1032 1395 1151 1425 debeant
1182 1396 1266 1425 docet
1295 1400 1361 1424 art.
1387 1395 1476 1432 859„
1504 1403 1545 1433 sq.
1576 1393 1645 1423 Cod.
1669 1393 1704 1422 dc
1727 1399 1789 1422 rat.

278 1450 363 1482 proc.
379 1446 414 1472 in
428 1445 506 1479 cim,
529 1444 633 1480 pariter
650 1452 682 1473 ac
702 1445 811 1481 supra,
829 1453 894 1482 pag.
915 1454 982 1483 19.,
1008 1447 1039 1476 in
1060 1447 1273 1484 praesumtione
1288 1446 1443 1476 Absentiam
1464 1445 1606 1474 vidimus}
1629 1453 1694 1474 cum
1714 1445 1796 1473 insu-

283 1502 343 1530 per.
361 1500 425 1523 ante
445 1494 622 1530 impetratam
649 1495 867 1525 declarationem
890 1497 1046 1527 Absentiae
1075 1498 1249 1534 praesumtio
1280 1496 1435 1526 Absentiae
1464 1495 1592 1525 nondum
1617 1496 1790 1532 cessaverit,

284 1551 389 1582 sponte
413 1545 546 1581 sequitur
566 1554 624 1574 rem
649 1546 826 1576 deferendam
854 1555 917 1577 esse
941 1549 975 1577 ad
1002 1549 1220 1578 Procuratorem
1251 1549 1398 1586 Regium,
1431 1554 1462 1576 ut
1489 1548 1515 1576 is
1545 1555 1610 1576 cum
1641 1545 1795 1576 Tribunali

283 1597 409 1626 consilia
433 1596 626 1626 communicet
647 1597 680 1626 de
704 1598 844 1634 petitione
860 1599 952 1635 facta;
971 1599 1057 1629 conf.
1077 1606 1140 1628 art.
1158 1600 1233 1636 859,
1252 1608 1294 1637 sq.
1309 1598 1340 1635 j.
1367 1604 1428 1626 art.
1443 1599 1501 1634 83s
1517 1600 1560 1635 7⁰.
1577 1597 1648 1627 Cod:
1671 1597 1706 1626 de
1723 1603 1793 1626 ret.

283 1655 364 1685 proc.
391 1649 422 1677 in
442 1651 499 1677 civ.
541 1648 672 1684 Denique
697 1649 746 1678 vix
775 1651 966 1685 monendum,
995 1651 1119 1687 iudicem
1143 1656 1308 1686 supremum
1330 1650 1360 1678 in
1382 1650 1460 1678 hisce
1480 1649 1706 1685 quaestionibus
1730 1655 1789 1677 non

272 1707 348 1727 csse
370 1699 513 1728 Tribunal
535 1700 642 1735 primae
664 1700 834 1737 instantiae,
865 1702 915 1731 sed
937 1708 965 1730 et
989 1702 1036 1730 hic
1063 1702 1097 1730 ab
1129 1702 1190 1738 ejus
1219 1703 1359 1731 sententia
1387 1700 1532 1738 appellari
1549 1702 1651 1764 posse
1660 1699 1693 1728 ad
1719 1698 1796 1736 judi·

285 1757 350 1778 cem
375 1750 567 1787 superiorem3
595 1751 658 1781 vid.
683 1753 797 1788 Locri,
823 1761 854 1790 p.
883 1760 949 1790 345.
961 1774 971 1789 ,
995 1753 1060 1782 init.

985 1831 1015 1866 S·
1056 1837 1085 1866 5·

328 1903 417 1932 Hisce
441 1903 624 1939 praemissis,
648 1906 798 1942 sequitur,
824 1913 858 1935 ut
877 1906 1046 1942 videamus,
1070 1915 1154 1943 quam
1175 1915 1301 1936 normam
1328 1905 1419 1943 judici
1444 1904 1549 1933 dederit
1575 1903 1742 1941 legislator,
1763 1908 1796 1932 ut

292 1955 325 1983 ’ω
344 1962 470 1982 ⁰³u⁵⁵²¹¹¹
498 1955 596 1984 ³d0¹¹⁰e
618 1956 765 1992 inquirat,
785 1964 812 1987 et
834 1967 1001 1994 persuasum
1026 1958 1083 1988 sibi
1106 1959 1224 1993 habeat,
1244 1958 1496 1986 revwawintertum
1524 1963 1587 1984 csse
1609 1956 1715 1983 statum
1736 1954 1797 1998 Ab·

291 2006 395 2034 sentis.
434 2005 510 2034 Hace
533 2006 698 2035 continetur
723 2015 785 2037 art.
814 2013 897 2046 ηαξ
920 2017 965 2047 at,
986 2018 1052 2040 cum
1076 2016 1139 2039 art.
1166 2017 1233 2044 117.
1256 2008 1296 2037 ita
1317 2016 1383 2036 cum
1406 2007 1551 2044 superiore
1564 2003 1738 2041 'conderem
1758 2003 1797 2032 ‘ut

1767 2054 1801 2083 ad
