1913 2417
276 191 320 225 30
703 191 1336 227 J.P.E.VOUTE

284 285 410 318 honore
440 295 458 315 a
485 283 578 316 vobis
608 283 757 323 affectus,
790 283 869 328 quid
893 296 953 328 pro
978 286 1134 329 ingenio,
1165 287 1253 330 quod
1282 288 1334 320 hic
1361 297 1474 319 omnes
1501 287 1610 318 mirari
1634 285 1754 320 soleba-¹

291 354 384 382 mus,
426 341 629 385 promittam,
658 341 747 384 quod
773 352 898 385 sperare
927 341 968 373 de
999 353 1051 374 me
1083 349 1137 374 aut
1169 343 1336 376 conatibus
1364 345 1443 376 meis
1465 344 1587 387 assequi
1612 345 1756 387 possim?

282 401 364 432 Satis
399 399 475 430 huic
509 398 666 437 muneri,
705 398 780 430 satis
818 405 939 430 vestrae
976 400 1223 442 exspectationi,
1252 402 1311 444 qui
1336 400 1416 432 illud
1440 401 1480 433 ad
1510 412 1561 433 me
1582 400 1758 440 detulistis,

276 456 399 490 *factum
426 465 493 486 esse
514 454 711 493 arbitrabor,
737 456 764 487 si
795 454 829 487 id
848 455 929 486 mihi
955 457 1140 499 contingere
1163 459 1320 501 potuerit,
1350 464 1387 489 ut
1413 457 1634 501 philosophiae
1659 457 1756 489 disci-

278 512 401 556 plinas,
436 521 516 554 quas
545 511 652 554 paullo
679 511 880 555 perfectiores
905 512 972 555 ipse
1005 514 1129 555 accepi,
1161 521 1298 546 servatas
1325 525 1344 546 a
1375 525 1448 554 me,
1477 514 1568 547 nullo
1592 520 1756 546 contracto

277 568 359 603 yitio
374 591 383 606 ,
407 567 611 609 incorruptas
634 575 666 599 et
695 568 833 612 integras
865 569 1101 601 successoribus
1131 570 1301 603 tradidero.

322 624 392 655 Viri
426 622 648 663 celeberrimi,
684 623 878 657 Professores
909 625 1102 666 clarissimi,
1139 626 1298 670 siquidem
1331 638 1383 659 me
1418 627 1588 660 insolitum
1627 627 1756 671 publice

279 679 377 713 verba
405 679 541 711 faciendi
563 682 667 713 sentio
689 692 729 714 ex
753 683 824 725 ipso
851 682 922 714 loco
943 689 979 714 et
1002 683 1167 714 occasione
1203 694 1397 727 magnopere
1425 684 1643 723 commoveri,
1674 695 1758 727 quo·

280 736 339 768 ties
365 743 507 767 vestrum
540 747 726 769 consessum
756 740 905 778 intueor,
942 750 1009 770 non
1036 750 1242 771 commoveor
1268 747 1409 778 tantum,
1429 740 1485 772 sed
1512 741 1606 772 toties
1631 739 1756 783 pudore

276 793 409 836 penitus
433 792 575 832 afficior,
596 805 673 826 curn
703 794 797 827 video
823 806 887 834 me,
914 796 1061 838 ignotum
1087 796 1247 840 plerisque
1278 803 1437 835 vestrum,
1461 799 1516 840 qui
1542 797 1598 829 vix
1621 796 1756 839 periculi

281 849 346 880 mei
372 848 446 888 feci,
481 857 588 881 vestm
615 850 721 884 ordini
751 852 969 895 adscriptum,
1001 854 1145 884 virorum
1172 854 1307 884 summis
1333 853 1486 896 perspecti
1509 853 1632 895 ingenii
1654 852 1756 883 laudi·

280 904 343 938 bus
365 905 489 948 jamdiu
515 906 708 947 illustrium,
733 909 767 941 in
795 920 969 940 numerum
998 910 1174 953 aggregari.
1216 910 1325 952 Cujus
1356 919 1485 940 sensum
1522 909 1645 940 intimis
1668 907 1759 950 cogi·

276 962 455 994 ¹tationibus
490 962 628 995 infixum
658 975 735 997 cum
769 964 925 997 discessus
952 968 1074 1008 eripere
1101 978 1168 998 non
1196 967 1315 1010 possit,
1339 967 1408 1009 ipse
1435 972 1542 997 autem
1570 964 1658 996 unde
1685 965 1755 994 ani·

279 1029 374 1050 mum
404 1018 544 1050 reficiam
574 1019 665 1052 facile
696 1023 730 1052 in
760 1032 812 1053 me
835 1033 903 1054 non
931 1023 1112 1062 inveniam,
1133 1034 1192 1055 vos
1216 1023 1350 1055 obsecro
1374 1029 1411 1054 ut
1435 1023 1516 1054 mihi
1535 1020 1751 1057 subveniatis,

280 1085 417 1118 meque,
440 1086 501 1118 pro
529 1075 586 1107 illo
616 1076 723 1108 studio
752 1088 819 1121 quo
847 1090 899 1110 me
923 1079 1053 1110 accendi
1076 1079 1218 1119 vidistis,
1250 1091 1290 1111 ne
1321 1079 1492 1121 indignum
1518 1078 1636 1121 putetis
1652 1085 1752 1119 quem

284 1137 390 1163 vestra
420 1131 558 1163 amicitia
584 1131 812 1174 honestamus,
842 1135 900 1178 qui
930 1146 1093 1167 summum
1126 1136 1207 1167 mihi
1229 1146 1269 1167 ex
1289 1146 1334 1167 *eo
1358 1135 1551 1179 praesidium
1571 1131 1755 1176 comparari

279 1185 469 1219 arbitrabor⁴
516 1189 560 1220 Te
587 1195 713 1228 autem,
734 1190 908 1222 clarissime
931 1202 1012 1224 van
1035 1203 1251 1231 swrnnmw,
1274 1193 1348 1235 quis
1374 1192 1454 1223 mihi
1489 1197 1543 1223 aut
1569 1196 1673 1234 potest
1698 1194 1754 1220 aut

278 1242 376 1275 debet
398 1254 466 1276 esse
487 1245 613 1284 carior,
646 1246 704 1289 qui
725 1246 814 1278 hunc
836 1247 1000 1279 doctrinae
1031 1259 1172 1280 amorem
1201 1248 1278 1279 olim
1312 1250 1453 1292 primum
1481 1248 1610 1286 aluisti,
1638 1244 1755 1278 deinde

281 1300 387 1332 studia
420 1311 490 1332 mea
523 1301 556 1332 in
585 1308 673 1334 tuam
704 1302 908 1346 disciplinam
932 1303 1157 1345 confirmasti,
1188 1315 1277 1336 nunc
1308 1315 1384 1336 vero
1414 1305 1488 1347 ejus
1521 1313 1641 1335 munus
1672 1300 1755 1332 mihi

282 1356 383 1388 tradis
414 1357 663 1396 sustinendum,
691 1365 753 1390 tuo
782 1360 914 1402 ingenio
942 1367 975 1392 et
1000 1362 1162 1404 praeclaro
1187 1361 1296 1393 'labore
1322 1360 1379 1393 diu
1406 1367 1631 1392 sustentatum.
1674 1360 1754 1390 Lae-

283 1413 360 1444 teris
393 1419 425 1443 et
452 1419 486 1444 tu
515 1414 574 1445 diu
604 1413 687 1446 sama
712 1416 942 1448 acerrimorum
969 1417 1150 1449 studiorum
1167 1442 1176 1457 ,
1213 1419 1269 1461 qui
1299 1416 1484 1461 perfunctus
1516 1423 1562 1447 tot
1593 1424 1755 1446 annorum

281 1469 412 1508 labore,
453 1475 557 1501 tamen
592 1471 709 1513 quietis
746 1472 850 1503 otium
884 1472 978 1515 plane
1012 1473 1190 1505 desiderare
1221 1485 1288 1505 non
1323 1474 1474 1516 potueris.
1538 1474 1645 1515 Teque
1675 1480 1755 1512 rogo

282 1536 336 1556 me
368 1525 414 1556 sic
447 1525 506 1556 tibi
539 1526 725 1558 devinctum
760 1529 944 1568 existimes,
981 1535 1018 1560 ut
1047 1530 1114 1561 sive
1144 1541 1204 1572 ego
1228 1541 1271 1561 ex
1304 1529 1362 1561 hac
1388 1528 1529 1561 mortalis
1554 1529 1637 1560 vitae
1659 1535 1754 1557 scena

285 1583 398 1625 prior,
434 1582 501 1613 sive
534 1588 569 1613 tu
604 1582 804 1622 discesseris,
845 1584 1002 1627 intelligas
1035 1592 1066 1617 te
1096 1586 1244 1618 habuisse
1269 1589 1325 1630 qui
1348 1597 1405 1624 ea,
1434 1597 1516 1630 quae
1541 1585 1690 1616 universa
1719 1582 1754 1613 in

286 1649 319 1669 se
361 1639 470 1668 merita
502 1637 646 1680 profert,
688 1639 814 1682 singula
846 1641 927 1683 grati
961 1642 1061 1672 animi
1096 1640 1203 1673 officio
1235 1642 1447 1685 expenderit,
1488 1648 1544 1673 aut
1575 1641 1636 1673 tibi
1666 1639 1755 1670 futu·

282 1705 384 1731 rum,
423 1694 480 1737 qui
510 1695 716 1725 constitutam
746 1706 764 1726 a
791 1702 820 1727 te
850 1697 884 1727 in
916 1696 978 1728 hoc
1008 1697 1174 1730 Athenaeo
1201 1698 1315 1729 harum
1343 1698 1583 1740 disciplinarum
1609 1696 1750 1733 samam,

284 1751 465 1782 *imitatione
501 1751 548 1780 tui
576 1760 592 1780 a
621 1750 757 1793 posteris
786 1753 975 1784 servandam
992 1776 1002 1791 ‚
1037 1753 1147 1785 saltem
1184 1764 1242 1786 sua
1270 1754 1462 1797 negligentia
1496 1752 1546 1784 vel
1575 1752 1669 1795 culpa
1698 1762 1752 1794 pe-

284 1805 416 1837 riclitari
443 1816 507 1836 non
534 1807 624 1837 sinet.
692 1808 802 1850 Neque
838 1814 893 1847 te,
934 1820 1148 1841 sunamites
1186 1821 1263 1844 vau
1303 1820 1541 1848 capranna,
1581 1809 1751 1852 praeterire

286 1871 442 1904 possum,
491 1863 570 1904 quin
613 1864 896 1895 commemorando
939 1865 1020 1897 illud
1057 1865 1252 1898 beneficium
1293 1876 1489 1909 agnoscam,
1530 1875 1597 1907 quo
1626 1875 1664 1896 ex
1698 1870 1752 1895 tua

285 1916 497 1948 familiaritate
519 1917 579 1947 frui
609 1918 688 1948 mihi
712 1919 800 1951 licuit
818 1932 826 1958 ς
857 1921 913 1963 qui
939 1932 1014 1952 cum
1033 1933 1147 1954 omnes
1167 1924 1311 1954 oratione
1331 1929 1383 1954 tua
1397 1922 1532 1953 delectes
1551 1927 1583 1951 et
1603 1920 1728 1952 erudias
1741 1943 1752 1958 ,

286 1978 359 2005 tum
391 1973 498 2004 amicis
538 1976 599 2004 tuis
632 1976 791 2016 specimen
826 1977 984 2019 proponis
1015 1979 1122 2011 omnis
1160 1981 1266 2022 gravis
1295 1985 1327 2011 et
1355 1979 1462 2011 suavis
1494 1977 1669 2010 doctrinae.
1721 1976 1754 2006 Si

1698 2041 1757 2063 au-
