1913 2417
652 179 1038 212 ORATIO.
1564 185 1603 219 5⁴7

127 283 343 317 consentiente
368 283 503 324 conjuge
530 291 604 317 sua,
628 279 744 311 semina
767 280 901 322 egregiis
927 286 1036 311 ornate
1072 277 1263 316 virtutibus,
1289 277 1341 309 cui
1368 276 1597 321 ade0¹paueae

127 343 191 372 sint
216 338 485 382 aequiparandae,
511 337 598 368 nulla
621 336 833 368 anteferenda
884 340 977 368 Hunc
1000 338 1034 367 in
1068 335 1201 367 modum
1229 341 1398 377 postquam
1433 342 1464 365 et
1488 347 1538 367 me
1563 343 1595 368 et

124 407 213 428 meos
243 401 428 437 exceperam
461 401 507 425 tot
540 405 575 425 ac
601 400 687 424 tanta
722 393 871 436 deinceps
901 393 1052 436 propensi
1086 393 1184 423 animi
1216 392 1410 422 documenta
1437 402 1511 435 erga
1537 404 1596 425 nos

126 459 247 483 exstare
266 450 382 488 voluit,
406 457 441 481 ut
466 450 629 481 hominem
653 449 778 480 homini
805 450 935 492 genium
968 460 1053 486 esse,
1083 449 1282 491 singulisque
1311 446 1498 480 mortalibus
1525 449 1598 480 ubi.

129 519 192 550 que
216 515 369 538 terrarum
396 506 524 537 coelesti
548 506 684 536 numine
708 506 866 548 prospici,
890 506 971 536 sicut
995 506 1121 548 saepius
1151 505 1371 548 superioribus
1399 505 1482 536 vitae
1510 517 1597 538 meae

131 566 246 601 annis,
272 565 314 594 ita
339 562 390 594 hic
413 562 520 593 denuo
548 564 754 604 cognoverim
779 569 873 604 atque
899 569 1048 605 expertus
1074 561 1199 593 fuerim.
1257 562 1294 592 In
1322 572 1388 604 quo
1414 564 1512 600 Viro,
1535 565 1603 596 sive

128 621 252 663 ingenii
290 619 507 650 excellentiam
543 618 742 650 considerare
778 618 892 649 vellem
913 641 922 656 ‚
956 629 1020 660 qua
1051 617 1116 649 fere
1149 617 1215 648 sola
1247 617 1286 648 ad
1315 628 1349 648 ea
1376 619 1467 650 sudia
1491 621 1601 652 enisus

125 684 191 715 est,
223 687 328 719 quae,
361 682 396 706 ut
423 682 464 706 ait
490 677 642 718 antiquus
674 683 802 713 auctor,
825 686 874 706 res
900 674 1054 706 secundas
1078 681 1220 712 ornant,
1253 674 1394 705 adversis
1415 674 1597 718 perfugium

129 740 160 764 et
192 733 344 763 *solatium
372 731 540 774 praebeam
571 732 638 762 sive
666 733 764 761 animi
799 731 968 762 candorem
1002 730 1169 762 amabilem
1199 737 1231 761 et
1255 731 1423 772 prudentia
1447 738 1602 774 tempera·

127 795 192 820 tam
215 789 444 825 sinceritatem,
474 787 594 830 quibus
622 787 796 818 virtutibus
822 788 862 817 ab
887 788 1010 829 optimo
1032 798 1163 830 qnoque
1187 797 1350 817 summum
1377 789 1514 829 pretium
1543 796 1604 819 sta-

131 846 256 885 tuiturf.
286 846 353 875 sive
388 843 526 886 denique
557 855 666 874 curum
699 844 787 874 illam
819 851 915 886 atque
952 854 1081 886 operam
1115 843 1303 874 indefessam
1322 867 1330 881 ‚
1363 855 1426 886 qua
1462 845 1602 877 salubria

130 902 226 943 hujus
262 901 351 931 urbis
386 901 531 931 instituta
563 901 661 932 variis
694 900 799 930 modis
828 899 973 942 adjuvat:
1006 911 1074 931 non
1111 911 1261 943 possein,
1292 903 1372 944 quin
1398 913 1472 932 eum
1507 913 1601 933 vene-

132 968 237 992 rarer,
261 956 385 987 etiamsi
408 956 491 987 nihil
520 957 583 999 ipsi
613 956 761 987 deberem
781 980 791 996 ,
821 963 852 987 et
880 956 990 987 nullus
1022 957 1105 988 inter
1133 968 1194 988 nos
1232 960 1349 990 arctior
1374 969 1476 989 nexus
1503 959 1605 989 inter·

126 1013 262 1046 eederet.
304 1014 373 1043 Jam
410 1023 483 1044 cum
520 1013 606 1044 idem
643 1013 700 1044 Vir
733 1014 870 1045 eximius
905 1025 972 1044 non
1001 1013 1106 1044 solum
1140 1025 1177 1044 ea
1211 1014 1444 1046 necessitudine
1473 1025 1611 1046 mecum-

127 1071 320 1111 conjunctus
350 1069 415 1106 sit,
448 1080 530 1112 quae
564 1077 696 1113 propter
730 1072 831 1110 ipsius
867 1070 976 1100 locum
1007 1070 1155 1113 pietatem
1192 1081 1209 1100 a
1243 1081 1293 1101 me
1323 1071 1450 1113 exigat,
1488 1082 1606 1103 verum·

129 1127 225 1157 etiam
254 1126 432 1156 innumeris
464 1126 701 1157 munificentiae
740 1137 775 1158 ac
809 1126 1006 1158 liberali-tatis
1040 1137 1115 1158 suae
1139 1126 1340 1159 documentis
1368 1129 1431 1159 sibi<
1462 1139 1600 1171 suaeque

129 1182 242 1213 domui
276 1181 499 1213 obstrinxerit:
528 1183 671 1224 judicare
702 1184 848 1225 potestis,
876 1187 914 1215 A.
933 1187 991 1222 A.‚
1014 1195 1111 1226 quam
1138 1184 1378 1227 suspiciendum
1415 1185 1607 1215 colendum-r

133 1250 197 1281 qne
229 1239 298 1280 ejus
328 1248 471 1277 nomen,
502 1250 602 1281 quam
635 1239 814 1271 venerabile
844 1247 875 1271 et
902 1247 1047 1272 sanctum
1083 1251 1151 1272 esse
1191 1241 1272 1271 mihi
1303 1243 1446 1284 meisque
1478 1241 1602 1273 debeat.

129 1296 195 1326 Nec
226 1301 332 1325 tamen
363 1295 438 1324 satis
470 1294 617 1334 habens,
648 1296 744 1327 tantis
772 1307 823 1327 me
850 1307 974 1327 auisssse
1007 1296 1197 1337 beneficiis,
1237 1297 1269 1327 id
1302 1308 1433 1340 quoque
1461 1298 1602 1329 studiose

124 1351 207 1393 egit,
239 1357 276 1381 ut
302 1351 452 1381 Virorum
477 1352 802 1394 praeclarissimorum
836 1354 870 1383 iu
902 1356 1083 1385 societatem
1118 1364 1170 1384 me
1202 1354 1437 1392 introduceret,
1474 1365 1604 1385 eorum-

131 1417 195 1449 que
229 1406 370 1438 favorem
393 1407 475 1437 mihi
499 1409 698 1448 conciliaret3
729 1420 870 1452 quorum
907 1409 946 1440 de
989 1420 1124 1440 numero
1157 1420 1242 1440 unus
1268 1410 1350 1447 fuit,
1379 1413 1436 1453 qui
1467 1411 1507 1441 ab
1537 1417 1609 1441 arte·

132 1463 280 1500 salutari,
305 1474 402 1505 quam
437 1465 472 1495 in
509 1464 568 1496 hac
600 1466 680 1496 urbe
706 1477 746 1496 ex
779 1466 876 1508 longa
897 1476 1056 1496 annorum
1087 1468 1167 1497 serie
1187 1477 1262 1497 eum
1288 1468 1424 1497 summis
1454 1466 1601 1497 laudibus

131 1526 271 1557 εχει-ιρι,
301 1530 367 1549 uon
397 1520 537 1551 alienum
569 1532 636 1552 esse
660 1522 771 1560 duxit,
795 1529 916 1564 praeter
946 1521 1161 1552 valetudinem
1191 1530 1222 1553 et
1245 1523 1496 1553 incolumitatem
1517 1534 1603 1554 meo·

131 1585 225 1610 rum,
249 1575 372 1605 cultum
399 1582 430 1606 et
453 1583 603 1607 ornatum
628 1577 784 1609 domicilii
809 1578 872 1608 mei
895 1577 1118 1619 largitionibus
1157 1578 1385 1609 liberalissimis
1415 1591 1526 1611 curare
1555 1587 1605 1612 at-

133 1641 196 1673 que
226 1641 367 1673 augere,
399 1633 480 1673 quin
509 1632 588 1662 adeo
619 1633 708 1664 hunc
739 1635 845 1676 ipsum
878 1633 960 1664 mihi
990 1633 1108 1665 laetum
1146 1634 1231 1665 diem
1262 1635 1424 1667 laetiorem
1459 1637 1599 1668 reddere.

134 1687 266 1717 Tantam
295 1687 348 1718 ille
378 1687 463 1730 apud
489 1690 608 1719 amicos
636 1699 713 1720 suos
745 1691 877 1732 gratiam
912 1690 996 1720 mihi
1028 1691 1226 1729 consilians,
1260 1704 1426 1735 uunquam
1454 1693 1520 1735 ipse
1550 1692 1602 1724 de-

133 1743 185 1773 siit
215 1753 266 1774 res
298 1754 383 1774 meas
413 1744 502 1774 cordi
529 1744 659 1784 habere,
681 1747 843 1777 Curatoris
871 1757 989 1778 nomen
1011 1757 1044 1777 se
1068 1758 1176 1789 gerere
1199 1759 1266 1778 non
1292 1761 1383 1792 posse
1412 1757 1516 1787 ratus,
1541 1750 1603 1781 nisi

135 1799 304 1830 consilium
336 1799 556 1842 auxiliumque
584 1812 679 1832 suum
703 1802 837 1845 singulis
861 1803 973 1834 diebus
1001 1810 1032 1834 et
1057 1804 1145 1836 horis
1171 1805 1251 1834 milii
1274 1813 1436 1846 promtum
1460 1814 1491 1837 et
1514 1817 1604 1849 para-

129 1860 199 1885 tum
227 1862 326 1894 esset;
347 1863 378 1886 et.
401 1867 476 1887 cum
507 1858 591 1888 ultro
615 1858 708 1890 talem
735 1870 768 1890 se
795 1866 984 1902 praestaret,
1007 1860 1144 1902 Collegit
1166 1862 1358 1892 curatorum
1377 1862 1433 1905 Q)
1456 1874 1601 1903 nomine,

1539 1933 1604 1953 uon

171 1976 220 2006 (')
237 1976 362 1999 Lectorum
393 1979 542 2010 quorundam
575 1988 643 2004 causa
666 1990 772 2012 moneo,
805 1983 881 2006 solum
906 1985 937 2007 H.
958 1983 989 2006 Η.
1011 1983 1096 2015 Κζγιι,
1124 1992 1154 2007 ez
1184 1990 1286 2016 quatuor
1309 1986 1461 2011 Curatoribus
1487 1993 1535 2010 tuns
1557 1993 1616 2010 nrm-

127 2017 192 2050 poxis
218 2020 398 2045 Asmtelazdami
426 2023 507 2049 fuisse.
548 2024 627 2049 Sinus
656 2027 753 2051 accessit
775 2028 872 2059 quintus
901 2028 930 2054 G,
953 2027 1034 2051 Vnam<
1059 2027 1088 2051 V.
1102 2028 1128 2052 C.
1145 2029 1172 2052 in
1193 2029 1273 2053 locum
1297 2034 1406 2054 Anareue
1425 2032 1507 2061 boun,
1529 2032 1561 2055 Μ.
1584 2032 1613 2055 D.

915 2074 985 2115 E3
1585 2080 1612 2102 ov
