1913 2417
221 179 257 207 12
499 177 541 208 G.
602 176 819 208 GROEN
876 188 984 209 vnn
1041 181 1472 215 PRINSTERER

224 261 334 297 fuisse,
356 260 406 297 qui
429 260 551 298 πάρεδροι
580 262 758 291 vocabantur
780 262 847 299 (1)
873 262 907 290 de
930 271 1050 298 quorum
1077 273 1196 294 numero
1221 266 1293 295 nihil
1325 267 1475 297 memoriae
1496 266 1659 296 mandatum
1682 274 1734 296 su·

224 318 332 350 petest.
374 312 549 349 Quaestores
572 320 664 341 autem
688 313 836 349 pecuniam
863 314 1060 351 accipiebant3
1090 325 1234 352 acceptam
1262 318 1411 346 servabant
1435 326 1462 346 et
1484 318 1731 347 administrabant.

227 364 273 393 Ea
301 363 331 392 in
353 363 453 398 primis
477 364 511 391 ad
533 363 638 391 bellum
667 364 818 400 gerendum
840 365 975 393 utendum
999 373 1076 401 erat;
1103 375 1189 395 naves
1215 376 1248 396 ex
1272 377 1301 396 ea
1322 369 1509 397 aedificandae
1532 376 1629 404 erant,
1657 377 1734 397 arma

227 414 439 450 comparanda,
465 414 576 448 multa,
607 423 679 449 quae
709 414 922 450 expeditionum
955 424 1026 444 usus
1052 417 1230 453 poscebant,
1258 420 1483 455 suppeditanda3
1506 420 1628 448 fortasse
1647 420 1733 448 etiam

228 467 370 501 templum
393 464 540 500 Apollinis
564 464 594 493 in
616 465 711 493 insula
731 465 805 493 Delo
827 465 1018 495 reficiendum.
1064 467 1165 496 Postea
1187 478 1255 499 vero
1277 471 1359 506 piane
1384 471 1465 498 aliter
1487 478 1548 498 sese
1570 478 1613 498 res
1634 476 1736 505 postea.

228 516 350 551 habuit3
377 515 482 544 aerario
509 515 582 544 enim
612 516 739 545 Athenas
770 516 927 552 translato,
957 517 1146 547 Athenienses
1173 526 1204 547 ut
1232 528 1306 556 suo,
1335 529 1393 549 non
1416 527 1447 549 ut
1473 521 1617 549 communi
1644 519 1734 548 Grae-

225 574 326 595 corum
352 567 399 594 usi
427 559 508 594 sunt.
549 566 637 604 Quod
667 575 757 602 quum
786 575 844 595 non
868 567 923 595 nisi
947 568 1078 602 pluribus
1099 570 1157 606 jam
1175 571 1265 599 sociis
1291 572 1431 608 subJ'ectis
1454 571 1546 599 facere
1567 570 1736 606 potuerint⁷

228 618 262 646 de
286 626 316 645 ea
340 625 368 645 re
395 617 424 645 in
452 617 584 652 sequenti
606 618 719 654 capite,
751 617 800 645 ubi
824 618 858 646 de
880 619 999 653 ὑπηκόοις
1023 620 1114 648 acturi
1134 629 1253 656 sumus,
1275 622 1424 650 dicendum
1448 622 1512 650 erit.

265 668 408 696 Civitates
428 667 509 702 ilias,
532 667 637 703 quibus
659 676 746 697 naves
777 669 931 704 imperatae
955 676 1052 705 erant,
1081 674 1272 700 constitutum
1298 681 1446 701 numerum
1482 681 1593 709 semper
1621 677 1735 708 praesto

229 718 331 746 habere
354 718 508 753 debuisse,
529 719 677 754 probabile
699 727 761 755 est3
792 728 883 755 neque
906 721 991 748 nobis
1012 722 1133 750 absurda
1158 723 1269 751 videtur
1290 724 1409 760 opinio,
1437 732 1482 752 eas
1505 732 1617 758 naves‚-
1638 730 1738 757 quam-

228 770 277 797 diu
304 776 404 798 contra
437 769 535 798 Persas
563 771 753 807 navigabant,
782 779 815 799 ex
845 772 990 800 communi
1025 773 1130 800 aerario
1160 773 1323 802 reficiendas
1353 775 1544 810 omnibusque
1579 773 1663 802 rebus
1693 773 1738 800 in·

225 820 378 849 struendas
404 818 507 848 fuisse.
550 820 625 849 Suos
650 830 780 856 quaeque
797 821 901 850 civitas
926 822 1015 850 duces
1034 822 1173 858 eligebat,
1196 825 1412 854 Atheniensium
1437 825 1605 860 Imperatori
1627 825 1740 852 obtem-

224 878 388 908 peratum&
429 872 523 907 Cujus
554 871 702 906 imperium
727 872 809 900 initio
835 872 902 900 satis
927 873 988 900 lene
1018 872 1087 900 fuit.
1129 875 1173 902 Ex
1199 875 1331 904 Cimonis
1362 877 1420 905 vita
1450 877 1526 912 apud
1549 875 1735 903 Plutarchum

226 931 255 952 c.
275 933 304 960 9.
330 930 468 958 apparet,
496 922 626 957 praedam
656 922 750 951 fuisse
771 931 966 958 communem,
998 932 1168 959 quamquam
1192 926 1230 953 ab
1251 927 1470 954 Atheniensium
1499 927 1572 954 duce
1594 925 1738 954 divideba-

226 980 287 1003 tur.
329 973 458 1001 Omnino
486 972 592 1000 Cimon
618 973 648 1000 in
669 974 767 1001 socios
789 973 956 1001 lenissimus
983 973 1075 1001 fuisse
1101 975 1234 1010 videtur,
1265 977 1309 1003 vel
1336 979 1414 1012 qnod
1446 983 1546 1004 natura
1567 985 1617 1004 sua
1637 986 1672 1004 eo
1696 975 1738 1003 fe-

227 1024 366 1058 rebatur,
393 1023 439 1051 vel
465 1023 547 1058 quod*
567 1023 713 1050 sociorum
734 1031 805 1058 opes
834 1024 926 1052 adhuc
951 1026 1104 1052 metuebat.
1145 1025 1361 1055 Observandum
1392 1035 1484 1056 autem
1513 1033 1576 1061 est,
1604 1027 1670 1054 licet
1692 1035 1741 1055 so·

230 1073 345 1101 cietatis
367 1073 505 1101 ineundae
527 1081 612 1102 causa
638 1072 725 1101 fuerit
744 1073 852 1102 bellum
875 1081 974 1103 contra
1000 1075 1118 1110 Persas,
1139 1084 1320 1112 consequens
1344 1085 1435 1106 tamen
1460 1077 1552 1105 fuisse
1576 1083 1608 1104 ut
1632 1078 1662 1105 in
1678 1083 1742 1105 cae⁴

226 1124 295 1152 teris
324 1131 441 1158 quoque
462 1123 694 1159 expeditionibus
718 1132 816 1152 mutua
841 1125 948 1153 auxilia
976 1133 1203 1164 praestarentur;
1234 1135 1261 1157 et
1283 1130 1364 1165 plura
1392 1129 1524 1164 exempla,
1541 1129 1740 1163 reperiuntur,

228 1183 263 1203 ex
289 1173 396 1210 quibus
420 1180 516 1210 patet,
538 1174 728 1203 Athenienses
753 1174 781 1203 in
806 1174 1007 1211 frequentibus
1025 1177 1129 1214 bellis,
1152 1187 1223 1214 quae
1243 1186 1269 1208 et
1288 1188 1352 1208 curn
1373 1179 1608 1208 Lacedaemoniis
1631 1185 1742 1208 etcum

228 1225 293 1253 aliis
317 1224 421 1253 vicinis
451 1224 570 1260 populis
593 1231 765 1262 gesserunt,
789 1227 935 1255 sociorum
957 1228 1098 1258 interdum
1122 1230 1216 1265 copiis
1240 1239 1308 1259 usos
1338 1230 1451 1265 fuisse,
1483 1238 1581 1259 eorum
1607 1229 1738 1266 seilicet,

230 1275 281 1311 qui
301 1275 441 1304 immunes
462 1282 541 1304 erant
567 1284 582 1303 a
603 1276 733 1311 tributo,
765 1278 813 1305 secl
833 1285 919 1306 naves
936 1286 984 1307 aut
1008 1280 1112 1308 milites
1136 1281 1269 1315 praebere
1291 1282 1429 1310 debebant
1451 1282 1533 1319 (2)-

267 1326 444 1357 Conventus
458 1327 605 1355 sociorum
630 1333 707 1355 erant
733 1327 763 1355 in
791 1328 884 1357 insula
908 1330 981 1358 Delo
1006 1331 1041 1358 ad
1064 1331 1205 1365 templum
1226 1332 1391 1368 Apollinis,
1425 1333 1494 1370 (3)
1523 1331 1552 1360 in
1577 1331 1684 1367 quibus
1706 1330 1742 1359 de

226 1375 313 1405 rebus
339 1375 549 1411 deliberabant,
571 1384 644 1412 quae
672 1377 706 1405 ad
727 1385 905 1407 communem
939 1380 1090 1408 utilitatem
1114 1382 1299 1416 pertinerent.
1341 1383 1503 1410 Admodum
1529 1390 1619 1417 pauca
1642 1382 1678 1409 de
1702 1380 1740 1409 iis

228 1426 442 1462 cognovimus3
465 1427 598 1454 videntur
624 1427 714 1455 annui
736 1427 828 1456 fuisse
851 1429 880 1457 in
906 1429 1001 1464 iisque
1024 1437 1189 1464 quaestores
1215 1433 1338 1461 rationes
1361 1432 1472 1467 accepti
1495 1437 1523 1459 et
1544 1430 1662 1467 expensi
1678 1431 1740 1459 red-

232 1477 358 1512 didisse,
380 1483 439 1505 tutn
464 1477 588 1505 consilia
609 1478 643 1505 de
661 1477 738 1506 bello
761 1480 883 1514 gerendo
906 1486 988 1515 capta
1006 1479 1119 1516 fuisse,
1142 1480 1266 1510 fortasse
1288 1483 1389 1518 etiam,
1409 1483 1435 1511 si
1459 1491 1514 1518 qua
1540 1482 1577 1510 lis
1598 1487 1649 1510 aut
1669 1489 1742 1510 con-

231 1527 323 1556 tentio
350 1527 423 1555 inter
453 1528 584 1556 civitates
613 1529 708 1556 socias
738 1535 799 1557 orta
820 1537 914 1565 esset,
943 1530 984 1558 ibi
1010 1532 1044 1560 de
1064 1540 1095 1560 ea
1117 1532 1289 1561 referebatur
1308 1540 1335 1562 et
1356 1533 1514 1562 inimicitiis
1539 1533 1680 1561 interdum
1706 1531 1740 1560 fi-

232 1578 279 1607 nis
304 1578 512 1613 imponebatur.
559 1579 665 1608 Procul
689 1579 779 1608 dubio
805 1587 969 1609 conventus
1001 1582 1043 1610 illi
1065 1582 1297 1612 Atheniensibus
1322 1584 1486 1620 pei-molesti
1516 1582 1652 1619 fuerunt3
1682 1590 1742 1611 me·

234 1629 370 1657 tuendum
401 1630 474 1658 enim
509 1636 588 1665 erat,
619 1639 675 1665 ne,
699 1629 726 1659 si
747 1631 890 1667 justitiam
922 1631 1106 1668 foederisque
1136 1634 1317 1664 conditiones
1345 1635 1530 1669 violassent,
1557 1633 1630 1662 socii
1669 1641 1740 1662 con-

232 1679 332 1707 silium
359 1688 413 1708 una
437 1680 585 1709 deficiendi
606 1681 731 1716 inirent,
753 1689 808 1717 qua
832 1683 866 1710 de
891 1690 920 1710 re
941 1683 1113 1712 deliberandi
1134 1686 1378 1720 opportunitatem
1405 1690 1568 1714 conventus
1589 1683 1631 1712 illi
1660 1691 1742 1719 prae·

232 1728 347 1758 bebant.
394 1729 482 1766 Quod
503 1731 529 1759 si
557 1731 736 1767 accidisset,
765 1732 955 1761 Athenienses
985 1733 1178 1769 principatum
1214 1735 1262 1763 vix
1295 1737 1414 1765 retinere
1445 1735 1634 1772 potuissent,
1665 1739 1742 1762 certe

231 1779 327 1808 multo
359 1780 503 1810 difficilius
532 1790 616 1818 quam
642 1790 696 1811 una
727 1790 796 1819 post
817 1784 930 1812 alteram
949 1783 1065 1812 civitate
1094 1784 1252 1817 deficiente.
1295 1774 1491 1826 Quamobrem
1510 1794 1593 1824 quam
1616 1785 1741 1822 primum

1710 1834 1751 1864 fi·

261 1917 315 1946 (1)
337 1917 389 1940 vid.
409 1919 513 1948 rusci-tm.
527 1923 544 1944 1.
569 1922 592 1945 ln
614 1924 659 1947 fine
682 1922 759 1953 operis
781 1922 879 1944 1322th
903 1924 1119 1954 staatshaushaitunz
1139 1928 1180 1950 der
1198 1926 1313 1954 Λιιιειιεὴ,

258 1958 311 1987 (n)
331 1959 426 1986 Thucyd.
452 1962 487 1988 10,
511 1966 559 1985 ιιι.
806 1965 859 1994 (3)
883 1965 978 1993 Thutyl.
999 1967 1032 1995 1.,
1053 1967 1091 1995 96.
