1913 2417
210 155 486 188 RESPONSIO
513 163 562 185 AD
591 153 962 194 QUAESTlONEM
992 153 1443 186 HYDROSTATICAM.
1566 161 1584 195 7

115 241 156 272 1⁰.
187 239 307 270 Fundus
341 240 406 269 hikl
432 238 569 276 premitur
598 239 731 267 columna
760 246 849 274 aquae
878 237 1037 275 εηςΙῑικὶ-Ιιη,
1066 238 1152 275 cujus
1183 236 1260 267 basis
1291 238 1418 274 aequalis
1452 243 1495 267 est
1522 237 1586 268 basi

70 292 137 322 hikl
154 292 252 327 vasis,
274 292 396 320 altitudo
417 299 485 320 vero
507 289 632 326 aequalis
656 290 803 318 altitudini
823 289 857 325 if
869 289 960 318 vasis.

103 343 148 374 2⁰.
177 342 354 380 Operculum
376 343 451 380 efgm
474 342 554 371 nulla
574 341 603 371 vi
625 340 776 377 premitur.

98 394 156 432 ⁷3⁰·
183 393 276 423 Latus
303 393 480 423 horisontale
504 393 576 422 eklm
607 392 752 428 experitur
778 391 953 428 pressionem
990 393 1133 427 aequalem
1154 393 1273 429 ponderi
1291 400 1402 430 aquae,
1433 398 1585 422 contentae

73 447 103 475 in
127 445 262 481 prismate
282 445 466 484 triangulari,
495 445 583 482 cujtis
614 443 736 472 altitudo
768 449 811 472 est
842 443 964 473 altitudo
1000 451 1090 479 aquae
1116 444 1160 480 if,
1189 443 1266 472 basis
1296 452 1364 473 vero
1397 451 1514 473 constat
1536 452 1588 479 pa-

70 496 317 533 rallelogrammo,
347 497 431 533 cujus
455 496 573 525 alterum
596 495 671 525 latus
702 500 746 523 est
776 493 922 523 altitudini
952 503 1041 531 aquae
1062 495 1111 531 ik,
1140 495 1258 524 alterum
1284 504 1352 524 vero
1383 494 1461 524 vasis
1492 494 1588 531 lougi-

67 547 160 576 tudini
186 548 217 575 Ιιὶ
238 548 367 583 aequale.

105 597 185 627 Haec
207 606 301 628 autem
324 599 474 627 enunciata
499 598 628 628 ulteriori
650 597 844 634 explicatione
865 603 891 625 et
913 597 1158 626 demonstratione
1184 597 1325 634 indigent.

111 647 155 680 ιο.
182 647 270 678 Vasis
288 649 418 685 fundum
439 651 504 678 hikl
525 651 615 688 premi
638 650 764 679 diximus
788 649 913 685 pondere
935 648 1087 678 columnae
1107 657 1214 684 aquae,
1245 649 1331 685 cujus
1351 647 1430 676 basis
1456 653 1500 675 est
1523 646 1588 682 ipsa

69 700 147 729 basis
172 700 233 729 sive
257 700 365 729 fundus
393 702 469 730 vasis
495 702 577 736 ΜΗ,
599 701 723 729 altitudo
749 708 842 729 autern
867 700 958 728 eadem
980 699 1057 728 vasis
1079 699 1204 728 altitudo
1229 700 1266 734 is.
1307 699 1409 727 Fluida
1434 698 1508 727 enim
1525 705 1590 733 per-

69 751 290 786 pendiculariter
311 752 422 788 agentia
445 752 474 781 'm
497 753 580 781 bases
605 753 706 788 planas
731 759 866 788 premunt
885 751 914 779 in
940 749 1049 778 ratione
1071 751 1238 786 composita
1261 750 1465 784 altitudinum,
1496 748 1590 777 densi-

68 808 162 830 tatum
187 808 214 830 et
236 803 413 838 planorum,
435 812 486 832 seu
516 804 648 832 basium:
682 803 702 832 i.
725 811 752 832 e.
780 802 804 831 si
827 802 849 830 P
873 802 1012 837 exprimat
1042 801 1219 837 pressionem
1237 822 1247 837 ‚
1277 801 1304 829 A
1331 800 1530 834 altitudinem,
1561 799 1593 827 D-

74 852 262 889 densitatem,
282 854 304 882 Β
331 854 434 890 basin,
463 854 516 883 erit
539 853 818 889 P=A><D><ss‚
841 859 868 881 et
892 861 945 888 pro
971 851 1057 880 variis
1080 851 1287 881 altitudinibus
1303 872 1313 886 ,
1343 850 1537 880 densitatibus
1560 855 1590 878 et

68 903 214 940 basibus,
245 905 328 934 etiam
354 905 519 942 pressiones
545 911 627 934 erunt
652 904 764 940 variae,
793 912 905 941 semper
928 910 1022 933 tamen
1051 903 1082 933 in
1111 903 1223 932 ratione
1252 904 1301 933 illa
1331 902 1498 939 composita
1519 899 1593 931 indi-

67 961 152 990 cata,
172 955 241 985 adeo
265 962 298 984 ut

401 1005 1061 1045 Pz-p=A><D><ss:a><td><b

68 1057 101 1088 si
118 1064 221 1095 nempe
246 1057 343 1086 literae
372 1058 498 1086 minores
532 1058 640 1086 similes
673 1058 823 1093 qualitates
855 1057 1013 1093 exprimant
1038 1065 1071 1085 ac
1097 1057 1271 1094 majusculae
1297 1058 1313 1094 (
1326 1057 1378 1094 1).

111 1107 301 1144 Perspicuum
327 1114 392 1144 est,
412 1108 493 1137 fluidi
518 1108 695 1144 pressionem
723 1108 753 1136 in
776 1107 898 1136 fundum
921 1115 955 1136 eo
979 1108 1116 1144 majorem
1137 1115 1222 1143 esse,
1243 1116 1303 1144 quo
1328 1108 1422 1144 maior
1449 1113 1495 1136 est
1523 1106 1594 1136 den-

72 1158 146 1188 sitas
167 1158 259 1189 fluidi.
302 1159 370 1196 Quo
393 1159 466 1188 enim
492 1160 589 1196 plures
611 1159 769 1195 particulae
793 1158 924 1186 materiae
947 1159 1003 1188 sub
1026 1160 1124 1188 eodem
1143 1158 1292 1188 volumine
1315 1158 1522 1194 continentur,
1550 1165 1593 1187 eo·

71 1209 192 1238 densius
215 1217 259 1238 est
283 1218 410 1247 corpus,
436 1211 630 1247 majoremque
651 1210 709 1238 edit
733 1209 929 1246 pressionem„

109 1259 189 1297 Ergo
212 1268 248 1290 ex
273 1261 413 1290 densitate
447 1268 508 1291 tum
538 1261 629 1291 solidi
658 1267 719 1290 tum
753 1260 857 1297 fluidi,
881 1261 1019 1298 pendebit
1046 1261 1194 1297 quantitas*
1218 1259 1380 1297 pressionis
1410 1259 1440 1288 in
1465 1258 1593 1288 fundum-

65 1310 161 1340 vasis.

69 1376 71 1378 v
107 1358 211 1390 Fluida
234 1370 362 1398 premere
384 1371 439 1399 pro
462 1363 572 1393 ratione
593 1363 778 1392 altitudinum
794 1384 809 1398 ,,
826 1363 909 1393 etiam
934 1362 1012 1392 facIli
1037 1362 1182 1392 evincitur
1204 1362 1303 1392 modo.
1344 1361 1479 1391 Fluidum
1497 1359 1595 1394 enim,

72 1418 142 1440 eum
163 1413 203 1442 sit
228 1421 356 1449 corpus,
379 1414 559 1450 generalibus
582 1423 736 1450 corporum
759 1414 986 1450 proprietatibus
1013 1414 1188 1443 instructum
1210 1420 1277 1443 est:
1297 1413 1365 1442 hinc
1392 1419 1420 1440 et
1443 1411 1598 1448 gravitate,

71 1463 176 1497 ltaque
202 1469 259 1492 una
285 1463 424 1497 particula
445 1465 605 1492 necessario
632 1466 749 1494 alteram
774 1465 931 1502 subjectam
957 1465 1073 1501 premit.
1113 1464 1182 1502 Quo
1215 1465 1313 1500 plures
1346 1469 1440 1492 autem
1465 1461 1596 1498 particu-

71 1512 115 1541 lae
136 1512 189 1540 uni
216 1512 414 1548 incumbunt‚.
437 1522 471 1542 eo
500 1514 589 1550 magis
608 1514 680 1543 hanc
707 1515 795 1551 premi
820 1522 955 1551 oportet,
983 1515 1119 1551 quoniam
1152 1522 1339 1550 unaquaeque
1363 1513 1504 1549 particula
1527 1520 1595 1548 pro-

71 1563 139 1600 prio
163 1570 218 1592 suo
244 1564 390 1599 pondere,
410 1571 463 1592 nec
488 1572 547 1593 non
571 1564 720 1600 pressione
743 1574 757 1593 a
778 1565 907 1601 proxime
930 1565 1109 1601 praecedenti
1134 1565 1277 1602 particula
1306 1570 1443 1600 accepta,
1473 1570 1602 1598 sequen--

71 1619 129 1643 tem
154 1614 268 1649 premit.
308 1613 385 1643 Hinc
407 1614 462 1651 jam
486 1622 536 1650 per
561 1623 592 1643 se
625 1621 726 1651 patet,
753 1616 918 1652 particulam
951 1616 1115 1645 inferiorem
1146 1615 1236 1652 premi
1265 1623 1378 1644 summa
1410 1614 1594 1651 pressionum

74 1664 202 1694 omnium
226 1665 430 1701 particularum
455 1666 727 1702 perpendiculariter
749 1667 1075 1703 superincumbentium
1117 1666 1200 1705 Quae
1222 1666 1336 1702 quidem
1358 1665 1474 1701 pressio
1500 1672 1586 1700 auge-

71 1714 151 1744 bitur
168 1715 212 1744 vel
237 1715 402 1753 minuetur,
429 1717 528 1753 prouti
554 1716 624 1746 aliae
641 1718 797 1755 particulae
822 1720 971 1748 columnae
991 1717 1222 1755 perpendiculari
1245 1716 1408 1753 addantur,
1431 1716 1479 1745 vel
1502 1714 1538 1744 ab
1563 1721 1599 1744 ea

67 1765 237 1796 auferantur
258 1768 337 1806 (2),

1518 1815 1600 1848 Tan·

104 1906 157 1936 (ι)
176 1908 245 1931 conf·
266 1907 295 1929 V·
312 1909 361 1932 cel.
385 1914 429 1932 vn
443 1908 565 1939 swinden,
585 1910 637 1933 Por.
655 1910 720 1937 Phys.
742 1911 768 1933 1..
781 1910 821 1933 lv.
843 1907 863 1936 S.
878 1914 913 1932 12.
935 1913 958 1932 οι
974 1909 1053 1933 Amt-
1067 1907 1101 1933 ibi
1119 1907 1197 1932 huda.

102 1946 154 1976 (a)
176 1949 246 1971 conr.
264 1954 288 1971 et
304 1954 356 1972 mox
379 1955 405 1977 p.
420 1954 441 1976 ⁹·
