1913 2417
263 176 299 216 '1⁴0
530 171 848 215 aenean
907 190 1007 211 vsu
1066 181 1497 213 PRthTERER

259 270 390 306 jiiverant
414 268 498 304 (ι).
547 267 710 296 Adfuerunt
735 265 822 301 igitur
845 264 873 292 in
898 264 944 292 ilia
974 264 1153 300 expeditione
1178 263 1235 292 sere
1262 272 1359 292 omnes
1387 254 1431 292 illi
1459 264 1583 300 populi,
1613 264 1662 300 qui
1694 265 1775 300 apncss

261 320 427 347 Salaminem
456 325 648 355 pugnaverant
673 317 759 352 (2),
788 324 861 353 quos
888 323 986 343 omues
1012 316 1047 343 ad
1071 315 1289 344 Atheniensium
1314 314 1479 343 societatem
1511 324 1541 344 se
1577 316 1768 351 attplicavisse

261 370 408 405 probabile
430 378 494 405 est3
524 370 547 396 si
574 366 798 403 Peloponnesios
821 367 998 402 excipimus,
1027 366 1092 394 item
1118 357 1318 402 Megarenses,
1341 365 1561 401 Ambmcioms,
1585 366 1771 402 Leucadios,

260 421 330 456 qui,
353 428 454 456 utpote
483 421 594 453 Dor-cs,
618 417 890 454 Peloponnesiorum
910 417 1068 452 exemplum
1088 417 1178 445 secuti
1196 416 1340 445 videntur.
1382 416 1563 453 Quamquam
1594 417 1668 445 haud
1685 417 1775 451 scio,

258 481 292 500 an
314 480 370 499 eain
391 472 541 506 Aeginetae
556 478 671 505 quoque
689 469 899 496 recusaverint:
922 467 1013 496 Dores
1039 468 1113 496 enim
1135 475 1233 503 erant3
1257 475 1389 504 magnum
1416 467 1444 496 in
1461 468 1648 496 Athenienses
1669 468 1770 496 odium

258 531 365 558 semper
387 523 562 555 habuerant„
593 528 683 555 neque
713 519 937 554 frequentibus,
964 527 1035 554 quae
1061 527 1126 546 cum
1151 519 1223 554 ipsis
1250 525 1410 554 gesserant,
1433 519 1537 554 bellis,
1559 519 1639 547 valde
1658 517 1773 547 fractos

258 580 284 600 et
308 573 470 600 tiebiiitatos
487 575 637 607 Aeginetas
655 571 764 605 fuisse,
787 578 850 598 cum
869 578 903 597 ex
925 570 1034 604 classe,
1055 578 1137 605 quam
1160 570 1237 605 apud
1258 569 1400 597 Salamina
1426 572 1584 598 attulerunt
1607 570 1670 606 (3)
1704 576 1766 597 tum

259 632 290 651 cx
316 624 412 658 bello,
436 632 492 658 quo
517 623 552 651 ab
567 622 796 651 Atheniensibus
815 622 927 650 tandem
946 620 1057 648 subacti
1083 626 1150 648 sunt
1171 620 1238 657 (4)
1263 620 1332 648 satis
1355 626 1481 656 apparet.
1521 620 1565 649 De
1590 619 1772 648 Euboeensi.

259 679 331 709 bus,
357 674 423 702 (ἱεῖς,
439 694 448 707 7
478 674 597 708 Naxus,
626 673 836 709 Styrensibus,
858 671 1014 708 Cythniis‚
1043 670 1201 707 Seriphiis,
1232 671 1382 706 Siphniis,
1411 679 1469 699 non
1493 677 1538 699 est
1558 670 1770 705 dubitandum3.

255 735 317 754 mm
343 733 442 761 magna
465 734 499 753 ex
523 731 601 760 parte
624 725 707 753 Iones
731 730 828 758 erant,
858 730 885 750 et
911 723 941 750 in
965 721 1186 750 Atheniensium
1211 722 1299 751 sociis
1322 722 1438 757 saepius
1463 727 1655 750 recensentur.
1694 719 1768 749 Meli

256 783 347 805 autem
370 777 479 804 incolas
495 784 546 804 nec
564 774 795 803 Lacedaemoniis
812 782 862 802 nec
877 772 1105 802 Atheniensibus
1122 781 1183 802 sese
1201 773 1365 810 adjunxisse
1383 778 1511 801 constat.
1547 772 1694 800 Praeterea
1708 767 1769 807 ple'-

256 836 357 863 raeque
389 827 473 855 maris
499 826 602 862 Aegaei
627 826 758 860 insulae,
780 826 809 854 in
835 825 879 853 his
905 824 1019 859 Chios,
1041 824 1162 858 Samos,
1183 822 1296 852 Lesbos
1319 832 1383 852 cum
1407 822 1632 852 Atheniensibus
1650 830 1681 851 se
1695 830 1775 851 cou-

253 882 408 917 junxerunt
423 899 432 912 ‚
453 878 517 905 item
535 877 633 911 ionia,
651 876 768 911 Aeolia,
787 876 891 910 Caria,
914 883 1033 910 quarum
1050 873 1198 910 regionum
1215 875 1326 903 incolae
1340 875 1382 903 ab·
1392 875 1517 903 Athenis
1529 874 1666 910 originem
1683 873 1775 902 duce-

256 931 337 960 bant.
379 929 435 957 Aiii
463 936 579 964 quoque
609 927 711 963 populi
734 926 954 955 Atheniensium
984 925 1056 954 socii
1081 924 1218 961 fuerunt,
1246 934 1368 961 quorum
1393 926 1494 962 partim
1526 924 1620 954 brevis
1654 930 1772 954 tantum.

255 981 394 1017 temporis
423 979 586 1007 societatem
609 977 750 1012 inieruntg.
772 977 806 1004 de
828 976 935 1011 quibus
964 975 994 1002 in
1022 974 1077 1002 fine
1098 975 1186 1011 hujus
1211 977 1319 1012 capitis
1337 977 1460 1006 brevitet·
1485 977 1634 1011 dicemus,
1653 975 1759 1012 partim

253 1033 399 1069 αὐτονομίᾳ
417 1037 573 1066 numquam
593 1028 640 1057 usi
660 1033 747 1062 sunt,
775 1026 826 1055 sed
847 1025 944 1054 statim
971 1026 1077 1060 ὑπήκοοι
1104 1025 1241 1067 fuerunt3
1269 1035 1344 1063 quos
1366 1027 1457 1064 igitur
1479 1035 1605 1062 sequens
1629 1027 1659 1055 in
1680 1031 1770 1062 caput

252 1083 409 1121 rejicimus.
449 1080 595 1116 Denique,
618 1087 707 1115 quum
727 1076 945 1106 Atheniensium
964 1076 1114 1111 coloniae,
1134 1077 1201 1105 licet
1215 1078 1373 1113 αὐτόνομοι,
1396 1078 1513 1114 propria
1529 1077 1666 1113 quaedam
1682 1077 1771 1114 jura,

254 1133 386 1171 proprias
410 1140 476 1160 cum
508 1131 661 1167 metropoli
683 1136 845 1160 contractas
875 1128 998 1157 rationes
1031 1128 1202 1165 habuerint,
1232 1129 1266 1157 de
1289 1129 1335 1158 his
1364 1136 1480 1165 quoque
1509 1136 1603 1165 pauca
1629 1128 1772 1165 quaedam

253 1185 432 1223 adjiciemus.
458 1202 461 1204 —

298 1235 396 1273 Quum
422 1234 511 1270 igitur
534 1231 755 1262 Atheniensium
781 1231 877 1260 socios
901 1230 1007 1260 liberos
1029 1229 1307 1266 enumeravfflmus,
1335 1237 1414 1259 nnnc
1435 1229 1471 1258 ad
1499 1230 1592 1266 ipsam
1614 1229 1769 1260 socletatis

254 1287 394 1316 rationem
420 1284 616 1320 exponendam
647 1283 812 1312 accedamus
829 1303 839 1318 ,
862 1291 947 1319 quam
978 1283 1021 1312 A..
1046 1290 1104 1321 470
1131 1290 1146 1310 a
1169 1281 1208 1311 C.
1235 1289 1268 1311 n.
1297 1289 1398 1318 magna
1429 1281 1565 1311 Graeciae
1595 1289 1662 1318 pars
1694 1287 1770 1311 cum-

255 1336 481 1368 Atheniensibus
504 1335 581 1371 iniit.

294 1384 413 1421 Causa‚'
428 1393 511 1421 quam
535 1391 602 1420 prae
623 1391 655 1411 se
677 1382 805 1411 ferebant
826 1382 930 1411 Graeci
951 1382 1098 1411 societatis
1122 1382 1279 1418 ineundae,
1301 1383 1375 1412 haec
1394 1388 1471 1418 erat,
1501 1389 1535 1411 ut
1556 1381 1702 1411 vastandis
1723 1388 1767 1410 re-

257 1439 301 1477 gis
325 1438 409 1466 terris
434 1435 553 1471 injurias
586 1442 601 1463 a
630 1433 723 1462 Persis
751 1439 882 1468 acceptas
915 1432 1121 1461 ulciscerentur
1145 1433 1233 1469 (5):
1266 1431 1356 1469 igitur
1386 1432 1524 1468 pecuniae
1551 1431 1768 1466 requirebantur

257 1498 287 1520 et
310 1497 414 1519 naves:
439 1485 631 1515 constitutum
654 1490 716 1519 est,
746 1491 882 1519 quaenam
906 1483 1037 1512 civitates
1060 1482 1168 1512 tributa
1198 1483 1381 1518 conferrent,
1409 1490 1545 1519 quaenam
1573 1490 1660 1511 naves
1686 1489 1767 1518 prae-

256 1542 364 1570 berent,
405 1538 471 1575 Qua
493 1537 522 1565 in
546 1545 574 1564 re
604 1541 708 1572 quanta
736 1535 865 1572 Justitiae
887 1535 963 1563 fama
994 1534 1140 1563 Aristides
1162 1542 1212 1570 per
1233 1541 1320 1563 totam
1345 1533 1494 1563 Graeciam
1521 1533 1653 1569 floreret,
1680 1541 1770 1569 appa·

259 1592 330 1621 ruit.
373 1589 451 1619 Socii
475 1587 569 1622 enim,
592 1587 762 1623 cupientes,
783 1586 839 1615 sibi
867 1594 920 1622 pro
942 1585 1130 1614 facultatibus
1150 1585 1286 1621 pecunias
1307 1585 1457 1621 imperari,
1485 1585 1520 1613 ab
1541 1584 1769 1614 Atheniensibus

258 1641 420 1672 Aristidem
447 1638 630 1676 petiverunt,
652 1637 703 1673 qui
718 1658 728 1673 ,
748 1637 914 1674 regionibus
939 1636 1137 1672 reditibusque
1159 1636 1306 1672 cognitis,
1334 1643 1392 1664 rem
1416 1635 1569 1664 ordinaret.
1609 1635 1702 1673 Quam
1726 1635 1768 1664 ita

257 1692 406 1726 confecit,
433 1696 466 1717 ut
488 1689 574 1726 (6),
604 1688 840 1724 quemadmodum
865 1688 933 1716 oiim
964 1686 1081 1716 Saturni
1106 1693 1206 1722 -aetas,
1234 1687 1273 1715 ita
1303 1685 1338 1714 ab
1360 1685 1579 1716 Atheniensium
1606 1685 1696 1714 sociis
1715 1685 1768 1714 tri-

259 1744 363 1773 butum
392 1739 536 1770 Aristidis
566 1739 700 1769 laudibus
732 1739 931 1769 celebraretur.
973 1737 1138 1777 Quotannis
1167 1738 1227 1776 460
1256 1737 1360 1767 talenta
1388 1736 1611 1767 conferebantur
1630 1736 1699 1774 (7)
1731 1736 1767 1764 ab

1712 1785 1777 1826 iis,

287 1860 342 1888 (ι)
362 1859 444 1881 Hnrod.
463 1857 511 1883 VI,
531 1858 580 1880 108·

287 1903 340 1932 (α)
361 1903 408 1923 Hos
429 1904 544 1922 enumerat
560 1897 643 1921 Herna.
660 1897 729 1925 vm,
750 1902 857 1926 43-49.

287 1945 342 1975 (³)
362 1940 443 1963 Herod,
463 1939 576 1966 vlil‚4⁵.
689 1939 741 1967 (4)
762 1938 857 1965 Thueya.
880 1938 907 1967 1,
924 1942 975 1966 ¹⁰5·

290 1991 344 2020 (⁵)
359 1987 452 2014 τηεμ.
470 1987 494 2012 1,
508 1986 545 2013 96.
569 1980 716 2013 Πρόσχημιι
733 1993 767 1999 -
785 1979 810 2009 ἦν
830 1981 968 2012 ἀμύνεσθαι
992 1977 1024 2008 ὂν
1044 1978 1150 2008 gradosa,
1172 1976 1296 2011 δῃοῦντας
1320 1980 1368 2009 τῆν
1384 1975 1515 2011 βασιλέως
1536 1975 1635 2011 χώραν.

291 2032 344 2063 (6)
359 2031 433 2054 verba
453 2026 574 2050 Plutarchi
600 2033 650 2050 sunt
670 2027 693 2049 in
713 2026 789 2048 driu.
813 2032 837 2049 c.
853 2031 891 2054 2⁴·
1065 2026 1119 2054 (7)
1140 2023 1235 2053 Thucyd.
1254 2024 1282 2053 1,
1299 2022 1338 2053 96,
