1913 2417
262 152 651 193 coM'MENTA‘rto
680 166 729 189 An
759 154 1132 196 QUAESTtONEM
1154 160 1449 200 JURIDICAM.
1566 170 1602 199 41

418 510 798 544 SECTIO
886 511 1282 549 TERTIA.

148 639 199 665 DE
227 639 403 670 JURIBUs
431 638 614 660 ABSENTI
641 639 791 660 DEMUM
819 639 919 660 POST
948 639 1206 668 DISCESSUM,
1235 642 1318 664 AUT
1347 642 1549 668 ULTIMUM

506 690 705 711 NUNTIUM
731 691 980 720 ACCEPTUM,
1007 692 1201 714 DELATrs.

795 804 827 840 §-
872 813 898 834 1.

87 856 298 926 :Absolutis
324 892 431 930 igitur,
454 899 525 927 quae
545 891 663 922 dicenda
683 891 853 921 videbantur
869 892 904 921 de
924 891 1097 921 Absentiam
1117 892 1234 930 juribus
1256 898 1321 922 ante
1342 894 1513 924 Absentiam
1533 895 1598 933 jam

88 946 270 981 acquisitis,
290 952 362 980 quae
390 944 431 972 sic
451 951 547 971 eorum
573 944 749 980 patrimonio
770 944 834 980 jure
857 944 1000 972 accenseri
1023 952 1174 980 poterant,
1202 945 1236 973 de
1259 946 1399 975 Absentis
1425 949 1601 983 patrimonio

89 997 249 1026 ordinando
272 997 392 1024 damme
417 995 468 1022 hac
486 995 576 1030 prima
601 995 757 1023 Absentiae
783 994 922 1030 periodo,
943 1002 971 1023 et
996 996 1030 1023 de
1048 995 1203 1024 Absentiae
1226 996 1376 1026 effectibus
1397 998 1427 1026 in
1453 999 1598 1027 matrimo-

91 1047 190 1081 nium,
211 1054 239 1075 et
261 1047 457 1074 conditionem
475 1045 651 1079 liberorum,
674 1051 822 1081 superest,
844 1053 876 1074 ut
898 1045 1096 1080 inquiramus,
1119 1046 1188 1081 quid
1210 1048 1283 1082 juris
1310 1048 1366 1084 sit,
1389 1048 1432 1083 si,
1449 1056 1606 1085 postquam

90 1098 159 1134 quis
181 1107 197 1126 a
225 1098 286 1126 suis
315 1097 499 1131 discesserit„
518 1097 582 1132 jura
607 1097 741 1132 quaedam
766 1096 822 1131 ipsi
844 1097 933 1124 delata
957 1096 1074 1124 fuerint.
1118 1096 1194 1124 Nam
1220 1088 1286 1125 licet
1309 1099 1343 1126 de
1369 1098 1414 1126 his
1438 1099 1467 1127 in
1492 1100 1604 1130 Codice

86 1155 191 1184 Vagatur
207 1149 236 1177 in
256 1148 362 1184 Capite
383 1149 416 1175 de
439 1148 593 1175 declaratae
615 1147 770 1175 Absentiae
793 1146 942 1175 effectibus
966 1153 1028 1175 art.
1049 1148 1243 1183 135—138.‚
1273 1148 1302 1176 id
1323 1148 1396 1176 nihil
1421 1150 1538 1180 obstare
1563 1153 1608 1180 vi-

84 1200 190 1234 detur,
213 1207 271 1234 quo
296 1200 392 1227 minus
414 1198 449 1226 ad
474 1199 549 1226 hunc
574 1200 668 1226 locum
698 1207 728 1226 ea
749 1199 900 1226 commode
928 1198 1154 1233 transferamus,
1182 1207 1272 1233 quum
1297 1200 1332 1227 ad
1364 1208 1462 1229 omnes
1488 1202 1604 1232 Absen-

87 1250 144 1279 tiae
169 1250 302 1286 periodos
327 1257 416 1285 aeque
435 1248 530 1277 referri
557 1250 694 1284 possint,
715 1255 743 1276 et
768 1248 809 1276 sie
833 1255 942 1277 tantum
968 1249 1103 1277 universe
1129 1250 1237 1285 adjecta
1264 1250 1414 1278 videantur
1435 1251 1464 1279 in
1493 1252 1605 1282 Sectio-

72 1309 124 1331 -ne
143 1309 170 1330 2.
206 1300 324 1336 Capitis
353 1300 402 1329 ill.
438 1307 508 1336 post
538 1300 699 1328 absolutam
726 1299 888 1336 materiam,
919 1308 992 1335 quae
1017 1300 1186 1336 singulatim
1214 1301 1249 1329 ad
1277 1309 1421 1337 quamque
1449 1304 1602 1339 periodum

85 1351 250 1389 pertineret.
594 1386 605 1396 K

124 1403 182 1431 Sed
206 1410 294 1438 quum
321 1410 420 1439 magna
445 1403 485 1431 sit
506 1403 657 1439 quaestio,
679 1409 774 1432 uti-um
796 1404 864 1433 haec
887 1403 1017 1433 doctrina
1040 1403 1123 1432 etiam
1148 1404 1288 1440 pertineat
1310 1405 1345 1433 ad
1366 1405 1510 1435 Absentes
1536 1412 1602 1435 ante

86 1453 256 1483 declaratam
281 1452 469 1490 Absentiam,
492 1463 553 1484 sive
572 1456 708 1484 Abi-entes
727 1462 927 1492 praesumtos,
948 1464 1022 1490 quos
1045 1462 1172 1491 vocant,
1194 1465 1229 1485 ne
1254 1464 1357 1485 temere
1379 1457 1451 1485 hanc
1472 1456 1607 1484 omisisse

89 1504 256 1538 videamur,
283 1510 347 1532 ante
369 1505 465 1533 omnia
488 1506 587 1540 paucis
614 1506 681 1533 haec
709 1514 753 1533 res
777 1513 821 1533 est
845 1506 1030 1540 explananda.
1072 1506 1246 1543 Negantiurn
1271 1515 1365 1543 partes
1387 1513 1484 1534 tuetur
1508 1506 1607 1534 Male·

88 1550 209 1586 vultus,
239 1553 280 1580 ad
306 1555 334 1582 h.
359 1554 383 1582 l.
411 1554 497 1584 Tom.
518 1556 543 1584 Ι.
575 1564 605 1590 p.
627 1564 712 1591 153„
742 1557 826 1591 eique
849 1556 941 1584 favere
965 1557 1099 1585 videntur
1124 1558 1280 1586 nonnullae
1304 1557 1505 1585 Tribunaliuin
1537 1566 1605 1587 sen·

66 1602 213 1637 .⁴tentiae,
234 1601 292 1630 imo
313 1602 406 1637 ipsius
426 1604 532 1632 Curiae
556 1613 724 1640 supoemoe,
755 1614 826 1640 quas
859 1606 928 1634 citat
956 1607 1207 1645 Sparagenbcrgius
1244 1607 1286 1635 ad
1310 1613 1371 1636 art.
1396 1609 1460 1644 136.
1495 1615 1552 1637 not.
1574 1617 1601 1645 3.

95 1652 208 1682 Contra
226 1661 292 1681 vero
310 1653 439 1682 sentiunt
459 1654 604 1690 Lamus,
622 1663 654 1691 p.
673 1663 749 1693 495,
767 1664 835 1691 sqq.
859 1656 1100 1693 Delvinourcius‚
1125 1657 1211 1687 Tom.
1230 1656 1254 1686 Ι.
1276 1666 1306 1693 p.
1325 1665 1392 1694 355.
1420 1659 1449 1687 in
1466 1659 1488 1689 f⁴
1505 1665 1532 1687 et
1551 1668 1600 1695 sq.

70 1703 265 1737 *Zacharicss
299 1704 332 1732 in
363 1704 559 1740 Enchiridio,
593 1705 725 1735 Tom.1.
757 1716 788 1742 p.
819 1715 859 1736 m.
880 1709 932 1742 46.
961 1714 988 1736 et
1012 1708 1168 1736 nonnullae
1194 1708 1396 1737 Tribunalium
1427 1711 1602 1746 sententiae,

90 1761 215 1790 quotum
241 1753 270 1781 in
294 1761 387 1790 partes
417 1756 480 1791 ipse
505 1756 627 1784 discedit
652 1757 920 1795 Spangetzbergius,
940 1764 988 1794 et,
1010 1767 1055 1787 me
1074 1759 1187 1795 quidem
1203 1759 1318 1795 judice,
1341 1767 1433 1789 recte:
1455 1769 1519 1789 nam
1541 1768 1603 1797 quo

93 1804 276 1842 potissimum
304 1804 407 1832 nititur
428 1813 597 1842 argumento
625 1814 726 1836 contra
752 1808 937 1837 sentientium
963 1810 1085 1846 opinio,
1112 1818 1145 1838 ex
1167 1817 1232 1839 art.
1254 1818 1317 1846 1¹3·
1338 1811 1449 1848 petito,
1470 1812 1542 1841 illud
1566 1812 1609 1841 fa-

89 1855 149 1884 cile
170 1853 329 1887 refellitur.
349 1862 376 1883 et
403 1862 448 1884 tot
471 1864 539 1885 sunt
562 1858 682 1893 insuper
702 1859 811 1887 validae
838 1859 984 1895 rationes,
1019 1869 1092 1896 quae
1116 1867 1244 1890 nostram
1270 1863 1439 1897 sententiam
1467 1870 1606 1900 tuentur,

92 1911 127 1934 ut
147 1910 234 1933 totam
255 1905 331 1933 illam
353 1905 514 1936 Sectioncm
533 1916 563 1937 2.
588 1908 703 1944 Capitis
718 1909 770 1939 ΙΙΙ.
793 1910 876 1939 etia-m
900 1911 935 1939 ad
955 1911 1031 1940 hunc
1051 1912 1149 1941 locum
1171 1911 1274 1940 referre
1292 1919 1352 1942 non
1374 1914 1553 1944 dubitemus.

133 1955 361 1994 Distinguendos
388 1964 472 1994 putat
492 1959 677 1990 Malevillius
701 1969 771 1998 eos,
801 1962 853 1998 qui
876 1962 977 1993 abesse
1003 1969 1114 1994 tantum
1137 1963 1310 2004 creduntur,
1337 1966 1372 1996 ab
1395 1965 1451 2001 iis,
1479 1972 1602 2000 quorum

825 2012 847 2041 F
1545 2016 1611 2044 Ab.
