1913 2417
309 162 346 198 4⁸
670 165 1459 214 G.c.RB.sUR1NGAR

1026 254 1125 289 §.8.

493 325 552 354 Hic
571 327 669 365 liquor
686 328 809 357 inservit
830 327 873 356 ad
890 337 981 357 omnes
995 329 1119 367 plantae
1136 337 1236 370 partes
1256 329 1422 362 evolvendus
1441 337 1469 360 et
1488 331 1672 361 nutriendas.

359 400 412 430 Per
443 402 520 430 hunc
546 402 709 439 liquorem,
736 413 751 432 a
775 403 859 433 foliis
890 413 1105 442 praeparatum,
1133 409 1307 437 evolvuntur
1326 416 1469 446 gemmae,
1499 408 1670 438 nutriuntur
1698 407 1782 438 flores
1804 413 1833 437 et

319 452 452 488 fructus,
474 461 532 482 uno
557 454 646 483 verbo
670 455 749 483 nulla
775 461 818 483 est
840 456 1001 491 plantarum
1027 466 1111 494 pars,
1133 460 1204 494 quin
1227 459 1283 487 hoc
1305 459 1418 495 liquore
1436 459 1527 489 alatur
1550 460 1652 499 (15).

357 502 437 531 Haec
460 503 530 532 mihi
556 513 639 540 seqq.
665 505 865 541 experimentis
889 508 963 536 ultra
984 508 1103 537 dubium
1126 510 1196 545 poni
1227 509 1377 539 videntur:

361 562 388 584 1.
414 553 543 584 Dimidia
569 555 705 585 foliorum
738 564 817 593 parte
842 559 953 594 privata
984 559 1069 588 arbor
1096 560 1212 597 juvenis
1238 569 1380 597 succosa,
1408 567 1478 598 post
1503 561 1615 598 aliquot
1642 560 1702 590 dies
1735 561 1832 591 succis

317 604 382 633 suis
403 605 500 634 orbata
527 606 689 636 invenitur:
716 614 835 643 cortex,
857 609 908 645 qui
930 616 995 639 ante
1016 611 1239 647 experimentum
1270 611 1354 640 facile
1376 612 1528 641 admodum
1553 613 1587 641 de
1609 611 1689 648 ligno
1720 620 1834 648 separa-

318 654 424 692 batur,
446 665 523 687 nunc
544 658 644 687 intime
666 667 732 687 cum
756 668 789 687 eo
807 661 960 696 cohaeret,
984 667 1012 689 et
1036 662 1070 689 de
1092 670 1126 690 eo
1152 663 1278 698 separari
1300 663 1402 698 nequit
1420 663 1519 700 (16).

357 714 388 736 2.
416 707 534 744 Planta,
556 717 628 745 quae
646 710 760 746 saepius
781 710 918 740 foliorum
937 718 1016 748 parte
1029 712 1165 748 orbatur,
1187 721 1255 742 mox
1272 720 1433 743 excavatur.
1475 713 1565 742 Nulla
1587 713 1736 742 invenitur
1753 713 1836 749 plan-

319 762 349 786 ta
370 757 429 795 (17
443 759 480 794 )‚
501 766 621 796 excepto
644 760 800 797 Gramine,
821 769 894 798 quae
913 763 1027 799 saepius
1049 763 1198 799 repetitam
1229 763 1369 794 foliorum
1395 764 1572 794 orbationem
1595 764 1657 793 sine
1677 772 1752 793 noxa
1771 771 1835 800 per-

316 807 390 837 ferre
409 810 504 845 possit
529 811 623 848 (18).

360 867 389 895 3.
420 859 505 889 Side
529 870 607 890 ramo
631 861 800 899 fructifero,
822 870 872 893 aut
893 864 1014 893 floribus
1039 871 1161 901 ornato,
1187 865 1352 894 auferantur
1379 865 1450 894 folia
1473 865 1581 902 multa,
1603 874 1671 895 mox
1695 864 1780 894 flores
1806 869 1834 893 et

316 908 434 939 fructus
451 912 568 941 marcidi
588 913 684 950 fiunt,
710 921 737 942 et
752 922 871 951 pereunt
893 916 992 954 (19).
1031 915 1176 947 Omnibus
1201 917 1236 947 de
1252 917 1349 953 planta
1372 916 1490 945 remotis
1514 915 1613 952 foliis,
1635 917 1669 947 de
1691 917 1752 954 ejus
1775 916 1834 945 vita

317 961 488 998 plerumque
509 970 603 992 actum
628 971 684 996 est.

357 1019 384 1049 4.
413 1012 534 1043 Annulo
555 1016 589 1044 de
608 1017 700 1053 caulis
716 1017 824 1047 cortice
842 1025 994 1055 separato,
1017 1025 1045 1047 et
1068 1018 1136 1048 hinc
1157 1018 1305 1054 liquorum
1330 1017 1359 1046 in
1376 1017 1484 1046 cortice
1507 1018 1648 1047 descensu
1670 1018 1833 1054 impedito,

317 1061 458 1092 radiculae
478 1072 537 1094 non
560 1067 657 1096 evolvi
677 1074 819 1104 possunt,:
843 1069 991 1106 liquorum
1012 1076 1108 1098 autem
1134 1070 1275 1098 descensu
1297 1075 1453 1106 promum,
1475 1069 1603 1097 radicum
1624 1068 1832 1098 incrementum

313 1112 421 1143 mirum
444 1114 473 1144 in
497 1117 612 1145 modum
636 1124 766 1155 augetur.

357 1171 385 1201 s.
415 1165 447 1195 Si
468 1165 539 1196 folia
560 1167 676 1198 fructus
701 1169 924 1206 circumdantia,
946 1171 1040 1208 iisque
1060 1180 1075 1200 a
1099 1172 1200 1200 natura
1223 1171 1377 1208 apposita,
1403 1170 1437 1199 ab
1457 1170 1575 1201 insectis
1601 1169 1784 1206 perforantur
1805 1175 1833 1198 et

315 1216 441 1252 cadunt,
469 1226 536 1247 mox
558 1219 641 1248 etiam
667 1220 801 1258 fructus,
827 1222 938 1251 etiamsi
961 1230 1111 1259 nusquam
1133 1222 1293 1259 perforati,
1322 1221 1422 1252 exinde
1444 1222 1524 1259 quod
1544 1229 1604 1251 non
1629 1221 1755 1259 ampssus
1779 1228 1834 1250 nu-

316 1266 381 1295 triri
401 1275 548 1305 possunt,
568 1270 714 1302 decidunt.

359 1318 389 1347 6.
421 1318 513 1349 Foliis
537 1320 659 1352 stimulo
673 1323 768 1354 alieno
786 1331 814 1353 et
836 1324 957 1354 inimico
977 1324 1091 1361 (halitu
1113 1333 1145 1353 v.
1168 1333 1196 1353 c.
1220 1324 1369 1360 sulphuris
1391 1324 1546 1360 accensi‚)
1565 1323 1699 1358 affectis,
1720 1329 1748 1352 et
1763 1322 1834 1353 hinc

317 1368 537 1412 decidentibus,
565 1373 730 1404 moriuntur
751 1375 886 1412 fructus,
914 1376 1023 1404 etiamsi
1048 1375 1104 1405 hoc
1131 1376 1251 1404 stimulo
1279 1383 1339 1404 non
1362 1373 1467 1403 affecti.
1512 1374 1577 1403 Hoc
1603 1375 1667 1410 ipsa
1691 1373 1767 1402 tristi
1786 1381 1834 1402 ex-

318 1420 457 1454 perientia
483 1424 616 1453 constitit
644 1426 710 1454 anni
734 1427 828 1464 1783,
856 1427 902 1455 die
930 1436 967 1463 24
984 1426 1085 1463 Junii,
1114 1434 1174 1462 quo
1204 1426 1249 1453 die
1282 1433 1333 1461 per
1357 1431 1446 1454 totam
1473 1425 1532 1454 fere
1563 1425 1708 1461 Europam
1730 1424 1836 1454 nebula

318 1469 378 1500 fuit
400 1473 552 1503 observata
574 1476 768 1512 sulphur-osae
801 1476 909 1506 indolis
937 1478 1043 1515 (20),
1072 1478 1131 1513 qua
1158 1476 1354 1505 afficiebantur
1381 1474 1504 1512 plurima
1527 1475 1714 1513 vegetabilia,
1739 1475 1779 1504 ita
1802 1482 1835 1504 ut

1752 1527 1835 1563 plan-

343 1561 414 1589 (15)
437 1563 490 1586 Vid.
507 1564 650 1593 Malpr'ghn't,
670 1566 742 1590 Anae.
764 1566 842 1589 Plant.
863 1567 878 1589 Ι.
898 1573 917 1590 c.
935 1572 984 1595 pag.
999 1573 1034 1593 55.

343 1602 413 1630 (16)
435 1604 485 1626 Vld.
503 1603 678 1626 Vaderlandschae
702 1607 926 1635 Lenernefentngen,
948 1610 1050 1631 Tweede
1067 1608 1138 1634 neci,
1159 1609 1186 1631 Π.
1203 1608 1274 1635 Stuk,
1297 1613 1345 1635 pag.
1362 1607 1412 1630 681.

348 1643 412 1669 (¹⁷)
433 1645 486 1672 jure
506 1645 570 1672 igitur
587 1647 609 1669 in
629 1647 718 1671 Vaderl.
739 1648 889 1676 Lemrvesaen.
908 1649 924 1672 Ι.
945 1656 964 1670 c.
983 1655 1100 1672 monetur:
1121 1664 1138 1676 „
1151 1650 1205 1671 Men
1226 1650 1268 1671 kan
1291 1650 1413 1671 deth-iven
1432 1646 1471 1669 het
1492 1646 1587 1673 gebi-nik
1609 1647 1659 1669 dier
1679 1647 1764 1668 boet-en
1786 1646 1834 1668 ule:

314 1699 333 1710 ,.
349 1685 510 1713 goedkeuren,
530 1687 566 1709 die
585 1689 660 1710 bunne
679 1690 777 1717 schapen
796 1696 826 1718 op
846 1691 892 1712 hun
919 1692 994 1713 koom
1012 1691 1091 1718 ingen,
1116 1695 1223 1712 wanneer
1249 1689 1287 1712 het
1313 1690 1400 1711 hunnes
1425 1689 1532 1710 oon-decl:
1554 1689 1575 1711 al
1594 1693 1617 1709 te
1636 1686 1682 1714 ‘eu
1701 1693 1731 1710 eu
1751 1688 1833 1714 weeng

316 1737 336 1751 ,‚
352 1730 408 1747 voor
425 1726 470 1748 den
492 1729 534 1754 dag
553 1729 640 1752 koomt.

345 1765 414 1793 (18)
436 1768 525 1792 Vaderl.
543 1769 682 1798 Leueroefn.
701 1772 717 1795 Ι,
737 1778 756 1795 c.

344 1805 414 1833 (¹9)
438 1808 495 1831 Hinc
516 1809 698 1838 intelligendum,
719 1815 777 1835 male
797 1820 862 1841 agere
882 1815 1030 1843 nortmanos,
1045 1814 1090 1842 {qui
1110 1814 1166 1837 folin
1192 1813 1250 1837 vitis
1275 1812 1387 1836 vinifer-e
1407 1813 1526 1838 num-unt,
1546 1815 1576 1833 eo
1598 1809 1711 1837 consino,
1732 1814 1757 1831 ut
1776 1806 1834 1831 radii

314 1848 400 1870 ”¹²¹5
417 1850 485 1876 “ugk
504 1852 530 1872 ‘d
552 1851 601 1875 eius
621 1853 705 1876 fructus
726 1856 837 1877 accedere
855 1857 957 1883 possint,
972 1862 1041 1883 quum
1056 1857 1101 1878 hoc
1114 1856 1165 1883 ipso
1178 1862 1202 1877 et
1218 1855 1336 1882 absorptio
1349 1860 1371 1876 et
1390 1854 1487 1876 secretio
1501 1853 1612 1880 liquorum
1628 1852 1694 1879 plane
1706 1851 1832 1872 turbentur.

344 1889 414 1916 (αθ)
438 1890 490 1912 Vid.
511 1892 601 1914 illustris
620 1895 642 1916 S.
653 1894 678 1918 J.
692 1895 829 1922 Brngmam,
851 1897 1041 1923 Nataurkrmdige
1058 1895 1224 1922 Verbandeling
1242 1899 1285 1916 etc.
1316 1894 1388 1917 Confl‘.
1407 1892 1582 1913 Vadtrlaffdt‘h'
1603 1890 1832 1917 1-“10'0‘s'nfnl‘fl9

313 1928 344 1949 v.
359 1929 428 1951 noeis
448 1931 476 1952 n.
493 1934 566 1959 nuk,
583 1940 632 1961 pag.
647 1937 779 1961 «ηε-633.
811 1937 931 1959 v1.1)ee1s
951 1938 979 1960 11.
991 1938 1067 1964 siuk,
1089 1945 1112 1964 p.
1129 1939 1265 1963 240-252-
1298 1934 1496 1960 Nummorum,
1516 1934 1558 1955 hac
1575 1934 1603 1954 de
1626 1932 1724 1958 nebula,
1748 1931 1833 1957 Lingua

311 1968 446 1993 Germ-nica
473 1975 669 2002 conscriptorum,
688 1977 794 1999 ubi-nrum
815 1977 881 1999 index
904 1978 948 2000 vid,
972 1979 993 2000 in
1016 1975 1205 2004 Anfangtgriiudn
1225 1976 1264 1997 dn
1284 1974 1422 1995 Naturtehre
1443 1980 1482 1996 von
1497 1973 1522 1998 J.
1539 1972 1685 2000 &Polykup
1699 1971 1828 2000 Brxlcbun,

308 2007 346 2031 fite
361 2011 465 2038 Auflage.
488 2015 528 2036 mir
552 2012 747 2043 Verbexscrungen
769 2024 813 2040 von
833 2018 895 2042 G.J.
910 2018 1075 2045 Li'chtenberg,
1096 2018 1195 2043 αϋιιίιιι.
1212 2021 1280 2044 1794,
1303 2021 1354 2043 pag.
1367 2020 1408 2042 701
1429 2020 1451 2037 et
1471 2021 1519 2042 seq.
