1913 2417
355 199 633 231 RESPONS‘IO
653 198 707 228 Ἅι)
737 196 1103 236 QUA‘ESTIONEM
1131 195 1554 233 PHILOSOPIIICAM.
1662 211 1698 241 3)

190 289 195 293 ’
231 286 271 314 At
298 283 495 320 Scepticorum
521 283 646 311 sedatum
670 280 727 310 fuit
754 288 780 309 et
802 282 1028 319 philosophandi
1048 289 1074 311 et
1097 283 1236 312 orationis
1260 291 1371 320 genus,
1400 285 1576 321 dignumque
1600 286 1695 321 philo-

186 337 286 373 sopho
312 342 339 364 et
363 334 517 363 meditandi
542 333 718 369 intentione,
739 341 790 362 nec
813 334 882 362 adeo
899 334 1062 362 'luminibus
1086 333 1241 370 frequens,
1273 343 1357 370 quam
1384 337 1513 364 acumine
1540 338 1690 367 conditum

184 395 212 417 et
233 387 381 416 sententiis
406 393 574 422 praegnans.
1696 377 1697 381 ’

224 437 399 467 Abundabat
430 436 561 471 denique
588 436 825 464 Academicorum
856 435 947 464 oratio
980 443 1037 464 usu
1066 442 1093 465 et
1124 436 1326 466 exercitatione
1358 435 1537 466 dialectices:
1566 438 1693 474 Sceptici

183 499 243 519 non
268 489 378 517 minora
407 494 573 524 argumenta
595 487 758 522 auxiliaque
780 487 814 515 ab
836 487 898 523 ejus
930 486 1059 516 artificiis
1088 489 1309 523 mutuabantur,
1341 496 1369 516 et
1402 489 1521 525 insuper
1552 491 1695 525 peculiare

181 541 324 577 quoddam
347 539 460 567 dicendi
483 547 574 575 genus
598 538 796 574 usurpabant,
818 537 960 574 Scepticis
987 538 1135 567 vocabulis
1157 539 1292 574 plenum,
1315 537 1443 576 aliaque,
1466 549 1552 576 quam
1579 542 1690 578 vulgari

185 590 418 628 significatione,
437 595 466 618 et
491 590 576 618 variis
594 589 733 625 cautelis,
754 597 867 625 septum
890 598 921 618 ac
941 590 1094 618 munitum.

223 643 277 671 His
295 642 374 671 notis
403 641 510 669 formae
529 640 680 669 diversitas
700 641 877 670 continetur.
918 641 1035 669 Scilicet
1058 640 1264 677 Scepticismus
1288 648 1331 671 est
1355 650 1416 677 res,
1438 648 1470 670 ut
1495 640 1620 678 dicitur,
1645 651 1695 671 ne·

186 694 299 731 gativa3
323 684 361 722 in*
376 700 462 729 quam
482 701 541 721 non
561 692 636 720 cadit
658 692 861 728 dispositionis
886 691 1035 720 effatorum
1049 713 1059 728 ,
1081 693 1226 721 doctrinae
1249 702 1360 729 nexus,
1391 694 1507 722 aliarum
1537 703 1628 723 rerum
1653 695 1698 723 in.

184 744 359 781 vestigatio,
383 752 456 780 quae
480 743 704 780 dogmaticarum
724 743 843 772 formam
867 743 1084 779 disciplinarum
1105 744 1309 774 constituunt:
1341 753 1392 774 nec
1412 751 1509 781 potest
1538 746 1606 774 adeo
1631 746 1699 774 Sce-

182 797 261 834 ptica
285 795 432 832 pugnandi
454 795 526 822 ratio
547 794 604 823 nisi
625 795 768 823 universis
793 794 963 830 quibusdam
989 795 1079 831 signis
1102 795 1318 831 comprehendi.

219 847 373 875 Hactenus
394 845 559 881 discrepans
581 851 625 873 est
649 845 801 873 declaratio
821 845 925 874 indolis
946 845 1153 881 Philosophiae
1172 847 1358 875 Academicae
1378 854 1405 875 et
1426 847 1597 883 Scepticae:
1619 848 1693 876 alius

183 897 358 927 discriminis
381 896 448 925 fons
471 903 514 924 est
540 896 570 924 in
596 895 749 931 utriusque
771 895 941 932 disciplinae
963 895 993 925 in
1017 895 1176 925 universam
1200 897 1417 934 philosophiam
1441 898 1632 934 auctoritate,
1655 896 1698 927 fa-

181 950 221 978 tis
244 955 270 977 ct
295 948 394 977 habitu
421 946 561 977 exrern0.'

222 999 457 1029 Academicorum
482 998 510 1026 in
532 997 695 1026 universam
721 995 936 1034 philosophiam
958 995 1114 1026 auctoritas
1141 997 1226 1027 arctis
1252 997 1358 1028 finibus
1386 999 1605 1035 circumscripta
1621 999 1690 1029 fuit.

182 1050 298 1080 Etenim
323 1050 490 1078 Academiae
512 1048 721 1084 Scepticismus
745 1049 957 1084 quodammodo
981 1049 1077 1077 vocari
1101 1056 1197 1084 potest
1219 1050 1380 1086 relativus,
1410 1051 1518 1086 quippe
1540 1051 1589 1085 qui
1614 1049 1694 1079 solos

185 1101 301 1130 Stoicos
325 1099 458 1136 petebat:
480 1099 547 1127 dum
573 1099 682 1135 reliqua
704 1100 786 1128 turba
809 1099 1046 1136 Dogmaticorum
1072 1100 1106 1128 ab
1133 1101 1211 1129 omni
1244 1107 1320 1129 metu
1350 1102 1436 1130 llbera
1459 1101 1598 1132 manebat,
1640 1101 1698 1137 lgi-

176 1158 230 1180 tur
250 1159 333 1180 omne
357 1151 418 1187 ejus
434 1156 615 1178 >vmomentum
639 1152 776 1188 temporis
804 1150 889 1179 etiam
921 1151 1052 1186 angustis
1080 1151 1226 1181 limitibus
1254 1153 1398 1181 terminari
1427 1151 1596 1188 oportebat,
1628 1160 1694 1180 cum

180 1203 235 1232 alia
260 1203 379 1238 quadam
412 1201 632 1237 disciplinarum
665 1202 851 1231 successione
880 1202 995 1231 Stoicos
1026 1202 1206 1238 excipiente,
1233 1204 1327 1232 omnis
1360 1211 1476 1239 quoque
1505 1203 1692 1231 Academicae

180 1252 413 1291 oppugnationis
442 1252 488 1280 vis
512 1251 642 1280 occidere
670 1252 827 1282 debuisset.
867 1253 925 1281 Sed
953 1259 1092 1289 praeterea
1121 1255 1262 1289 temporis
1292 1254 1406 1283 brevem
1439 1243 1617 1282 durationem
1648 1255 1696 1282 ha·

179 1305 264 1340 buit,
287 1304 354 1340 quia
378 1304 485 1332 sensim
512 1303 678 1339 sensimque
705 1304 800 1332 omnis
834 1304 1000 1333 Academiae
1021 1304 1164 1332 dubitatio
1189 1313 1240 1340 per
1261 1305 1356 1334 varios
1380 1307 1489 1342 gradus·
1510 1306 1544 1333 ad
1569 1305 1694 1341 Dogma-

175 1357 298 1384 tismum
325 1361 368 1383 est
391 1354 512 1390 relapsa.
553 1354 618 1382 Nec
652 1361 777 1390 unquam
808 1355 1046 1383 Academicorum
1071 1355 1143 1383 ratio
1174 1356 1208 1383 ad
1240 1355 1426 1391 Scepticismi
1456 1355 1604 1391 'fastigium
1632 1357 1697 1384 atti-

174 1407 244 1444 ·git‚
267 1412 299 1435 ut
318 1405 343 1434 si
362 1405 412 1434 vel
427 1404 553 1434 maxime
574 1403 712 1440 vicisset,
744 1412 803 1433 non
825 1405 973 1441 potuisset
1002 1411 1095 1434 tamen
1126 1406 1205 1434 omni
1232 1406 1439 1443 philosophiae
1469 1407 1588 1435 exitium
1610 1414 1695 1444 atque

176 1457 326 1487 interitum
351 1456 458 1485 afferre.
918 1456 926 1461 '
1142 1483 1146 1486 ,

227 1508 338 1537 Contra
364 1505 588 1543 Pyrrhoniorum
626 1504 835 1543 Sceptic‘ismus
858 1503 981 1537 'omnem
1017 1514 1220 1545 quamcunque
1255 1508 1444 1546 dogmaticam
1480 1508 1692 1539 affirmationem

175 1560 329 1594 ·adortus,
360 1557 465 1586 semina
494 1557 660 1586 continebat
697 1557 833 1593 perniciei
872 1559 999 1587 omnium
1029 1559 1246 1595 disciplinarum
1267 1580 1277 1593 ‚
1307 1561 1490 1589 scientiarum
1525 1568 1552 1589 et
1583 1562 1695 1592 artium.

183 1598 392 1647 Scepxicis'mus
415 1616 474 1636 non
497 1614 560 1643 est,
582 1615 614 1636 ut
629 1608 799 1643 Academia,
823 1610 958 1643 paulatim
983 1611 1016 1639 de
1039 1618 1090 1638 sua
1118 1610 1299 1639 dubitatione
1319 1619 1458 1646 aversus,
1489 1613 1538 1640 sed
1562 1621 1696 1649 progres-

175 1669 236 1690 sus
262 1667 290 1689 ct
315 1659 523 1694 confirmatus,
546 1666 573 1687 ct
597 1659 708 1687 tandem
731 1659 961 1688 cumulatissime
982 1659 1139 1696 perfectus.
1191 1659 1254 1690 Nec
1282 1663 1331 1690 uni
1357 1663 1469 1691 cuidam
1497 1661 1698 1700 philosophiae

180 1712 291 1746 aetati,
314 1710 493 1739 successioni
521 1716 570 1739 aut
593 1710 756 1738 conditioni
779 1710 986 1745 Scepticismus
1011 1712 1192 1747 periculosus
1212 1719 1273 1748 est;
1306 1713 1356 1740 sed
1384 1713 1419 1741 ad
1446 1722 1556 1742 omnem
1580 1721 1697 1744 aetatem

180 1769 213 1792 -et
244 1768 368 1796 statum,
399 1769 457 1790 non
481 1761 684 1797 philosophiae
714 1767 824 1789 tantum
843 1782 853 1797 ‚
879 1762 933 1790 sed
963 1764 1091 1791 omnium
1125 1763 1257 1791 similiter
1283 1763 1387 1792 artium
1420 1763 1693 1802 doctrinarumque,

173 1818 283 1850 potest
307 1811 437 1840 traduci:
460 1820 581 1847 quarum
605 1811 732 1839 omnium
754 1812 888 1847 protinus
916 1812 1050 1841 confecta
1074 1820 1149 1842 essct
1174 1813 1351 1849 internecio,
1378 1815 1403 1842 si
1427 1823 1563 1851 umquam
1587 1817 1700 1854 Scepti-

188 1864 298 1893 cismus
327 1863 424 1892 factus
455 1870 530 1891 esset
551 1862 694 1898 superior.
736 1862 942 1898 Scepticismus
966 1863 1059 1899 qualis
1082 1864 1320 1893 ,Academicorum
1349 1865 1424 1900 suit,
1442 1867 1545 1902 potuit
1568 1868 1699 1904 aliquan·

189 1916 227 1943 do
261 1922 293 1941 ex
334 1913 536 1950 philosophiae
567 1913 688 1950 imperio
713 1913 829 1949 penitus
863 1922 1044 1943 evanescere:
1074 1915 1299 1951 Pyrrhoniorum
1326 1919 1482 1946 auctoritas
1515 1918 1698 1955 Scepticismi

190 1972 347 2001 numquam
372 1964 485 1993 videtur
508 1964 538 1994 in
558 1965 744 2001 philosophia
773 1973 862 2001 posse
881 1966 974 1994 emori
1002 1966 1045 1994 vel
1073 1966 1229 2002 exstingui.

230 2016 298 2044 rata
318 2015 500 2052 Scepticismi
527 2023 661 2052 quantam
688 2016 808 2045 habeant
831 2016 1050 2054 discrepantiam
1080 2015 1317 2048 Academicorum
1346 2022 1372 2048 ct
1394 2017 1609 2058 Scepticorum,
1637 2020 1698 2051 sae‘·

980 2068 1015 2097 M
1636 2074 1703 2110 pius
