1913 2417
575 167 904 204 ANDREAE
971 165 1163 200 BONN.
1570 171 1608 200 ιι

131 271 173 306 ad
214 269 261 303 do
290 270 396 307 inam,
429 265 468 299 ad
497 265 571 298 artis
595 265 762 308 peritiam,
794 262 834 295 ad
860 260 1018 294 sermonis
1048 266 1080 292 et
1106 256 1316 290 humanitatis
1340 256 1527 289 suavitatem
1550 254 1605 286 be-

128 342 170 363 ne
199 328 300 360 multa
337 325 429 369 quasi
462 325 495 355 in
524 323 622 354 tritici
659 331 809 353 acervum
841 318 1000 361 congessit
1028 316 1266 359 amicitiasque,
1289 313 1388 346 officii
1418 313 1542 357 plenas,
1564 312 1604 343 ad

131 396 227 420 usum
258 383 463 428 prolixiorem
493 377 737 422 conglutinavit.

169 445 244 474 Post
266 446 413 472 exactum
439 437 503 469 fere
529 437 628 468 totius
655 435 733 466 anni
751 433 891 478 spatium
920 431 955 462 in
983 430 1118 462 Patriam
1146 428 1267 468 redux,
1294 438 1419 459 summa
1448 437 1511 470 qua
1539 432 1605 457 erat

130 498 309 533 industria,
334 504 509 529 Romulus
529 493 589 524 arti
611 492 751 523 medicae
776 499 905 534 operam
928 497 1058 519 omnem
1089 486 1238 523 navavit,
1264 484 1428 527 multique
1452 494 1526 514 cum
1549 494 1604 513 au-

128 557 242 589 xilium
267 555 337 597 ejus
361 559 523 597 peterent,
546 549 749 594 prudentiam
773 556 903 579 omnem
936 543 975 575 ad
1006 543 1168 574 meliorem
1198 542 1273 572 artis
1300 540 1436 572 formam
1464 541 1544 583 quin
1576 545 1608 570 et

131 612 389 645 benevolentiam
414 610 454 641 ad
487 614 632 650 aegrotos
660 615 814 649 pauperes
843 602 983 645 benigne
1012 601 1053 631 ita
1084 598 1239 636 contulit,
1273 604 1308 628 ut
1328 597 1455 630 civibus
1485 600 1608 627 Amste·

131 667 387 702 laedamensibus
407 665 589 703 adamatus,
613 662 768 705 singulari
792 671 850 692 sua
878 658 1078 690 humanitate
1107 655 1389 699 prosperrimoque
1413 653 1519 696 operis
1535 662 1608 682 suc·

128 738 239 763 cessu,
273 734 403 757 omnem
432 724 467 754 iu
501 727 622 766 partem
653 729 719 750 sese
749 715 1032 749 commendaverit.
1078 714 1178 743 Tanta
1206 709 1347 754 profecto
1367 709 1428 741 fuit
1455 709 1532 740 haee
1558 719 1609 740 sa·

132 783 270 828 pientiae
295 781 399 819 fama,
422 786 460 811 ut
484 781 511 811 si
535 777 586 810 vel
613 776 689 808 artis
715 781 885 819 apparatus
918 778 973 803 aut
1000 771 1212 802 instrumenta
1245 768 1279 799 in
1311 767 1526 810 aegrotatione
1555 771 1610 795 aut

131 839 322 873 vulneribus
355 834 606 870 administranda
633 833 762 870 forent,
795 832 892 863 etiam
917 831 978 873 ipsi
1008 828 1084 866 illi,
1116 827 1173 869 qui
1207 835 1269 856 usu
1303 824 1396 867 periti
1424 829 1515 854 erant
1542 821 1612 853 chi-

132 898 245 941 rurgi,
282 896 322 928 ad
347 906 444 936 eum,
475 901 629 936 tanquam
659 889 819 921 matorum
855 885 1115 930 impendentium
1140 892 1277 926 gnarum
1305 887 1337 912 et
1366 879 1555 924 prudentem
1578 885 1611 910 et

129 955 213 986 vitae
240 959 522 989 conservatorem,
546 947 773 991 confugerent.
819 945 976 985 Quamvis
1008 943 1095 974 enim
1122 948 1369 973 FOLKERTUS
1397 946 1608 973 summus,

129 1012 181 1043 vir
219 1011 413 1042 clarissimus
448 1008 610 1050 hujusque
644 1004 800 1037 Athenaei
832 1002 1020 1039 Professor,
1063 998 1139 1030 artis
1177 1006 1252 1027 suae
1283 1001 1315 1026 et
1347 994 1495 1025 scientiae
1528 992 1611 1023 cele-

131 1067 246 1100 britate
277 1074 358 1097 esset
391 1065 547 1106 insignis,
579 1062 631 1093 illa
660 1068 765 1092 tamen
793 1066 860 1091 erat
888 1065 1070 1101 temporum
1105 1055 1241 1085 istorum
1273 1050 1458 1088 infelicitas,
1491 1056 1526 1081 ut
1553 1049 1611 1092 qui

133 1124 266 1157 barbam
291 1122 341 1153 vel
364 1121 495 1164 capillus
526 1118 717 1155 tondebant,
749 1115 901 1158 nullaque
927 1114 1004 1145 artis
1036 1110 1168 1142 scientia
1195 1114 1250 1140 aut
1274 1106 1448 1139 verborum
1476 1107 1529 1138 vix
1555 1105 1611 1136 ali-

133 1191 198 1224 qua
233 1180 347 1211 notitia
382 1176 548 1215 instructi,
580 1173 804 1216 Aesculapium
837 1171 924 1202 adire
959 1167 1134 1211 templique
1165 1165 1235 1207 ejus
1274 1164 1465 1195 sanctissimi
1498 1162 1610 1193 limina

132 1237 282 1269 audacter
305 1244 461 1277 occupare
489 1231 661 1264 studerent.
708 1237 864 1260 BONNIO
887 1232 1000 1257 nostro
1025 1230 1130 1255 autem
1154 1221 1224 1253 dies
1244 1220 1339 1264 longe
1358 1219 1479 1251 felicior
1502 1229 1614 1249 omen·

132 1304 196 1338 que
219 1292 354 1324 faustius
378 1290 504 1333 obtigit.
551 1288 637 1320 Cum
660 1286 748 1318 enim
776 1292 987 1321 smppxns,
1009 1281 1060 1312 vir
1086 1278 1285 1324 praeclarus,
1317 1287 1404 1308 anno
1436 1275 1614 1307 millesimo

134 1349 418 1393 septingentesimo
443 1353 474 1378 et
498 1344 731 1389 septuagesimo
750 1341 875 1385 primo,
899 1339 986 1371 diem
1012 1347 1110 1369 suum
1133 1334 1280 1374 obiisset,
1304 1333 1461 1366 Consules
1486 1334 1612 1365 Amste.

133 1407 348 1439 laedamenses
374 1404 534 1446 Lyceique
559 1401 661 1433 nostri
694 1400 865 1430 Curatores
884 1420 894 1437 ,
928 1396 997 1429 Viri
1021 1393 1222 1438 gravissimi,
1256 1390 1467 1435 provinciam*
1491 1390 1613 1421 Anato-

134 1462 476 1503 mico—Chirurgicam
511 1458 659 1490 lubenter
690 1455 731 1488 ad
760 1464 953 1486 somnum
991 1450 1203 1488 detulerunt,
1240 1448 1298 1491 qui
1328 1449 1395 1491 ipse
1428 1444 1543 1477 lubens
1572 1455 1612 1475 ex

135 1519 280 1551 inferiori
314 1517 466 1550 subsellio
499 1516 539 1548 ad
575 1513 702 1546 curules
737 1511 896 1543 facultatis
939 1508 1080 1541 medicae
1111 1507 1253 1538 honores
1287 1502 1423 1547 provehi
1450 1512 1517 1533 sese
1541 1510 1612 1543 pas-

134 1586 190 1608 sus
215 1582 271 1607 est.

182 1633 289 1674 Atque
322 1631 417 1661 etiam
448 1638 570 1660 munus
604 1626 667 1657 hoc
696 1624 894 1669 praeclarum
926 1621 1057 1666 optimis
1081 1619 1184 1652 initiis
1212 1616 1301 1649 haud
1332 1616 1444 1648 caruit.
1502 1613 1615 1645 Oratio

139 1686 336 1730 inauguralis
361 1685 402 1716 de
428 1684 636 1727 Simplicitate
657 1690 813 1720 naturae,
838 1681 1098 1712 anatomicorum
1127 1675 1364 1711 admiratione,
1396 1672 1616 1714 chirurgorum

139 1745 318 1777 imitatione
342 1742 540 1785 dignissima,
563 1748 594 1773 et
626 1742 731 1772 virum
757 1740 863 1782 ipsum
890 1743 922 1768 et
950 1742 1050 1768 artem
1076 1734 1196 1765 mirum
1225 1733 1260 1764 in
1284 1730 1418 1763 modum
1448 1737 1614 1760 commen-

139 1801 238 1833 davit.
285 1801 321 1831 ln
352 1799 404 1830 illa
430 1799 538 1837 enim,
563 1808 645 1841 quae
668 1803 704 1828 ut
730 1796 764 1827 in
791 1795 881 1826 omni
908 1799 1038 1831 natura,
1071 1791 1115 1823 ita
1143 1790 1281 1821 maxime
1315 1789 1350 1819 iu
1384 1789 1525 1829 Corpore
1553 1784 1615 1815 hu·

140 1867 236 1888 mano
261 1856 383 1898 elucet,
406 1855 567 1898 aptissima
593 1854 730 1897 partium
755 1859 943 1883 cunctarum
967 1856 999 1881 et
1024 1847 1258 1892 simplicissima
1285 1843 1495 1887 compositiO,
1519 1850 1616 1884 quae·

143 1924 206 1955 que
234 1913 265 1942 in
292 1914 363 1943 viro
392 1913 461 1956 ipso
484 1918 550 1943 erat
573 1911 780 1954 gravissima,
804 1908 958 1939 modestia
982 1913 1013 1937 et
1040 1904 1238 1941 moderatio,
1263 1901 1352 1934 velut
1378 1909 1467 1930 rosae
1487 1899 1519 1928 in
1541 1896 1616 1927 hor·

145 1972 185 2000 tis
221 1979 398 2012 purpureae
421 1970 630 2000 emicuerunt.
677 1966 773 2007 Quod
803 1966 837 1996 in
868 1971 934 1996 arte
967 1969 1059 1994 antea
1088 1961 1207 1994 humile
1239 1965 1271 1991 et
1305 1957 1464 1999 abjectum
1497 1952 1615 1989 suerat,

991 2021 1014 2050 B
1038 2030 1056 2051 2
1578 2007 1617 2038 ad
